1784 3205
292 219 376 258 454
724 233 758 261 s.
795 234 1027 265 Auens-nm
1058 239 1240 268 13121500121

290 296 418 353 gratis
432 294 562 340 datur
582 318 593 353 3
614 308 827 357 quantum
848 310 991 344 autem
1011 302 1063 346 ad
1082 319 1170 348 non
1186 305 1470 365 baptizatum,
1490 311 1551 355 ira
1569 314 1672 370 Dei,

289 383 389 426 quae
414 368 522 411 vasis
548 367 672 413 factis
693 370 734 413 in
761 372 1067 417 coutumeliam
1095 391 1172 434 pro
1195 377 1323 436 ipsius
1344 395 1491 425 massae
1512 384 1674 429 meritis

292 437 520 481 redditur?
548 438 629 482 Sed
654 440 695 483 in
721 441 796 485 illo
822 442 895 501 qui
923 443 1162 502 baptizatus
1183 457 1245 491 est
1263 484 1272 502 ‚
1300 452 1475 508 gratiam
1502 455 1575 496 Dei
1598 471 1673 500 vos

285 508 481 551 confiteri
513 509 732 567 cogimus,
769 521 810 555 et
847 515 1046 557 meritum
1082 517 1173 575 ejus
1208 518 1378 563 nullum
1411 525 1673 579 praecessisse

285 578 582 622 convincimus
607 598 615 623 :
638 579 693 624 de
715 581 790 625 illo
812 592 955 627 autem
981 586 1071 629 sine
1099 587 1353 646 baptismate
1377 603 1566 647 mortuo,
1593 610 1671 638 cur

286 648 323 690 ei
347 647 536 691 defuerit
560 662 895 709 sacramentum,
924 656 1043 715 quod
1073 666 1115 700 et
1142 673 1216 702 vos
1241 658 1435 705 fatemini
1468 665 1671 709 omnibus

282 719 483 762 aetatibus
521 723 836 778 necessarium⁷
873 734 916 768 et
951 725 1058 786 quid
1093 728 1174 772 isto
1212 729 1342 775 modo
1374 733 1417 775 in
1453 748 1504 777 eo
1538 733 1669 780 fuerit

282 788 579 846 vindicatum,
611 806 687 836 vos
714 793 904 839 videritis
925 830 935 850 ‚
966 797 1042 856 qui
1069 812 1158 842 non
1187 800 1317 844 vultis
1343 817 1432 846 esse
1464 805 1670 864 originale

282 857 505 903 delictum.

337 931 435 972 XV.
467 930 601 974 Nobis
626 932 669 974 in
697 931 869 978 duobus
894 935 981 979 istis
1006 938 1185 995 geminis
1206 955 1338 984 unam
1360 944 1511 1002 procul
1533 945 1670 991 dubio

281 1000 480 1043 habentis
506 1017 677 1046 eausam
698 1037 709 1057 ‚
737 1005 1038 1051 difficultatem
1069 1011 1316 1068 quaestionis
1339 1028 1416 1057 cur
1444 1014 1553 1059 alius
1578 1017 1664 1072 sic,

277 1069 386 1112 alius
406 1085 508 1113 vero
529 1072 587 1114 sic
607 1082 802 1118 mortuus
818 1086 896 1131 est,
916 1077 1036 1122 velut
1054 1096 1143 1123 non
1159 1080 1367 1128 solvendo
1384 1084 1512 1129 solvit
1528 1090 1668 1146 Apos-

274 1138 421 1182 tolus:
447 1142 520 1198 qui
553 1156 652 1184 cum
681 1154 724 1186 et
758 1145 847 1203 ipse
878 1147 932 1190 de
965 1149 1136 1193 duobus
1169 1153 1350 1208 geminis
1383 1155 1468 1199 tale
1499 1157 1665 1217 aliquid

274 1210 594 1268 proposuisset,
626 1222 801 1270 propter
828 1217 947 1274 quod
977 1233 1064 1261 non
1090 1235 1139 1262 ex
1164 1223 1367 1280 operibus
1387 1259 1397 1278 ,
1426 1227 1528 1284 quia
1555 1243 1665 1271 non-

275 1280 381 1323 dum
404 1282 569 1337 operati
592 1280 764 1327 fuerant
784 1285 948 1345 aliquid
972 1288 1075 1332 boni
1096 1290 1164 1334 vel
1186 1292 1303 1346 mali,
1324 1294 1396 1337 sed
1415 1310 1466 1338 ex
1483 1307 1665 1341 vocante

276 1350 442 1394 dietum
466 1361 529 1395 est
555 1371 562 1396 :
594 1371 613 1394 «
639 1356 778 1414 Major
800 1359 955 1401 serviet
978 1361 1134 1404 minori
1160 1364 1171 1386 ¹
1202 1382 1210 1407 :
1239 1380 1258 1403 »
1285 1373 1327 1407 et
1350 1383 1358 1409 z
1390 1384 1408 1407 «
1439 1368 1575 1412 Jacob
1597 1369 1666 1413 di-

274 1419 373 1476 lexi,
393 1423 506 1465 Esau
523 1433 666 1468 autem
687 1426 787 1470 odio
804 1428 936 1471 habui
955 1448 963 1474 :
987 1449 1006 1471 »
1029 1440 1071 1475 et
1089 1432 1217 1492 hujus
1235 1433 1544 1492 profunditatis
1562 1440 1666 1484 hor-

276 1507 419 1536 rorem
440 1509 579 1553 usque
597 1496 648 1539 ad
670 1497 752 1541 hoe
770 1499 1036 1556 perduxisset
1052 1499 1132 1556 ,ut
1152 1502 1315 1549 diceret
1338 1525 1346 1551 z
1370 1525 1389 1548 «
1410 1510 1526 1567 Ergo
1543 1512 1667 1570 cujus

276 1576 298 1602 5)
326 1563 420 1606 vult
443 1564 684 1619 miseretur,
705 1576 745 1609 et
762 1584 892 1627 quern
917 1571 1011 1614 vult
1033 1572 1222 1618 obdurat
1244 1578 1261 1601 ²
1286 1594 1294 1620 ς
1324 1594 1343 1617 »
1369 1579 1500 1623 sensit
1521 1582 1664 1625 conti-

275 1646 365 1675 nuo
397 1632 502 1690 quid
540 1645 760 1691 moveret,
795 1648 838 1681 et
868 1639 948 1683 sibi
980 1642 1112 1685 verba
1154 1646 1520 1704 contradicentis,
1564 1667 1664 1711 quae

272 1702 521 1760 Apostolica
560 1706 815 1750 auctoritate
852 1713 1070 1754 coerceret
1089 1746 1100 1766 ‚
1141 1716 1358 1772 opposuit.
1399 1718 1470 1763 Ait
1506 1721 1621 1764 enim
1649 1740 1659 1766 ε

276 1792 290 1812 α
317 1773 427 1816 Dicis
449 1773 597 1833 itaque
627 1776 732 1818 mihi
755 1778 861 1837 quid
887 1779 1030 1824 adhuc
1056 1785 1365 1843 conqueritur?
1387 1803 1486 1831 nam
1509 1790 1660 1835 volun·

273 1859 293 1882 »
318 1844 391 1886 tati
410 1844 502 1902 ejus
519 1845 614 1904 quis
631 1847 1156 1911 resistitPResponditque
1171 1854 1249 1898 ista
1265 1857 1425 1902 dicenti
1446 1877 1454 1903 ;
1475 1861 1511 1903 Ο
1526 1861 1659 1905 homo

273 1922 361 1956 »tu
389 1915 485 1972 quis
512 1929 555 1958 es
580 1917 654 1975 qui
679 1919 937 1976 respondeas
966 1924 1086 1966 Deo?
1105 1926 1331 1985 Numquid
1354 1927 1458 1972 dicit
1477 1929 1661 1989 figmen-

273 2001 293 2023 »
316 1992 409 2026 tum
432 1984 469 2027 ei
490 1986 566 2044 qui
589 2002 633 2030 se
654 1987 779 2031 finxit
799 1992 967 2042 :Quare
987 1992 1045 2036 sie
1068 2008 1136 2036 me
1156 1991 1393 2041 fecisti‘eAn
1414 2014 1503 2043 non
1526 2001 1657 2046 habet

270 2069 290 2093 »
311 2063 565 2111 potestatem
590 2057 748 2116 figulus
766 2059 845 2103 luti
867 2076 917 2105 ex
942 2062 1094 2107 eadem
1112 2080 1245 2110 massa
1266 2065 1406 2112 facere
1420 2069 1538 2115 aliud
1554 2073 1656 2131 qui-

268 2140 289 2163 »
311 2122 410 2167 dem
432 2140 504 2169 vas
526 2127 570 2170 in
592 2128 820 2182 honorem,
847 2131 965 2176 aliud
988 2134 1032 2177 in
1060 2137 1421 2184 contumeliamss?
1445 2159 1464 2182 »
1490 2142 1656 2188 Deinde

265 2202 464 2249 secutus,
498 2204 585 2239 tam
612 2212 911 2260 magnumque
943 2213 1173 2259 secretum,
1210 2217 1423 2266 quantum
1454 2213 1654 2270 aperien-

265 2265 370 2307 dum
394 2280 482 2308 osse
507 2267 755 2312 hominibus
770 2270 998 2329 judicavit,
1023 2276 1192 2333 aperuit
1212 2276 1384 2324 dicens:
1403 2298 1424 2323 «
1447 2281 1490 2326 Si
1506 2291 1653 2328 autem

267 2351 287 2374 »
308 2334 458 2386 volens
483 2339 596 2381 Deus
622 2339 848 2384 ostendere
871 2342 997 2397 iram,
1023 2353 1066 2388 et
1088 2346 1384 2394 demonstrare
1412 2353 1649 2410 potentiam

267 2421 288 2443 »
310 2420 446 2459 suam,
472 2408 616 2452 attulit
644 2409 689 2453 in
719 2411 855 2456 multa
883 2415 1090 2472 patientia
1119 2432 1216 2461 vasa
1242 2418 1317 2462 irae
1339 2437 1438 2481 quae
1460 2423 1648 2482 perfecta

266 2491 287 2515 »
307 2485 408 2519 sunt
428 2476 473 2519 in
498 2478 786 2536 perditionem
802 2517 813 2538 ‚
840 2492 883 2527 et
905 2493 955 2528 ut
977 2495 1100 2530 notas
1121 2487 1283 2534 faceret
1307 2490 1478 2538 divitias
1499 2494 1647 2554 gloriae

311 2566 318 2580 ¹
344 2562 434 2592 Rom.
458 2572 504 2603 ix,
528 2574 578 2595 11.
599 2580 636 2586 -
650 2570 663 2586 ²
684 2563 764 2597 lbid.
789 2566 904 2610 ι8.ξ-
921 2566 935 2591 3
953 2568 1034 2602 lbid.
1057 2578 1095 2609 19
1116 2576 1148 2603 et
1163 2582 1251 2615 seqq.
