1804 3205
305 241 466 270 CONTRA
503 241 606 273 uiAs
640 245 769 272 Epis'r.
805 243 1031 275 PELAGMN.
1071 249 1149 274 riu.
1189 251 1216 275 1.
1370 239 1453 280 419

78 322 99 346 υ
123 305 256 363 cati¹3
279 323 299 348 »
323 307 406 351 hoc
429 308 543 352 enim
567 317 609 354 et
638 309 706 354 hic
733 310 866 364 dixit,
893 319 942 356 ut
961 321 1165 371 appareat
1188 324 1412 371 peccatum
1441 336 1449 363 :

72 375 253 420 utillud
275 378 396 437 quod
418 378 608 435 dixerat,
637 398 657 422 «
688 381 789 425 Sine
817 381 912 440 lege
940 382 1056 427 enim
1084 393 1309 441 peccatum
1338 401 1453 430 mor-

75 464 96 488 »
128 455 252 491 tuum
287 457 351 492 est
365 451 411 506 '²3
436 466 456 489 »
488 465 577 494 non
613 450 906 510 intelligamus
938 453 1019 498 nisi
1048 461 1256 513 tanquam
1286 470 1372 500 non
1402 457 1455 501 sit

69 516 197 573 latet,
224 534 312 564 non
330 531 532 580 apparet,
553 522 724 581 penitus
746 523 992 583 ignoratur,
1016 533 1225 584 tanquam
1244 525 1287 570 in
1313 528 1455 572 nescio

68 589 231 648 quibus
263 591 517 649 ignorantiae
552 594 739 638 tenebris
771 594 824 639 sit
856 594 1093 654 sepultum.
1131 598 1185 640 Et
1219 596 1339 655 quod
1368 599 1454 654 ait,

73 678 94 703 «
118 663 211 719 Ego
234 671 379 706 autem
406 664 602 708 vivebam
627 665 862 726 aliquando
890 667 981 711 sine
1001 666 1125 725 lege³
1152 686 1160 711 :
1196 686 1214 708 υ
1238 668 1344 727 quid
1367 668 1453 723 ait,

66 731 163 786 nisi,
183 732 327 777 vivere
342 734 446 777 milii
465 734 674 780 videbar?
693 739 748 780 Et
765 737 884 796 quod
901 737 1118 797 adjunxit,
1143 757 1162 779 «
1185 738 1456 783 Adveniente

71 822 89 843 ι»
116 812 263 847 autem
299 805 504 850 mandato
538 816 762 864 peccatum
795 809 1004 854 revixit⁴z
1036 827 1054 851 υ
1086 807 1194 867 quid
1217 818 1285 852 est
1308 809 1451 863 aliud,

65 888 196 932 quam
235 875 419 919 eminuit
450 885 493 920 et
524 878 749 936 apparuit?
777 881 865 923 Nec
894 888 1039 923 tamen
1077 880 1156 933 ait,
1190 880 1323 923 vixit:
1357 880 1453 934 sed,

66 945 233 989 revixit.
263 946 433 991 Vixerat
456 948 571 991 enim
594 948 831 1008 aliquando
854 950 896 994 in
916 950 1137 1008 paradiso,
1160 950 1338 1008 quando
1357 965 1458 993 con-

63 1023 127 1060 tra
163 1015 315 1061 datum
345 1027 612 1077 praeceptum
643 1020 742 1063 satis
779 1019 1017 1078 apparebat
1047 1020 1283 1062 admissum
1317 1039 1324 1064 :
1357 1034 1457 1064 cum

61 1096 208 1132 autem
224 1105 246 1132 a
266 1090 542 1134 nascentibus
561 1091 767 1143 trahitur,
790 1098 994 1149 tanquam
1015 1100 1236 1134 mortuum
1256 1092 1309 1135 sit
1326 1091 1455 1147 latet,

61 1157 200 1204 donec
219 1175 465 1219 repugnans
486 1160 665 1220 justitiae
681 1159 845 1205 malum
868 1162 961 1220 ejus
980 1161 1273 1219 prohibitione
1294 1163 1455 1206 sentia-

61 1238 133 1273 tur
149 1265 160 1284 ,
180 1245 281 1274 cum
302 1230 419 1275 aliud
439 1232 622 1290 jubetur
644 1240 775 1290 atque
802 1231 1092 1290 approbatur,
1121 1231 1239 1276 aliud
1268 1232 1456 1277 delectat

59 1309 191 1359 atque
204 1301 453 1346 dominatur
473 1322 481 1346 z
501 1312 607 1347 tunc
628 1312 852 1361 peecatum
874 1302 1064 1362 quodam
1084 1302 1216 1347 modo
1235 1304 1279 1346 in
1303 1305 1454 1348 notitia

58 1372 148 1415 nati
167 1372 351 1416 hominis
366 1372 601 1428 reviviscit,
619 1372 739 1432 quod
756 1374 799 1416 in
815 1373 965 1418 notitia
981 1373 1170 1432 primum
1189 1371 1288 1418 facti
1310 1375 1452 1419 homi-

58 1442 123 1486 nis
141 1441 378 1502 aliquando
393 1444 481 1502 jam
502 1444 679 1487 vixerat.

116 1515 258 1556 XVII.
297 1514 379 1558 Sed
397 1513 516 1573 quod
534 1515 750 1573 sequitur,
779 1529 864 1556 non
882 1513 940 1556 ita
960 1512 1214 1570 expeditum
1232 1521 1295 1556 est
1311 1547 1322 1567 ,
1343 1529 1451 1573 quo-

56 1583 189 1629 modo
220 1584 276 1628 de
303 1584 438 1630 Paulo
462 1585 595 1644 possit
623 1583 823 1643 intelligi.
863 1603 882 1625 «
908 1584 1073 1628 Scimus
1106 1584 1248 1638 enim,
1280 1585 1444 1644 inquit,

58 1673 80 1698 »
105 1656 209 1715 quia
239 1655 306 1699 lex
327 1656 527 1715 spiritalis
549 1664 639 1710 est,
675 1670 754 1713 ego
784 1663 930 1698 autem
960 1653 1142 1698 carnalis
1164 1669 1275 1697 sum.
1306 1673 1324 1696 »
1351 1657 1447 1700 Non

55 1726 137 1778 ait,
160 1725 227 1770 fui
247 1745 256 1770 :
282 1726 357 1770 sed
373 1761 384 1781 ,
410 1728 548 1770 sum5.
574 1725 802 1785 Numquid
820 1739 920 1782 crgo
944 1723 1205 1782 Apostolus,
1231 1739 1332 1767 cum
1352 1725 1446 1770 haec

55 1797 284 1850 scriberet,
316 1795 498 1840 carnalis
526 1795 635 1839 fuit?
657 1798 725 1839 An
745 1794 988 1839 secundum
1011 1809 1168 1853 eorpus
1192 1794 1275 1838 hoc
1307 1794 1447 1839 dicit?

55 1866 216 1913 Adhuc
233 1868 461 1927 enim2erat
480 1866 526 1910 in
543 1881 724 1924 corpore
745 1865 895 1909 mortis
914 1865 1069 1924 hujus⁰
1082 1899 1093 1919 ,
1113 1864 1310 1908 nondum
1331 1864 1445 1910 facto

55 1938 176 1998 quod
213 1939 315 1984 alibi
345 1939 478 1992 dicit,
515 1957 534 1979 «
574 1936 820 1981 Seminatur
856 1950 1012 1993 corpus
1043 1934 1259 1990 animale,
1297 1945 1441 1994 surget

58 2028 79 2052 »
103 2025 261 2070 corpus
290 2009 521 2070 spiritale⁷.
550 2027 570 2049 »
604 2011 726 2052 Tunc
747 2007 865 2051 enim
897 2022 946 2050 ex
969 2015 1062 2050 toto
1090 2021 1158 2060 se,
1186 2005 1231 2049 id
1266 2015 1355 2062 est,
1390 2023 1442 2052 ex

54 2090 241 2141 utraque
263 2090 385 2140 parte
411 2096 498 2140 qua
519 2087 710 2133 constat,
748 2076 947 2137 spiritalis
970 2077 1101 2121 homo
1133 2077 1237 2131 erit,
1262 2078 1441 2137 quando

53 2151 244 2212 spiritale
265 2152 394 2196 etiam
412 2166 568 2210 corpus
591 2150 686 2194 erit.
708 2151 859 2209 Neque
881 2148 998 2192 enim
1020 2148 1259 2192 absurdum
1281 2158 1345 2193 est
1361 2184 1372 2204 ,
1394 2159 1441 2194 ut

52 2223 108 2268 sit
131 2224 176 2267 in
198 2222 271 2268 illa
292 2223 379 2268 vita
412 2223 542 2267 etiam
565 2236 665 2266 caro
687 2219 911 2280 spiritalis,
936 2220 970 2263 si
992 2219 1134 2277 potuit
1164 2233 1254 2262 esse
1286 2218 1330 2262 in
1359 2219 1440 2264 hac

52 2295 155 2349 vita,
179 2295 226 2339 in
238 2295 304 2340 his
319 2295 393 2354 qui
408 2294 552 2338 adhuc
569 2292 757 2338 carnalia
776 2291 975 2349 sapiunt,
1000 2290 1129 2333 etiam
1152 2288 1325 2345 spiritus
1347 2290 1439 2349 ipse

50 2364 249 2410 carnalis.
273 2365 341 2410 Sic
357 2379 460 2423 ergo
474 2363 574 2408 ideo
588 2362 694 2407 dixit
713 2380 720 2406 :
752 2380 772 2403 «
793 2363 887 2419 Ego
902 2367 1045 2404 autem
1065 2356 1247 2402 carnalis
1265 2373 1359 2403 sum
1378 2376 1389 2403 .·
1414 2378 1434 2401 »

51 2436 155 2496 quia
188 2433 386 2481 nondum
414 2433 605 2494 spiritale
637 2446 794 2491 corpus
815 2429 1005 2475 habebat
1033 2426 1282 2488 Apostolus.
1318 2429 1438 2475 Sicut

100 2545 110 2561 ¹
131 2540 224 2572 Rom.
243 2548 293 2580 111,
315 2547 420 2572 20.—
435 2545 448 2561 ²
463 2538 509 2571 Id.
529 2548 587 2578 vn,
606 2535 661 2569 23.
676 2551 717 2559 —-
733 2532 746 2558 ³
764 2533 846 2568 Ibid.
866 2533 899 2567 8.
912 2550 953 2558 —
966 2531 982 2563 4
1000 2532 1082 2566 Ibid.
1100 2543 1134 2575 9.
1150 2547 1188 2555 —-
1200 2530 1215 2555 5
1232 2531 1313 2564 Ibid.
1338 2530 1434 2573 14.-

53 2591 69 2617 ⁶
87 2593 168 2627 lbid.
187 2593 244 2637 24.
257 2600 320 2627 —7
342 2605 355 2627 1
376 2595 447 2628 Cor.
466 2603 520 2634 xv,
548 2591 603 2634 44.
1157 2640 1209 2681 27
