1804 3205
269 242 322 268 m:
356 242 525 268 nur'rus
559 241 610 267 m·
641 239 1009 277 concumscmwu,
1046 240 1126 266 Lm.
1165 241 1211 266 ιῐ.
1351 231 1428 268 251

50 310 168 353 Deus
197 306 300 352 fecit
332 326 342 352 ;
366 306 441 351 sed
463 306 583 366 quod
606 305 830 351 fatendum
852 316 941 360 est,
968 306 1106 365 gravis
1127 320 1246 349 error
1268 306 1433 351 infecit.
1480 307 1483 310 ’

50 377 167 432 Quid
186 378 302 423 enim
326 387 466 437 potest
483 377 706 436 profanius
728 376 830 431 dici,
855 391 987 438 quam
1009 375 1129 436 quod
1160 379 1272 420 Deus
1295 377 1437 421 homi-

46 463 146 493 nem
182 457 257 493 aut
286 463 376 492 non
411 447 588 502 fecerit,
625 457 700 492 aut
733 458 780 491 ut
813 448 918 492 dicis
945 446 1122 494 diabolo
1157 445 1322 501 fecerit,
1363 456 1439 490 aut

45 527 160 563 certe
181 518 382 564 diabolus
405 519 480 562 Dei
501 519 554 563 sit
577 519 826 577 imaginem,
854 519 935 563 hoc
956 527 1035 573 est,
1061 517 1283 562 hominem
1306 516 1438 562 fabri-

44 597 189 647 catus;
219 588 338 649 quod
370 604 458 633 non
488 589 629 633 minus
659 588 842 633 stultum
867 589 1136 648 dignoscitur
1165 603 1271 642 esse,
1305 603 1438 648 quam

46 661 257 720 impium?
279 663 395 720 Ergo
419 671 503 705 tam
529 662 670 720 inops,
696 662 855 721 inquit,
878 670 962 705 tam
985 658 1304 705 inverecundus
1328 663 1440 704 Deus

45 741 109 776 cst
130 766 140 787 ,
168 740 214 775 ut
235 747 324 776 non
346 732 549 776 habuerit
570 767 580 787 ‚
606 732 726 792 quod
752 733 794 775 in
820 731 1048 791 praemium
1070 731 1225 775 sanctis
1249 731 1439 776 homini-

47 802 129 847 bus
154 801 303 858 daret,
332 803 410 847 nisi
444 803 562 863 quod
599 803 791 862 deceptis
826 801 1026 847 diabolus
1056 801 1220 847 infudit
1244 802 1289 846 in
1317 802 1441 846 vitio?

46 872 121 916 Vis
150 882 298 916 autem
323 873 447 928 scire,
475 873 597 932 quod
620 873 749 916 ctiam
780 873 824 916 in
855 873 919 917 his
947 874 1021 932 qui
1045 872 1181 917 sancti
1205 887 1295 916 non
1321 881 1439 926 sunt,

45 943 158 988 hanc
189 945 516 1003 generationum
552 944 793 1003 potentiam
825 947 937 988 Deus
969 944 1170 987 tribuisse
1201 943 1442 1002 probetur?

45 1017 111 1059 Eo
138 1015 270 1074 igitur
298 1025 492 1075 tempore
520 1030 620 1059 cuni
651 1015 872 1060 Abraham
900 1024 1021 1059 metu
1051 1015 1275 1074 perculsus
1305 1014 1444 1073 gentis

46 1087 243 1131 barbarae
262 1090 291 1142 ¹,
315 1090 460 1132 Saram
485 1103 584 1147 quae
608 1102 714 1131 uxor
735 1097 843 1141 erat,
869 1101 1059 1131 sororem
1083 1101 1205 1130 suam
1225 1086 1349 1140 dixit,
1374 1102 1442 1130 re-

46 1157 184 1203 fertur
212 1158 468 1204 Abimeleeh
498 1174 568 1202 rex
595 1157 710 1202 illius
747 1158 981 1218 provinciae
1006 1158 1237 1202 abduxisse
1274 1173 1368 1201 eam
1398 1157 1442 1200 in

46 1230 184 1274 noctis
205 1245 347 1273 usum.
374 1229 456 1274 Sed
478 1232 590 1274 Deus
609 1230 678 1273 cui
696 1246 813 1274 curae
836 1239 926 1274 erat
949 1230 1089 1273 honor
1108 1236 1269 1273 sanctae
1292 1227 1444 1271 mulie-

44 1300 119 1355 ris,
158 1300 202 1344 in
233 1301 393 1344 somnis
424 1299 679 1345 Abimelcch
709 1301 884 1345 veniens
911 1301 1071 1359 regiam
1109 1298 1291 1344 frenavit
1312 1298 1444 1343 auda-

45 1372 180 1426 ciam,
212 1371 502 1415 comminatus
526 1371 749 1416 interitum
770 1407 780 1426 ,
816 1373 849 1415 si
880 1380 1075 1430 pergeret
1099 1370 1260 1415 violare
1284 1372 1444 1430 eonju-

47 1442 181 1501 gium.
212 1444 334 1486 Tunc
355 1441 609 1486 Abimelech
633 1443 690 1486 ait
717 1462 726 1486 ε
750 1442 974 1501 Numquid
995 1477 1005 1496 ,
1033 1442 1243 1496 Domine,
1271 1451 1443 1500 gentem

46 1514 317 1572 ignorantem
341 1524 383 1557 et
400 1515 561 1573 justam
586 1513 769 1573 perdes?
791 1516 947 1559 Nonne
969 1514 1048 1573 ipsi
1067 1512 1272 1557 dixerunt
1289 1527 1332 1556 se
1350 1528 1445 1571 ger—

45 1585 254 1629 manitate
284 1586 576 1645 conjunctos?
604 1586 796 1630 Surrexit
819 1601 922 1644 ergo
951 1601 1079 1629 mane
1103 1584 1375 1639 Abimelech,
1403 1593 1445 1628 et

47 1657 212 1715 accepit
241 1655 359 1700 mille
392 1655 669 1701 didrachmas
702 1657 885 1715 argenti,
911 1666 955 1700 et
981 1671 1100 1711 oves,
1127 1666 1169 1700 et
1198 1655 1375 1710 vitulos,
1403 1665 1445 1699 et

45 1741 203 1785 pueros
221 1761 232 1781 ,
259 1735 301 1770 et
324 1726 501 1771 ancillas
527 1762 538 1782 ,
575 1736 619 1770 et
641 1727 762 1771 dedit
786 1727 974 1776 Abrahae
990 1761 1001 1781 ,
1027 1736 1157 1785 atque
1181 1743 1203 1770 a
1229 1741 1272 1770 se
1295 1725 1445 1770 mulie·

46 1813 138 1841 rem
166 1798 329 1842 remisit
355 1798 580 1842 intactam.
617 1797 769 1842 Oravit
797 1813 901 1841 vero
936 1801 1074 1840 Deum
1110 1796 1331 1841 Abraham
1369 1812 1446 1855 pro

46 1867 302 1912 Abimelech
330 1887 338 1911 :
364 1877 407 1912 et
437 1868 603 1912 sanavit
636 1871 750 1911 Deus
782 1866 1036 1911 Abimelech
1056 1901 1067 1920 ,
1094 1875 1137 1910 et
1165 1881 1341 1910 uxorem
1359 1900 1370 1920 ,
1403 1875 1447 1910 et

46 1937 224 1983 ancillas
246 1939 352 1998 ejus.
381 1956 400 1979 »
424 1940 513 1982 Cur
537 1947 683 1982 autem
704 1938 799 1982 haec
822 1946 943 1981 tanta
967 1936 1217 1996 prolixitate
1240 1951 1444 1980 narrave-

46 2010 118 2065 rit,
143 2010 291 2069 accipe
317 2009 507 2053 breviter
528 2010 573 2052 in
597 2009 661 2053 his
683 2024 783 2068 quae
806 2017 980 2053 secutus
1003 2008 1202 2068 adjunxit
1227 2027 1235 2052 :
1267 2027 1285 2048 α
1313 2011 1442 2061 Deus,

46 2080 220 2140 inquit,
258 2088 410 2123 orante
439 2078 659 2123 Abraham
692 2080 859 2124 curavit
890 2080 1087 2137 potentia
1115 2078 1446 2137 dispensationis

47 2158 228 2204 secreta,
251 2165 350 2209 quae
372 2158 515 2193 amota
533 2159 595 2193 est
611 2150 812 2193 verendis
834 2148 986 2192 vilium
1011 2147 1291 2192 foeminarum
1311 2169 1322 2205 3
1344 2147 1445 2208 quia

47 2220 258 2266 clauserat
282 2223 397 2265 Deus
418 2236 441 2265 a
464 2219 567 2265 foris
593 2236 768 2265 omnem
794 2219 971 2264 vulvam
996 2220 1041 2263 in
1064 2221 1245 2264 domum
1264 2220 1444 2264 Abime-

46 2292 158 2337 lech.
181 2291 290 2336 Vide
309 2307 428 2351 ergo,
449 2293 609 2352 inquit,
634 2302 781 2335 utrum
805 2290 1062 2335 naturaliter
1079 2289 1242 2334 malum
1261 2290 1346 2335 dici
1365 2290 1444 2335 de-

45 2364 149 2418 bet,
170 2363 290 2422 quod
319 2362 540 2407 interdum
567 2362 711 2407 aufert
739 2371 1014 2423 exasperatus
1043 2364 1182 2416 Deus,
1215 2361 1445 2422 redditque

43 2433 252 2492 placatus.
281 2435 394 2492 Ipse,
418 2433 584 2492 inquit,
607 2432 712 2478 facit
733 2443 776 2477 et
799 2433 971 2492 piorum
990 2432 1101 2476 filios
1119 2442 1162 2476 et
1179 2432 1439 2491 impiorum:

44 2503 253 2563 quoniam
280 2502 400 2563 quod
424 2503 537 2547 fiunt
558 2512 776 2563 parenteS,
803 2503 855 2547 ad
881 2512 1081 2547 naturam
1110 2502 1316 2562 pertinet,
1342 2518 1442 2562 quae

97 2593 105 2609 ¹
127 2588 205 2619 Gen.
225 2597 282 2626 xx,
300 2595 318 2619 2
338 2591 371 2620 et
388 2597 475 2629 seqq.
