1784 3205
335 214 416 248 210
774 225 806 247 s.
844 220 1074 248 mensuum
1107 220 1286 247 umscom

323 307 343 328 »
373 291 484 332 Deo:
509 295 553 330 et
574 301 663 330 non
685 286 783 331 estis
801 285 931 330 vestri
951 284 1111 344 ,empti
1125 285 1242 329 enim
1257 287 1355 330 estis
1370 286 1508 345 pretio
1532 299 1716 344 magno,

328 378 348 400 »
374 358 613 417 glorificate
632 373 737 416 ergo
768 367 811 401 et
829 364 998 415 portate
1026 358 1163 400 Deum
1188 356 1233 400 in
1256 371 1437 416 corpore
1468 365 1609 401 vestro
1636 358 1666 401 ¹.
1699 375 1718 398 »

332 431 426 474 Hoc
445 437 583 474 totum
596 444 685 473 non
699 428 839 473 solum
855 435 1029 486 propter
1044 435 1303 486 praesentem
1321 427 1724 483 sanctificationem,

327 500 403 545 sed
425 502 611 545 maxime
634 509 812 560 propter
835 498 955 543 illam
983 514 1101 559 spem
1123 499 1290 544 dietum
1313 508 1401 550 est,
1425 498 1480 543 de
1501 515 1588 559 qua
1610 499 1727 544 idem

326 571 409 616 alio
431 571 528 616 loeo
556 571 691 616 dicit:
717 590 736 613 «
765 569 908 616 Sedet
929 570 1101 629 nosipsi
1121 570 1332 630 primitias
1357 570 1540 630 Spiritus
1558 569 1726 614 haben*-

328 661 346 684 »
370 651 455 697 tes,
476 650 518 685 et
539 641 620 700 ipsi
649 643 693 685 in
725 641 1047 700 nobismetipsis
1072 641 1393 700 ingemiscimus
1410 675 1422 696 ,
1448 640 1726 700 adoptionem

264 708 267 711 χ
329 732 348 753 »
369 720 646 770 expectantes
664 747 674 766 ,
709 711 1054 770 redemptionem
1083 712 1275 770 corporis
1297 712 1434 756 nostri
1451 715 1483 756 ².
1513 731 1526 753 »
1550 712 1594 757 Si
1625 725 1728 770 ergo

327 781 571 841 redemptio
594 783 786 842 eorporis
815 781 980 837 nostri,
1005 781 1244 826 seeundum
1271 781 1546 841 Apostolum,
1574 796 1729 840 expec-

326 862 441 897 tatur
456 874 466 911 3
484 853 683 912 profecto
705 854 826 914 quod
849 862 1119 913 expectatur,
1136 852 1280 898 adhue
1298 863 1513 913 speratur,
1530 853 1730 898 nondum

324 934 512 969 tenetur.
552 925 677 970 Unde
711 926 909 985 adjungit
938 935 981 970 et
1003 924 1108 969 dicit
1138 945 1147 970 :
1183 944 1201 967 «
1231 927 1315 984 Spe
1345 926 1459 969 enim
1489 923 1594 969 salvi
1625 923 1730 968 facti

329 1014 348 1036 »
372 999 648 1074 sumus.Spes
666 1006 811 1040 autem
828 1012 926 1056 quae
939 995 1129 1052 videtur,
1150 1011 1239 1040 non
1252 1005 1316 1040 est
1336 1011 1448 1055 spes.
1465 995 1597 1049 Quod
1614 995 1730 1039 enim

326 1086 345 1108 »
369 1068 489 1112 videt
512 1069 638 1128 quis,
664 1068 772 1128 quid
788 1084 901 1128 spei
889 1078 958 1113 lt
949 1070 966 1101 ἒ)
999 1068 1041 1113 Si
1067 1077 1212 1112 autem
1236 1067 1357 1128 quod
1389 1084 1478 1112 non
1510 1066 1724 1122 videmus,

331 1158 344 1177 1>
373 1154 614 1196 speramus,
637 1155 713 1198 per
727 1139 979 1198 patientiam
1008 1149 1158 1198 expect
1164 1154 1301 1183 imus
1319 1157 1337 1180 »
1360 1141 1458 1184 Non
1481 1139 1630 1198 itaque
1653 1153 1729 1197 per

273 1201 287 1229 l
323 1209 405 1252 hoe
423 1208 546 1268 quod
567 1220 870 1269 expectamus,
900 1209 975 1254 sed
995 1225 1071 1268 per
1098 1210 1182 1254 hoc
1208 1209 1329 1269 quod
1355 1209 1606 1264 toleramus,
1631 1223 1728 1253 car-

320 1277 439 1322 nales
467 1278 544 1322 filii
573 1295 734 1339 propag
713 1289 885 1324 rantur.
909 1279 1031 1323 Absit
1059 1295 1162 1338 eigo
1196 1289 1243 1323 ut
1268 1279 1410 1323 fidelis
1432 1280 1595 1333 homo,
1626 1293 1729 1322 eum

321 1349 509 1393 auditab
524 1350 734 1409 Apostolo
760 1371 769 1396 :
799 1370 820 1394 «
849 1351 1022 1409 Diligite
1045 1366 1199 1394 uxores
1216 1352 1425 1405 vestrasss,
1453 1372 1468 1391 »
1491 1350 1728 1409 eoncupis-

319 1421 507 1464 centiam
522 1422 661 1465 earnis
678 1421 832 1480 diligat
848 1421 894 1465 in
911 1436 1061 1476 uxore,
1083 1437 1216 1480 quam
1241 1436 1321 1466 nee
1344 1422 1390 1464 in
1412 1436 1457 1465 se
1480 1421 1574 1481 ipso
1596 1419 1728 1465 debet

327 1490 505 1548 diligere
524 1526 534 1545 ‚
563 1491 744 1536 audiens
774 1491 960 1536 alterum
984 1491 1242 1551 Apostolum
1277 1511 1285 1536 :
1315 1511 1331 1532 «
1369 1491 1513 1538 Nolite
1548 1491 1729 1550 diligere

325 1578 344 1601 »
382 1561 616 1617 mundum,
633 1577 713 1606 nec
733 1578 781 1606 ea
799 1578 898 1622 quae
920 1562 966 1605 in
984 1560 1152 1606 mundo
1175 1571 1298 1606 sunt:
1314 1561 1510 1622 quisquis
1532 1560 1731 1606 dilexerit

325 1649 344 1672 »
384 1633 626 1688 mundum,
648 1648 738 1677 non
768 1642 832 1678 est
861 1633 1048 1677 charitas
1071 1633 1209 1677 Patris
1241 1634 1285 1676 in
1316 1632 1392 1676 illo
1418 1653 1426 1678 ;
1453 1633 1554 1692 quia
1584 1633 1730 1676 omnia

325 1720 344 1743 >›
379 1703 536 1762 quaein
559 1705 726 1749 mundo
761 1713 890 1760 sunt,
915 1705 1269 1764 eoncupiscentia
1291 1703 1432 1748 carnis
1455 1713 1535 1758 est,
1557 1712 1602 1747 et
1619 1717 1727 1748 con-

326 1791 345 1814 »
381 1774 645 1833 cupiscentia
667 1775 919 1831 oculorum,
945 1785 988 1820 et
1010 1775 1190 1820 ambitio
1214 1775 1378 1831 saeeuli,
1410 1791 1510 1836 quae
1544 1790 1633 1820 non
1666 1783 1730 1818 est

324 1863 343 1884 a
385 1861 408 1889 a
440 1848 580 1901 Patre,
610 1846 687 1891 sed
713 1862 764 1891 ex
796 1845 962 1891 mundo
998 1855 1076 1891 est.
1118 1849 1174 1891 Et
1199 1846 1390 1891 mundus
1420 1846 1646 1898 transibit,
1685 1852 1729 1888 et

330 1933 344 1953 a
379 1916 729 1975 concupiscentia
758 1918 862 1976 ejus.
884 1918 970 1970 Qui
993 1926 1141 1961 autem
1160 1917 1313 1961 feeerit
1328 1917 1600 1961 voluntatem
1624 1914 1724 1969 Dei,

324 2003 343 2025 »
383 1994 531 2029 manet
562 1986 607 2030 in
651 1996 865 2032 aeternum
890 2023 901 2043 ,
945 1987 1058 2032 sicut
1091 1995 1135 2031 et
1177 1991 1290 2032 Deus
1329 1995 1476 2031 manet
1509 1986 1557 2030 in
1592 1995 1729 2030 aeter-

330 2071 349 2094 »
387 2056 571 2099 nun14.»

227 2181 229 2183 η
388 2126 510 2169 XXI.
538 2128 603 2169 Ex
627 2126 708 2170 hae
739 2126 871 2184 igitur
893 2127 1248 2185 eoncupiscentia
1271 2127 1412 2171 carnis
1440 2126 1561 2187 quod
1585 2126 1727 2170 nasei-

219 2199 222 2203 ’
241 2195 244 2197 ’
270 2206 274 2229 ῑ
330 2203 400 2238 tur
414 2231 426 2251 ,
447 2197 599 2256 utique
614 2198 781 2242 mundo
795 2213 883 2242 non
898 2200 989 2242 Deo
1011 2197 1202 2241 nascitur
1222 2216 1230 2242 ε
1248 2200 1337 2242 Deo
1350 2206 1496 2241 autem
1514 2197 1724 2252 nascitur,

331 2281 432 2310 eum
455 2282 506 2310 ex
534 2283 646 2327 aqua
675 2277 718 2312 et
745 2269 898 2327 spiritu
921 2268 1172 2312 renascitur.
1201 2268 1342 2327 Hujus
1365 2267 1727 2328 concupiscentiae

333 2347 500 2381 reatum
529 2339 797 2396 regeneratio
832 2338 922 2383 sola
950 2337 1133 2388 dimittit
1167 2357 1176 2383 :
1213 2353 1262 2382 ae
1290 2354 1366 2398 per
1394 2340 1478 2383 hoe
1506 2338 1726 2397 generatio

335 2409 479 2452 trahit.
501 2411 618 2468 Ergo
635 2409 756 2470 quod
770 2419 1029 2469 generatum
1043 2419 1122 2464 est,
1143 2419 1421 2467 regeneretur
1441 2419 1489 2455 ut
1509 2409 1722 2464 similiter,

388 2514 395 2529 ¹
428 2520 441 2541 ι
463 2510 535 2542 Cor.
555 2521 600 2549 vr,
623 2523 673 2553 19.
691 2529 731 2535 —-
749 2519 760 2534 2
795 2514 885 2545 Rom.
918 2523 994 2554 vm,
1013 2511 1064 2545 23.
1089 2527 1130 2535 --
1149 2508 1164 2534 3
1181 2509 1299 2544 coloss.
1330 2522 1388 2554 111,
1422 2522 1473 2554 ¹9·
1489 2509 1561 2541 -4
1588 2512 1722 2557 1VJoan.

337 2575 373 2605 11,
406 2564 457 2597 15.
