1784 3205
328 217 412 255 202
756 230 788 255 s.
825 226 1055 255 Acerrsnm
1090 227 1268 254 zmscom

328 296 388 339 tio
411 303 475 340 est
498 295 543 339 in
569 295 741 340 civitate
766 294 842 337 Dei
863 293 1012 347 nostri,
1046 293 1089 336 iu
1118 302 1267 337 monte
1297 301 1446 338 sancto
1467 294 1601 353 ejus¹,
1627 294 1710 338 hoc

326 374 406 420 est,
431 366 476 409 in
511 365 700 410 Ecclesia
735 364 910 418 Christi,
942 363 1190 423 quibusque
1219 363 1419 408 fidelihus
1449 364 1706 423 conjugatis,

325 437 402 497 qui
425 437 517 481 sine
546 437 680 481 dubio
706 435 899 479 membra
933 444 1034 479 sunt
1061 435 1243 490 Christi,
1278 445 1347 489 ut,
1388 450 1488 479 cum
1521 434 1707 480 filiorum

324 508 694 569 procreandorum
728 522 855 551 causa
882 506 951 551 vel
976 507 1144 551 nubant
1169 506 1376 550 soeminae·
1403 506 1472 551 vel
1493 507 1710 552 ducantur

323 595 498 635 uxores,
531 595 610 624 nec
639 578 826 623 sterilem
850 579 1077 637 conjugem
1102 576 1164 622 fas
1187 578 1241 622 sit
1263 577 1521 638 relinquere,
1554 587 1602 623 ut
1628 579 1709 623 alia

321 652 533 696 foecunda
567 650 768 695 ducatur.
810 651 941 703 Quod
966 650 998 693 si
1028 650 1258 709 quisquam
1290 649 1460 705 fecerit,
1496 665 1585 695 non
1618 649 1711 708 lege

322 724 451 782 hujus
473 721 638 776 saeculi,
664 722 741 765 ubi
756 721 1071 764 interveniente
1094 720 1276 779 repudio
1298 722 1388 765 sine
1410 721 1590 765 crimine
1610 737 1712 766 con-

322 792 495 837 ceditur
525 807 625 836 cum
656 791 746 835 aliis
783 791 864 835 alia
900 791 1104 851 copulare
1137 791 1385 848 connubia,
1423 791 1542 850 quod
1583 793 1712 836 etiam

321 872 519 907 sanctum
536 865 717 920 Moysen
747 863 971 915 Dominus,
1006 871 1182 921 propter
1210 860 1416 906 duritiam
1444 862 1583 907 cordis
1611 861 1710 907 illo-

320 948 433 987 rum,
461 932 663 976 israelitis
685 934 927 992 permisisse
949 932 1234 978 testatur-,sed
1250 933 1345 991 lege
1368 933 1591 992 Evangelii
1614 949 1712 978 reus

320 1013 383 1048 est
416 1003 644 1060 adulterii,
683 1004 793 1047 sicut
826 1004 954 1047 etiarn
986 1003 1058 1049 illa
1086 1003 1119 1047 si
1150 1003 1272 1047 alteri
1299 1004 1540 1063 nupserit2.
1568 1006 1712 1064 Usque

323 1074 430 1118 adeo
452 1083 634 1118 manent
654 1074 767 1117 inter
786 1074 978 1118 viventes
996 1073 1128 1117 semel
1145 1074 1250 1117 inita
1260 1075 1357 1134 jura
1373 1075 1643 1133 nuptiarum,
1664 1084 1714 1118 ut

324 1146 466 1204 potius
490 1145 575 1189 sint
592 1146 704 1189 inter
726 1160 771 1188 se
788 1146 993 1204 conjuges
1009 1145 1085 1204 qui
1102 1145 1155 1188 ab
1169 1144 1377 1189 alterutro
1393 1146 1577 1205 separati
1596 1155 1712 1200 sunt,

321 1230 453 1274 quam
477 1231 577 1259 cum
602 1215 668 1258 his
687 1215 847 1274 quibus
871 1215 963 1258 aliis
986 1215 1278 1259 adhaeserunt.
1305 1219 1416 1261 Cum
1440 1216 1531 1260 aliis
1553 1217 1716 1276 quippe

322 1285 509 1329 adulteri
537 1301 627 1330 non
651 1294 815 1339 essent,
843 1286 922 1329 nisi
953 1286 1006 1329 ad
1030 1285 1288 1330 alterutrum
1317 1288 1522 1346 conjuges
1545 1302 1716 1346 perma-

321 1365 488 1400 nerent.
513 1357 710 1416 Denique
734 1365 907 1400 mortuo
923 1357 1018 1401 viro
1040 1372 1139 1401 cum
1160 1372 1249 1416 quo
1272 1372 1422 1401 verum
1445 1357 1714 1402 connubium

282 1439 303 1460 ’κ
322 1427 421 1482 fuit,
447 1428 540 1471 fieri
564 1442 715 1471 verum
736 1428 1007 1473 connubium
1038 1437 1181 1488 potest
1203 1444 1304 1472 cum
1335 1444 1425 1488 quo
1446 1430 1564 1489 prius
1586 1428 1715 1473 adul-

323 1500 478 1543 terium
495 1500 594 1543 fuit.
624 1502 688 1544 Ita
711 1509 853 1545 manet
884 1501 996 1544 inter
1016 1500 1206 1544 viventes
1234 1499 1443 1560 quiddam
1467 1499 1712 1560 conjugale,

321 1570 440 1629 quod
454 1585 532 1615 nec
547 1571 775 1629 separatio,
793 1585 871 1614 nec
885 1586 985 1614 cum
1000 1570 1132 1614 altero
1145 1570 1366 1630 copulatio
1378 1572 1511 1629 possit
1525 1570 1710 1615 auferre.

320 1643 468 1685 Manet
487 1649 631 1684 autem
654 1640 709 1685 ad
728 1656 882 1685 noxam
902 1641 1110 1695 criminis,
1137 1657 1226 1685 non
1247 1641 1301 1685 ad
1319 1641 1546 1686 vinculum
1570 1640 1713 1685 foede-

322 1712 375 1756 ris
398 1730 406 1756 :
428 1713 538 1757 sicut
559 1721 767 1772 apostatae
791 1713 932 1756 anima
956 1712 1077 1756 velut
1100 1712 1155 1756 de
1177 1713 1381 1772 conjugio
1403 1712 1563 1757 Christi
1593 1727 1713 1756 rece-

322 1781 429 1826 dens
458 1783 586 1826 etiam
611 1783 697 1827 fide
727 1783 894 1842 perdita
923 1792 1241 1827 sacramentnm
1273 1784 1375 1827 fidei
1408 1798 1498 1827 non
1529 1782 1710 1838 amittit,

321 1853 441 1912 quod
475 1852 646 1898 lavacro
692 1854 1029 1912 regenerationis
1067 1855 1247 1913 accepit.
1288 1853 1562 1898 Redderetur
1596 1853 1711 1898 enim

320 1925 471 1983 procul
495 1924 633 1970 dubio
654 1927 873 1980 redeunti,
896 1926 930 1970 si
959 1926 1167 1971 amisisset
1196 1926 1446 1971 abscedens.
1470 1926 1614 1970 Habet
1635 1941 1712 1969 au-

282 2055 285 2058 ,
322 2005 408 2038 tem
431 1997 505 2054 qui
528 1997 747 2041 recesserit
765 1996 820 2040 ad
843 1997 1069 2041 cumulum
1092 1997 1310 2057 supplicii,
1332 2013 1421 2042 non
1437 1996 1493 2041 ad
1509 1997 1710 2041 meritum

322 2080 503 2124 praemu.

380 2138 483 2179 XII.
521 2137 689 2189 Quibus
711 2152 813 2181 vero
834 2136 1045 2196 placuerit
1068 2152 1119 2180 ex
1135 2151 1364 2191 comeum,
1383 2138 1438 2182 ab
1458 2153 1540 2182 usu
1562 2152 1714 2182 carna-

322 2207 372 2250 lis
394 2207 753 2266 concupiscentiae
780 2208 826 2252 in
847 2217 1109 2267 perpetuum
1132 2208 1370 2263 continere,
1397 2209 1508 2253 absit
1527 2219 1577 2253 ut
1599 2209 1713 2252 inter

321 2277 416 2322 illos
451 2278 675 2323 vinculum
714 2280 942 2340 conjugale
991 2288 1218 2340 rumpatur
1239 2299 1248 2325 z
1268 2281 1356 2324 imo
1396 2280 1562 2325 firmius
1601 2281 1708 2336 erit,

321 2364 411 2408 quo
442 2349 574 2406 magis
599 2364 647 2393 ea
670 2359 793 2408 pacta
815 2365 963 2394 secum
986 2350 1184 2406 inierint,
1216 2365 1315 2411 quae
1338 2351 1509 2395 charius
1531 2365 1712 2396 concor-

323 2418 508 2478 diusque
541 2419 749 2463 servanda
783 2429 901 2475 sunt,
922 2418 1030 2481 [non
1059 2420 1312 2480 voluptariis
1345 2421 1529 2466 nexibus
1556 2435 1712 2481 corpo-

281 2503 298 2520 ·-
324 2504 437 2543 rum,
469 2488 545 2532 sed
573 2489 830 2534 voluntariis
862 2490 1092 2536 affectibus
1127 2492 1387 2537 animorum.
1417 2494 1569 2552 Neque
1596 2492 1709 2536 enim
1772 2495 1774 2497 ’

371 2579 379 2595 ¹
400 2571 481 2605 Psal.
501 2584 596 2615 van,
617 2582 648 2606 2.
663 2591 704 2597 -—
717 2580 730 2597 ²
750 2574 869 2606 Matth.
893 2585 962 2613 xix,
981 2577 1013 2607 8.
