1784 3205
320 234 370 272 58
757 240 790 268 s.
826 240 1057 269 Aueusrffll
1091 240 1271 268 Emscorr

315 329 334 350 »
359 307 624 368 apprehendi
658 321 833 351 manum
870 320 1043 359 eorum,
1080 313 1128 348 ut
1151 306 1381 348 educerem
1404 318 1476 348 eos
1507 305 1562 348 de
1587 313 1699 349 terra

316 397 336 420 »
359 378 538 436 AEgypti
557 380 584 419 ¹.
611 395 629 417 n
656 378 745 419 Hoc
770 375 883 418 enim
908 374 1072 418 laetum
1101 383 1164 417 est
1192 375 1237 417 in
1259 383 1408 418 monte
1435 374 1550 418 Sina.
1577 377 1698 418 Tunc

314 459 457 494 autem
492 448 635 491 Daniel
660 446 867 504 propheta
889 445 1087 488 nondum
1110 453 1201 488 erat
1221 445 1296 504 qui
1321 443 1487 488 dixerat
1498 448 1532 499 2,
1558 463 1578 486 «
1606 448 1694 489 Ac-

315 539 335 562 »
362 519 537 578 eipienti
571 518 705 561 sancti
744 531 927 574 regnum
960 515 1208 559 Altissimiss.
1246 534 1264 556 »
1299 515 1374 559 His
1403 516 1518 559 enim
1552 516 1695 560 verbis

312 590 556 650 praemium,
576 603 663 631 non
689 586 951 641 Veteris,sed
974 586 1081 631 Novi
1103 586 1366 630 Testamenti
1388 586 1700 646 prophetabat:

312 662 420 705 sicut
441 661 581 719 ipsum
603 658 826 704 Christum
849 668 1083 703 venturum
1101 658 1230 702 iidem
1251 659 1478 717 Prophetae
1493 673 1698 717 praenun-

313 734 495 784 tiarunt,
521 732 641 789 cujus
665 730 878 788 sanguine
899 729 1149 774 dedicatum
1174 740 1237 774 est
1270 732 1595 774 Testamentum
1615 733 1704 775 No-

312 817 412 844 vum
440 820 447 844 :
471 802 594 859 cujus
626 800 869 843 testamenti
905 799 1087 843 ministri
1126 799 1323 858 Apostoli
1353 798 1456 843 facti
1486 809 1612 854 sunt,
1636 800 1704 844 di-

313 881 437 916 cente
459 871 705 915 beatissimo
729 869 863 914 Paulo
885 890 892 914 ;
918 889 937 911 «
959 871 1043 923 Qui
1066 879 1108 914 et
1125 870 1304 914 idoneos
1327 885 1404 914 nos
1428 869 1531 914 fecit
1554 871 1705 915 minis-

316 960 336 983 »
364 952 450 986 tros
474 942 574 986 novi
597 942 858 994 testamenti,
880 955 970 984 non
997 939 1158 995 littera,
1188 940 1264 984 sed
1282 940 1479 999 spiritu&
1505 959 1525 983 «
1545 942 1708 986 Littera

316 1013 466 1056 »enim
492 1011 671 1065 occidit,
688 1012 861 1070 spiritus
882 1020 1026 1054 autem
1051 1011 1255 1056 vivificat.
1271 1029 1290 1052 »
1306 1013 1357 1055 In
1379 1010 1454 1056 illo
1469 1026 1571 1056 vero
1585 1020 1709 1056 testa-

315 1093 462 1127 mento
484 1082 602 1142 quod
620 1082 792 1141 proprie
814 1084 948 1125 Vetus
967 1081 1128 1125 dicitur
1141 1117 1151 1137 ,
1177 1091 1220 1126 et
1243 1081 1394 1126 datum
1413 1090 1478 1126 est
1498 1082 1543 1125 in
1560 1091 1709 1128 monte

316 1155 432 1209 Sina,
455 1170 543 1198 non
563 1154 783 1198 invenitur
802 1153 996 1212 promitti
1021 1153 1300 1209 apertissime,
1322 1153 1402 1197 nisi
1419 1162 1590 1198 terrena
1607 1152 1708 1198 feli-

313 1225 430 1268 citas.
454 1225 579 1268 Unde
600 1223 672 1268 illa
689 1233 817 1278 terra,
843 1239 932 1283 quo
955 1232 1017 1267 est
1036 1223 1223 1282 populus
1245 1222 1544 1278 introductus,
1564 1232 1608 1267 ct
1628 1238 1708 1282 per

314 1310 508 1338 eremum
537 1296 720 1349 ductus,
748 1304 858 1338 terra
887 1295 1178 1353 promissionis
1198 1303 1406 1350 vocatur,
1432 1295 1477 1338 in
1504 1311 1591 1354 qua
1617 1310 1699 1354 pax

315 1375 357 1409 et
380 1380 579 1424 regnum,
600 1375 642 1409 et
660 1365 713 1409 al)
737 1365 919 1409 inimicis
936 1365 1218 1409 victoriarum
1240 1365 1494 1424 reportatio,
1511 1374 1555 1409 et
1571 1366 1711 1409 abun-

317 1436 462 1479 dantia
486 1436 672 1480 filiorum
695 1451 742 1479 ac
764 1436 989 1479 fructuum
1016 1445 1305 1489 terrenorum,
1329 1444 1372 1479 et
1399 1436 1432 1479 si
1451 1451 1538 1495 qua
1556 1436 1711 1495 hujus-

317 1505 453 1561 modi,
472 1507 565 1550 haee
587 1515 689 1550 sunt
710 1507 917 1565 promissa
941 1506 1106 1549 Veteris
1129 1507 1395 1550 Testamenti
1414 1524 1423 1550 z
1449 1505 1611 1565 quibus
1632 1508 1709 1551 etsi

318 1578 556 1635 figurantur
572 1577 624 1620 ad
642 1580 812 1622 Novum
836 1579 1157 1620 Testamentum
1171 1576 1433 1635 pertinentia
1454 1577 1707 1635 spiritualia,
1769 1579 1772 1583 '

319 1657 463 1691 tamen
479 1648 554 1706 qui
577 1656 752 1706 propter
775 1646 845 1690 illa
870 1655 1037 1690 terrena
1060 1647 1238 1706 suscipit
1259 1646 1401 1705 legem
1421 1647 1512 1701 Dei,
1533 1648 1623 1706 ipse
1640 1657 1704 1692 est

319 1720 453 1762 haeres
463 1719 628 1762 Veteris
648 1719 926 1762 Testamenti.
940 1722 1002 1763 Ea
1022 1719 1183 1777 quippe
1199 1717 1441 1763 seeundum
1454 1721 1591 1763 Vetus
1608 1722 1713 1764 Tes-

320 1798 561 1833 tamentum
579 1790 897 1847 promittuntur
915 1799 1046 1848 atque
1060 1789 1329 1843 tribuuntur,
1349 1805 1447 1849 quae
1469 1790 1712 1835 secundum

319 1860 537 1903 hominem
575 1869 765 1902 veterem
801 1860 1186 1917 concupiscuntur.
1219 1862 1327 1912 Quae
1362 1869 1507 1903 autem
1543 1860 1631 1905 illic
1655 1861 1712 1905 ad

317 1932 488 1974 Novum
513 1932 837 1973 Testamentum
859 1930 1122 1988 pertinentia
1140 1930 1400 1988 figurantur,
1424 1945 1557 1974 novos
1574 1931 1712 1975 homi-

320 2015 393 2043 nes
410 2009 628 2060 quaerunt.
656 2002 805 2059 Neque
828 2001 1046 2044 nesciebat
1074 2000 1189 2044 enim
1215 1999 1321 2060 quid
1343 2001 1597 2060 loqueretur
1618 2011 1712 2047 tan-

320 2079 388 2114 tus
421 2070 670 2129 ApostoliiS,
696 2071 772 2130 qui
805 2070 894 2115 duo
930 2080 1186 2115 testamenta
1218 2072 1264 2114 in
1292 2071 1448 2115 ancilla
1481 2081 1525 2116 et
1556 2072 1707 2128 libera,

318 2140 546 2199 allegorica
570 2141 886 2200 significatione
905 2141 1107 2186 distincta
1127 2157 1218 2187 esse
1233 2141 1422 2197 dicebat,
1436 2145 1583 2187 Veteri
1599 2143 1711 2188 filios

318 2213 486 2265 carnis,
518 2215 641 2258 Novo
678 2211 789 2256 filios
825 2213 1117 2272 promissionis
1150 2214 1391 2258 attribuens
1421 2232 1430 2258 z
1460 2232 1479 2256 «
1510 2216 1608 2259 Non
1636 2215 1713 2274 qui

320 2301 340 2323 »
366 2283 442 2326 filii
465 2284 619 2338 carnis,
647 2284 805 2342 inquit,
832 2285 875 2327 hi
901 2285 978 2328 filii
1002 2286 1094 2340 Dei,
1121 2285 1197 2329 sed
1219 2285 1295 2328 filii
1320 2285 1613 2344 promissionis
1630 2286 1710 2330 de-

320 2362 575 2411 »putantur
608 2355 653 2397 in
687 2358 875 2398 semen&
902 2373 920 2396 »
955 2355 1053 2399 Filii
1086 2370 1189 2415 ergo
1218 2356 1358 2400 carnis
1398 2356 1618 2415 pertinent
1656 2355 1711 2401 ad

322 2432 532 2467 terrenam
552 2425 807 2481 Jerusalem,
829 2442 927 2485 quae
956 2427 1086 2471 servit
1109 2442 1212 2471 cum
1242 2426 1339 2471 filiis
1371 2427 1486 2471 suis:
1519 2426 1597 2470 filii
1631 2441 1711 2471 au·-

370 2533 375 2547 ¹
398 2528 519 2557 Jerein.
539 2537 631 2567 xxxr,
649 2529 699 2559 31.
714 2546 754 2551 —-
767 2535 778 2550 ³
807 2530 907 2561 For-te
925 2530 1061 2562 diceret.
1077 2529 1144 2554 -3
1163 2532 1241 2562 Dan.
1258 2541 1314 2567 vn,
1339 2528 1463 2562 18.—4
1486 2538 1505 2562 2
1519 2530 1590 2562 Cor.
1612 2538 1657 2564 in,
1675 2527 1707 2559 6,

321 2599 361 2604 —-
379 2580 392 2603 '3
418 2583 508 2613 Rom.
525 2593 570 2617 ix,
587 2586 618 2613 ὃ.
