1784 3205
302 223 385 260 270
746 236 776 258 s.
817 232 1042 258 Ath'STINI
1081 232 1257 258 eviscom

303 316 323 340 »
350 300 407 341 ita
421 307 462 341 et
480 313 555 357 per
569 298 697 341 unius
712 297 1004 341 obedientiam
1015 296 1118 356 justi
1137 297 1456 340 constituentur
1471 297 1595 340 multi
1608 300 1637 340 ¹.
1664 318 1680 338 »

362 371 538 414 XLVII.
574 369 730 413 Adhuc
747 377 928 427 quaerat,
959 386 978 408 «
1006 382 1083 425 per
1105 366 1210 426 quid
1237 376 1462 426 peccatum
1493 368 1686 411 invenia-

302 449 372 484 tur
395 441 438 483 in
472 439 667 499 parvulo.
696 458 714 479 υ
748 436 1056 496 Respondeant
1079 437 1118 480 ei
1141 438 1308 496 paginae
1337 446 1495 481 sanctae
1522 457 1530 480 :
1561 457 1579 479 «
1606 441 1685 482 Per

304 528 324 551 »
350 525 488 554 unum
517 510 737 554 hominem
765 517 988 567 peccatum
1016 508 1061 551 in
1091 507 1209 551 hunc
1239 506 1454 551 mundum
1480 507 1681 563 intravit,

305 598 323 620 »
351 589 393 624 et
414 596 489 639 per
508 589 729 639 peccatum
747 594 875 632 mors,
897 587 939 622 et
962 579 1017 621 ita
1038 578 1081 621 in
1104 593 1252 622 omnes
1271 577 1466 621 homines
1487 587 1685 636 pertran-

305 670 324 692 »
352 652 421 705 sit,
456 652 500 694 in
535 667 623 711 quo
658 665 806 695 omnes
844 653 1172 708 peccaverunt·2.
1210 649 1277 693 Ob
1313 649 1441 692 unius
1476 649 1684 693 delictum

305 741 325 763 »
352 722 475 766 multi
517 723 677 766 mortui
727 731 827 766 sunt
861 740 868 765 ε
902 721 1122 765 Judicium
1159 737 1209 764 ex
1250 737 1338 765 uno
1386 722 1429 765 in
1476 721 1688 765 condem-

304 811 324 833 »
351 792 570 836 nationem
594 812 602 837 ;
623 793 692 836 Ob
714 796 841 835 unius
863 790 1071 836 delictum
1090 808 1202 835 mors
1226 793 1417 849 regnavit
1434 807 1510 850 per
1527 806 1686 836 unum:

306 881 325 904 »
348 867 427 907 Per
451 863 577 906 unius
595 862 800 906 delictum
824 863 869 906 in
892 877 1041 906 onmes
1064 863 1260 906 homines
1279 862 1334 906 ad
1357 861 1690 906 condemnatio-

306 951 326 973 »
348 948 446 976 nem
485 953 493 977 :
535 936 613 976 Per
647 933 774 976 unius
808 932 1149 976 inobedientiam
1187 942 1430 991 peccatores
1464 931 1689 976 constituti

306 1021 326 1044 »
346 1012 446 1047 sunt
468 1003 633 1046 multiss.
667 1022 684 1044 »
705 1006 818 1047 Ecce
841 1019 917 1061 per
937 1003 1042 1063 quid
1065 1002 1273 1047 delictum
1296 1003 1570 1047 inveniturin
1590 1017 1691 1061 par-

303 1074 421 1119 vulo.
448 1077 543 1119 Jam
567 1074 714 1119 credat
735 1074 942 1132 originale
967 1084 1191 1132 peccatum
1214 1094 1222 1119 :
1242 1075 1352 1118 sinat
1366 1075 1513 1119 venire
1532 1089 1691 1133 parvu-

304 1145 389 1199 los,
427 1155 475 1190 ut
506 1145 742 1200 salventur,
781 1146 834 1190 ad
868 1146 1137 1190 Christum&
1173 1144 1289 1198 Quid
1323 1155 1386 1189 est
1414 1144 1535 1205 quod
1567 1144 1690 1199 dicit,

309 1235 328 1257 «
349 1219 445 1261 Non
469 1225 613 1274 peccat
651 1217 728 1260 istc
761 1217 835 1276 qui
865 1218 1069 1270 nascitur,
1104 1232 1193 1260 non
1230 1225 1380 1275 peccat
1413 1215 1486 1259 ille
1515 1216 1589 1275 qui
1619 1231 1695 1274 ge—

308 1287 424 1340 nuit,
453 1302 541 1330 non
567 1295 716 1345 peccat
744 1286 822 1329 iste
848 1286 923 1345 qui
949 1286 1145 1330 condidit
1168 1306 1176 1330 z
1199 1302 1274 1345 per
1298 1301 1403 1345 quas
1432 1286 1560 1328 rimas
1584 1286 1696 1329 inter

308 1366 373 1401 tot
406 1357 599 1415 praesidia
640 1356 926 1409 innocentiae,
971 1366 1197 1414 peccatum
1226 1357 1350 1413 fingis
1383 1356 1655 1414 ingressum?
1675 1375 1693 1397 »

307 1426 423 1480 Quid
445 1427 601 1485 quaerit
638 1426 843 1469 latentem
875 1428 1048 1481 rimam⁷
1074 1441 1173 1470 cum
1206 1427 1364 1469 habeat
1388 1425 1697 1484 apertissimam

300 1499 508 1557 januam?
529 1517 551 1540 «v
575 1502 653 1542 Per
671 1513 808 1541 unum
830 1498 1067 1550 hominem,
1090 1498 1148 1540 ait
1172 1496 1430 1555 Apostolus3
1457 1512 1531 1555 per
1567 1496 1696 1539 unius

310 1587 329 1609 »
357 1568 563 1613 delictum
583 1605 592 1623 ‚
621 1569 677 1611 ait
702 1567 958 1627 Apostolus3
984 1584 1061 1627 per
1089 1567 1428 1612 inobedientiam
1462 1567 1590 1610 unius
1613 1567 1694 1611 ho-

311 1657 330 1680 »
358 1640 504 1693 minis,
543 1640 600 1683 ait
635 1639 905 1697 Apostolus?
936 1658 955 1679 »
987 1639 1103 1691 Quid
1142 1639 1299 1698 quaerit
1337 1637 1551 1697 amplius?
1587 1637 1693 1697 qnid

305 1711 463 1770 quaerit
481 1711 700 1769 apertius?
716 1709 822 1769 quid
840 1710 996 1768 quaerit
1020 1708 1309 1753 inculcatius?

364 1783 566 1824 XLVIII.
608 1800 625 1821 «
650 1780 690 1824 Si
708 1789 951 1839 peccatum,
972 1780 1129 1839 inquit,
1159 1796 1209 1823 ex
1231 1779 1456 1823 voluntate
1477 1787 1556 1833 est,
1579 1777 1692 1822 mala

305 1852 506 1895 voluntas
520 1867 619 1911 quae
635 1860 858 1910 peccatum
882 1850 1004 1894 facit:
1023 1852 1053 1894 si
1071 1867 1122 1894 ex
1140 1860 1314 1903 natura,
1336 1849 1447 1893 mala
1478 1858 1646 1893 natura.
1667 1866 1686 1890 »

276 1923 402 1966 *Cito
427 1922 681 1981 respondeo,
703 1925 765 1965 Ex
782 1921 1008 1965 voluntate
1027 1930 1251 1980 peccatum
1271 1930 1347 1964 est.
1377 1920 1541 1973 Quaerit
1558 1920 1687 1973 forte,

308 2001 454 2035 utrum
478 2001 519 2035 et
540 1992 748 2050 originale
773 1993 1024 2050 peccatum?
1051 1991 1327 2050 Respondeo‚
1353 2005 1526 2049 prorsus
1548 1998 1590 2033 et
1607 1989 1692 2032 ori·

307 2061 447 2120 ginale
465 2072 688 2121 peccatum
712 2082 721 2107 ε
742 2064 842 2121 quia
862 2071 904 2105 et
922 2063 1005 2106 hoc
1029 2078 1080 2105 ex
1104 2061 1329 2107 voluntate
1352 2062 1478 2121 primi
1502 2060 1690 2104 hominis

305 2131 563 2175 seminatum
587 2142 665 2186 est,
693 2142 741 2175 ut
758 2141 798 2175 ct
822 2132 866 2175 in
889 2131 964 2174 illo
988 2141 1112 2186 esset,
1146 2141 1189 2175 et
1219 2132 1264 2174 in
1289 2147 1438 2175 omnes
1470 2132 1686 2175 transiret.

308 2203 389 2246 Sed
408 2202 527 2261 quod
545 2212 715 2247 secutus
733 2201 943 2262 adjunxit,
969 2221 986 2242 «
1007 2201 1047 2247 Si
1067 2217 1117 2245 ex
1140 2210 1308 2255 natura,
1328 2201 1438 2244 mala
1454 2211 1608 2244 natura
1631 2219 1639 2244 :
1666 2218 1686 2240 »

304 2289 453 2332 quaero
475 2273 530 2316 ab
548 2272 637 2326 illo,
660 2282 723 2328 ut,
741 2274 774 2315 si
790 2281 946 2331 potest.
972 2273 1247 2330 respondeat,
1273 2272 1391 2316 Sicut
1410 2270 1690 2314 manifestum

304 2352 382 2396 est,
408 2359 457 2386 ex
484 2343 709 2387 voluntate
732 2342 844 2386 mala
873 2352 1078 2402 tanquam
1100 2359 1149 2386 ex
1173 2345 1327 2386 arbore
1353 2345 1488 2396 mala,
1519 2341 1689 2386 fructus

304 2415 393 2473 ejus
417 2415 508 2457 fieri
525 2415 669 2458 omnia
691 2430 821 2473 opera
845 2414 979 2472 mala3
1002 2415 1060 2459 sic
1077 2414 1212 2474 ipsam
1225 2415 1493 2459 voluntatem
1511 2411 1685 2469 malam,

353 2518 470 2547 'Rom
493 2528 526 2557 v,
551 2528 588 2558 ¹9
614 2534 641 2538 -
674 2516 779 2547 ’Ibid
808 2513 1355 2557 1·›.—³1bid.15-19.-4Marc
1390 2526 1421 2556 x,
1448 2515 1496 2556 14.
1516 2532 1547 2537 -
1566 2512 1686 2547 ⁵Rom.

304 2582 336 2612 v,
362 2580 412 2611 12,
430 2577 494 2604 etc.
