1804 3205
312 248 364 273 nr,
397 246 534 276 AMMA
569 247 621 274 nr
654 247 749 274 mus
783 246 975 284 ORIGINE,
1011 246 1093 274 Lm.
1133 248 1159 272 ι.
1359 237 1442 274 ‘2953

57 313 199 372 ginale
227 323 452 373 peecatum
477 315 568 358 sinc
593 315 807 374 baptismo
828 313 1012 368 Christi,
1046 313 1089 356 in
1110 328 1199 373 quo
1224 314 1271 358 fit
1293 314 1445 357 remis·

56 385 118 430 sio
141 394 416 444 peccatorum
442 405 450 430 :
478 385 629 429 videns
653 401 771 444 ergo,
795 387 838 429 in
861 400 992 446 quam
1026 400 1070 429 se
1100 383 1442 443 profunditatem

58 454 304 514 naufragosi
335 457 515 515 gurgitis
533 457 700 514 jecerit.
729 476 747 497 «
784 459 916 511 Sane,
944 456 1110 516 inquit,
1137 471 1215 514 pro
1238 456 1296 499 cis
1318 454 1443 498 obla-

58 527 193 570 tiones
209 526 414 581 assiduas,
437 537 479 571 ct
499 526 722 571 offerenda
740 528 904 586 jugiter
927 536 1174 572 sanctorum
1198 541 1352 571 censeo
1376 541 1444 569 sa—

55 597 214 641 crificia
234 598 525 642 sacerdotum.
549 619 564 638 »
586 601 697 642 Eece
716 597 833 642 aliud
857 597 975 642 unde
1001 613 1226 659 nunquam
1251 598 1445 641 exiturus

53 677 132 723 cst,
155 669 233 713 nisi
263 685 363 713 eum
386 670 540 713 dixisse
563 670 787 729 poeniteat.
821 671 925 722 Quis
958 670 1072 713 enim
1097 670 1254 713 offerat
1288 683 1446 727 corpus

53 739 238 793 Christi,
258 740 337 783 nisi
356 755 435 799 pro
454 740 602 800 eisqui
626 740 820 784 membra
838 750 939 784 sunt
962 740 1154 784 Christi?
1172 742 1234 783 Ex
1257 755 1347 799 quo
1365 754 1445 783 au-

57 818 141 852 tem
163 809 217 854 ab
240 809 316 855 illo
343 811 510 855 dictum
531 820 617 866 est,
648 831 667 853 «
688 812 774 857 Nisi
796 812 892 871 quis
913 820 1089 855 renatus
1112 811 1243 855 fuerit
1265 826 1314 854 cx
1335 825 1446 870 aqua

56 900 73 918 »
100 889 143 923 et
163 881 325 939 Spiritu
341 917 351 935 ,
370 897 458 926 non
476 892 617 940 potest
637 883 796 926 intrare
818 883 863 926 in
888 897 1072 941 regnum
1098 883 1196 926 Dei¹
1216 902 1226 927 2
1252 900 1270 922 »
1297 891 1340 925 et
1363 881 1447 925 alio

56 949 172 1005 loco,
198 971 216 993 «
239 953 322 1005 Qui
342 952 579 1012 perdiderit
597 954 785 997 animam
808 969 931 997 suam
949 962 1128 1012 propter
1144 968 1228 1007 me,
1256 953 1447 996 inveniet

56 1039 75 1061 »
102 1037 197 1067 eam
217 1027 231 1049 '²
263 1044 270 1068 ε
301 1042 320 1065 »
353 1039 482 1068 nemo
508 1024 557 1067 fit
589 1024 837 1067 membrum
860 1025 1038 1078 Christi,
1066 1024 1147 1067 nisi
1170 1032 1245 1067 aut
1282 1022 1448 1082 baptis-

54 1103 169 1138 mate
191 1095 234 1138 in
258 1096 454 1149 Christo,
479 1104 555 1139 aut
576 1103 717 1139 morte
739 1110 818 1154 pro
840 1095 1029 1140 Christo.

109 1166 187 1207 XI.
213 1164 339 1208 Unde
361 1173 401 1209 et
422 1164 533 1209 latro
557 1163 653 1219 ille,
677 1179 766 1210 non
792 1176 893 1209 ante
922 1179 1097 1209 crucem
1116 1163 1290 1209 Domini
1308 1172 1446 1207 secta—

52 1242 134 1289 tor,
157 1235 232 1279 sed
255 1235 300 1279 in
319 1250 447 1280 cruce
465 1235 730 1291 confessor³,
758 1235 812 1280 de
835 1252 923 1296 quo
946 1250 1267 1295 nonnunquam
1289 1235 1448 1294 praeju-

49 1305 210 1349 dicium
232 1316 454 1366 captatur‚
484 1307 573 1351 sive
602 1317 812 1362 tentatur,
839 1317 990 1352 contra
1018 1306 1288 1366 baptismatis
1307 1321 1447 1350 sacra—

50 1385 266 1431 mentnm,
294 1393 315 1421 a
340 1378 561 1437 Cypriano
593 1388 742 1422 sancto
765 1379 879 1422 inter
901 1382 1116 1436 Martyres
1143 1386 1441 1437 computatur,

49 1448 125 1506 qui
149 1464 227 1492 suo
258 1451 469 1508 sanguine
499 1449 802 1509 baptizantur,
833 1450 953 1509 quod
976 1449 1196 1509 plerisque
1222 1464 1310 1492 non
1335 1448 1445 1506 bap-

49 1519 188 1563 tizatis
219 1519 417 1564 fervente
456 1521 758 1579 persecutione
798 1521 1043 1580 provenit⁴.
1084 1523 1223 1563 Tanto
1254 1533 1446 1578 namque

48 1592 241 1648 pondere
263 1606 505 1650 appensum
528 1601 613 1646 est,
649 1601 913 1652 tantumque
938 1591 1074 1636 valuit
1109 1589 1228 1650 apud
1251 1605 1349 1634 eum
1371 1590 1446 1649 qui

50 1661 142 1705 haec
165 1662 287 1707 novit
310 1662 582 1721 appendere,
609 1662 729 1723 quod
749 1661 971 1707 confessus
995 1671 1058 1706 est
1084 1662 1321 1706 'Dominum
1343 1675 1445 1703 cru-

48 1732 246 1787 cifixum,
270 1743 488 1793 quantum
513 1734 546 1777 si
564 1732 715 1777 fuisset
736 1749 816 1792 pro
839 1734 1025 1777 Domino
1048 1732 1296 1776 crucifixus.
1324 1733 1446 1774 Tunc

47 1803 162 1846 enim
197 1801 305 1847 fides
338 1805 430 1862 ejus
465 1804 520 1846 de
557 1803 675 1859 ligno
713 1803 889 1857 floruit,
917 1803 1096 1863 quando
1120 1800 1441 1859 Discipulorum

49 1874 256 1931 marcuit,
277 1874 355 1917 nisi
381 1874 502 1933 cujus
528 1874 679 1918 mortis
703 1882 866 1918 terrore
896 1882 1162 1926 marcuerat,
1188 1873 1278 1932 ejus
1301 1887 1441 1915 resur-

48 1944 238 1989 rectione
256 1945 547 1989 reviresceret.
567 1943 635 1988 llli
649 1945 763 1988 enim
779 1943 1120 2004 desperaverunt
1136 1943 1191 1987 de
1212 1943 1440 1996 moriente,

48 2012 120 2057 ille
152 2015 341 2072 speravit
378 2015 421 2057 in
454 2015 767 2058 commoriente
801 2034 811 2058 ι
842 2013 1099 2072 refugerunt
1124 2011 1188 2056 illi
1216 2021 1441 2056 auctorem

47 2085 147 2130 vitae
166 2120 176 2138 ,
205 2085 372 2143 rogavit
398 2085 472 2128 ille
502 2094 748 2129 consortem
777 2099 947 2144 poenae,
982 2084 1221 2129 doluerunt
1253 2082 1316 2126 illi
1339 2091 1439 2126 tan—

47 2171 178 2216 quam
192 2157 380 2201 hominis
397 2165 599 2211 mortem,
621 2156 808 2201 credidit
835 2155 909 2200 ille
927 2164 1208 2214 regnaturum
1231 2169 1321 2198 esse
1342 2162 1441 2213 post

46 2236 232 2271 mortem
260 2247 270 2272 ι
297 2227 582 2272 deseruerunt
613 2226 676 2270 illi
709 2242 961 2286 sponsorem
998 2227 1175 2280 salutis,
1208 2224 1440 2269 honoravit

47 2296 120 2340 ille
141 2297 308 2341 socium
341 2297 496 2341 crucis.
531 2300 713 2341 Inventa
742 2307 806 2341 est
831 2298 875 2341 in
906 2312 957 2341 eo
978 2311 1181 2340 mensura
1205 2295 1408 2352 Martyris
1426 2330 1436 2349 ‚

48 2367 123 2427 qui
147 2376 252 2410 tunc
285 2368 331 2410 in
368 2367 592 2412 Christum
622 2366 829 2422 credidit,
864 2367 1042 2427 quando
1083 2365 1338 2411 defecerunt
1365 2365 1442 2425 qui

98 2495 105 2509 ¹
129 2489 220 2519 Joan.
241 2498 290 2527 111,
309 2487 340 2520 5.
359 2505 400 2511 —
415 2495 427 2510 ²
447 2488 560 2521 Matth.
583 2499 616 2528 x,
646 2489 698 2531 39.
715 2506 757 2512 -—-
775 2487 787 2511 3
807 2490 884 2520 Luc.
906 2499 993 2529 xxiii,
1013 2488 1066 2530 43.
1083 2486 1149 2515 -4
1167 2487 1314 2530 Cypriam.
1336 2485 1436 2528 Epist.

49 2543 88 2574 ad
106 2543 309 2575 Jubaianum.
334 2544 413 2576 Vide
439 2544 494 2576 lib.
524 2554 555 2575 lv
572 2548 686 2576 contra
702 2546 815 2576 Donat.
843 2555 914 2585 cap.
935 2554 1012 2581 xxn,
1032 2548 1065 2576 ct
1083 2543 1113 2575 in
1130 2543 1232 2575 Levit.
1253 2552 1313 2583 cap
1328 2551 1438 2575 xtvni,

51 2603 81 2629 et
99 2598 153 2631 lib.
179 2611 198 2631 n
218 2601 361 2631 Retract.
381 2610 451 2642 cap.
482 2598 520 2630 18
539 2603 570 2630 et
590 2598 641 2629 55.
