1804 3205
278 236 440 265 comum
475 237 582 266 nirAs
617 239 746 267 misr.
783 238 1010 269 Putem«.
1050 242 1129 268 Lin.
1169 244 1215 269 ιι.
1367 231 1447 271 457

59 303 248 346 animam
272 317 440 356 eorum,
465 305 497 347 si
522 315 745 363 peccatum
770 307 898 350 etiam
924 305 1043 366 quod
1066 316 1128 351 est
1151 307 1332 363 lactum,
1359 311 1450 354 dic-

60 382 150 416 tum
164 408 174 427 ,
194 373 453 432 cogitatum,
477 383 681 434 tanquam
699 377 975 420 commissum
995 376 1142 432 fucrit,
1160 379 1218 422 sic
1237 381 1447 437 punitur?

58 445 185 497 Quod
210 445 244 488 si
278 446 632 490 absurdissimum
650 483 660 501 ,
695 447 1019 493 insulsissimum
1037 484 1047 503 ,
1078 449 1445 495 dementissimum

57 524 148 570 est,
176 516 394 576 quoslibet
417 518 612 562 homines
636 534 685 561 cx
710 519 773 563 his
797 520 983 579 peccatis
1000 555 1011 574 ‚
1036 535 1223 580 quorum
1253 537 1330 565 ncc
1354 538 1447 566 rea-

59 596 151 631 tum
175 602 224 630 ex
249 589 502 647 parentibus
528 590 722 645 trahere,
749 590 860 634 sicut
887 591 1025 635 dicitis
1046 626 1056 645 ,
1088 607 1168 636 nec
1192 607 1239 636 ea
1264 608 1352 638 non
1376 609 1444 638 so-

58 657 148 702 lum
171 660 466 714 committere,
492 660 567 704 sed
591 676 669 705 nec
693 661 842 706 saltem
867 664 1056 721 cogitare
1080 672 1334 722 potuerunt,
1359 680 1448 709 esse

55 729 327 776 damnandos
342 752 353 790 3
371 731 481 776 redit
499 732 553 776 ad
571 748 646 777 vos
663 732 794 778 frater
819 733 891 778 ille
913 735 1108 792 geminus
1130 735 1329 794 baptizati
1359 752 1445 781 non

57 801 294 860 baptizatus
316 839 325 856 ‚
357 813 400 848 et
433 805 586 848 tacitus
608 805 764 863 quaerit
787 821 809 850 a
833 806 955 850 vobis
975 841 985 859 ,
1012 805 1130 850 unde
1158 806 1289 851 fuerit
1311 823 1334 851 a
1356 808 1446 851 fra-

56 881 174 916 terna
204 872 412 919 felicitate
437 874 648 920 discretus
669 911 679 930 ‚
706 893 784 921 cur
807 876 879 921 illa
904 876 1157 921 infelicitate
1179 879 1375 936 punitus,
1399 888 1446 923 ut

52 943 126 987 illo
151 944 194 987 in
226 946 301 988 Dei
334 945 470 990 tilium
501 947 707 1006 adoptato
729 984 738 1001 ,
769 949 859 1007 ipse
888 964 975 992 non
1005 949 1218 1007 acciperet
1242 950 1445 993 omnibus

51 1014 254 1059 aetatibus
290 1017 578 1061 necessarium
600 1053 610 1072 ‚
644 1019 755 1063 sicut
786 1018 1011 1072 fatemini,
1043 1028 1384 1076 sacramentum,
1412 1020 1444 1063 si

50 1086 423 1145 quemadmodum
455 1087 575 1132 nulla
611 1097 672 1132 est
707 1087 880 1133 fortuna
913 1087 980 1132 vel
1016 1087 1185 1143 fatum,
1225 1088 1292 1132 vel
1328 1090 1442 1148 apud

51 1159 188 1200 Deum
221 1159 414 1217 acceptio
447 1173 756 1217 personarum,
787 1160 845 1204 ita
877 1158 1048 1202 nullum
1079 1168 1143 1203 est
1173 1160 1321 1218 gratiae
1352 1161 1444 1204 sine

49 1227 212 1271 meritis
234 1227 418 1281 donum,
445 1229 615 1273 nullum
639 1230 848 1288 originale
870 1239 1113 1289 peccatum.
1142 1231 1253 1275 Huic
1269 1245 1444 1290 prorsus

48 1296 203 1341 intanti
227 1298 419 1356 linguam
445 1309 631 1344 vestram
661 1315 902 1360 vocemque
925 1299 1193 1354 submittitiS,
1225 1301 1326 1345 huic
1353 1317 1442 1346 non

46 1367 246 1428 loquenti
267 1370 375 1430 quid
398 1370 637 1430 loquamini
661 1387 749 1416 non
776 1371 958 1415 habetis.

108 1441 249 1483 xvn.
286 1442 382 1484 Jam
408 1456 526 1485 nunc
553 1441 776 1486 videamus
794 1477 804 1496 ,
832 1451 880 1486 ut
908 1456 1136 1501 possumus
1153 1477 1163 1496 ,
1190 1442 1272 1486 hoc
1300 1444 1440 1502 ipsum

48 1509 168 1569 quod
204 1510 360 1555 volunt
382 1513 626 1571 praecedere
655 1514 697 1557 in
729 1514 929 1568 homine,
966 1523 1013 1557 ut
1048 1512 1265 1572 adjutorio
1295 1516 1443 1573 gratiae

47 1581 206 1640 dignus
237 1581 470 1637 habeatur,
497 1593 540 1627 et
563 1583 639 1642 qui
661 1584 814 1627 merito
847 1584 937 1643 ejus
959 1598 1048 1626 non
1073 1592 1283 1642 tanquam
1314 1584 1440 1628 inde-

47 1651 136 1695 bita
159 1653 379 1697 tribuatur
396 1688 406 1708 ,
433 1654 508 1697 sed
532 1652 676 1697 debita
705 1653 840 1712 gratia
868 1653 1115 1708 tribuatur,
1143 1668 1191 1696 ac
1222 1653 1281 1698 sic
1305 1655 1439 1712 gratia

43 1723 132 1781 jam
151 1738 240 1767 non
263 1724 317 1767 sit
339 1724 474 1782 gratia
501 1743 509 1768 :
534 1723 757 1767 videamus
781 1732 925 1767 tamen
944 1722 1051 1782 quid
1074 1721 1183 1766 illud
1205 1724 1272 1767 sit.
1303 1742 1322 1765 «
1348 1725 1439 1768 Sub

47 1793 246 1846 nomine,
275 1793 503 1852 inquiunt,
529 1793 676 1850 gratiae
698 1793 757 1838 ita
781 1791 920 1837 fatum
945 1802 1165 1847 asserunt,
1193 1802 1241 1837 ut
1263 1793 1432 1849 dicant,

45 1866 146 1925 quia
168 1866 248 1909 nisi
270 1866 407 1910 invito
429 1875 471 1910 et
500 1864 730 1911 reluctanti
754 1866 920 1911 homini
940 1866 1211 1925 inspiraverit
1236 1866 1340 1911 boni
1359 1903 1369 1922 ,
1396 1877 1438 1912 et

45 1937 178 1995 ipsius
216 1936 482 1996 imperfecti,
521 1936 833 1996 cupiditatem,
867 1952 946 1981 nec
978 1952 1001 1981 a
1036 1936 1151 1981 malo
1184 1937 1432 1993 declinare,

46 2023 126 2052 nec
147 2009 312 2052 bonum
338 2009 470 2067 possit
492 2010 694 2067 arripere.
724 2027 743 2049 »
770 2011 865 2052 Jam
890 2007 944 2053 de
966 2009 1058 2054 fato
1081 2018 1123 2052 et
1146 2010 1282 2067 gratia
1304 2025 1436 2070 quam

46 2078 191 2122 inania
220 2078 459 2139 loquantur
491 2079 759 2123 ostendimus
793 2099 802 2124 :
838 2094 956 2123 nunc
983 2078 1094 2123 illud
1124 2088 1187 2122 est
1209 2080 1330 2138 quod
1358 2080 1436 2124 de-

47 2149 201 2193 bemus
224 2150 448 2193 advertere
476 2159 624 2193 utrum
646 2150 784 2194 invito
807 2158 850 2193 et
879 2149 1111 2194 reluctanti
1137 2150 1301 2194 homini
1325 2153 1437 2194 Deus

49 2219 229 2278 inspiret
251 2219 355 2263 boni
379 2219 686 2279 cupiditatem,
713 2229 761 2262 ut
782 2221 872 2279 jam
894 2235 983 2264 non
1003 2220 1056 2263 sit
1081 2220 1321 2274 reluctans,
1348 2235 1437 2264 non

47 2291 102 2333 sit
133 2290 314 2344 invitus,
340 2289 414 2334 sed
440 2291 712 2334 consentiens
739 2290 880 2343 bono,
907 2299 948 2334 et
977 2290 1125 2334 volens
1148 2290 1330 2334 bonum.
1362 2292 1436 2335 Isti

47 2360 162 2403 enim
186 2362 361 2415 volunt,
386 2360 430 2403 in
454 2359 632 2404 homine
655 2362 709 2402 ab
731 2359 824 2418 ipso
849 2360 1026 2403 homine
1051 2360 1240 2419 incipere
1262 2360 1435 2419 cupidi-

46 2439 180 2474 tatem
212 2430 338 2485 boni,
382 2440 430 2475 ut
459 2431 588 2491 hujus
620 2430 752 2489 coepti
783 2430 982 2474 meritum
1016 2431 1146 2475 etiam
1182 2431 1435 2490 perficiendi

48 2501 183 2560 gratia
202 2510 493 2561 consequatur
514 2521 522 2545 2
545 2501 578 2544 si
597 2510 741 2544 tamen
763 2500 845 2545 hoc
867 2500 1016 2545 saltem
1041 2500 1209 2546 volunt.
1236 2500 1434 2559 Pelagius

48 2571 162 2615 enim
191 2570 359 2617 facilius
388 2571 494 2617 dicit
521 2570 688 2632 impleri
721 2569 842 2631 quod
874 2570 1041 2617 bonum
1070 2581 1155 2626 est,
1190 2573 1223 2616 si
1257 2570 1434 2631 adjuvet
