1804 3205
465 197 546 223 Lm.
586 198 614 223 ι.
652 197 704 224 οε
735 197 888 224 onum
921 198 1099 224 cunrsri.
1394 191 1473 229 135

96 259 196 303 hinc
218 258 472 318 respondeat
490 258 728 304 videamus.
760 262 812 304 Ut
833 260 948 304 enim
972 261 1222 305 omittamus
1251 263 1341 321 ejus
1364 264 1477 309 invi-

92 328 233 374 diosas
253 328 308 372 de
328 330 415 373 suis
438 330 619 374 inimicis
641 329 854 389 querelas,
880 329 956 375 ubi
983 330 1038 375 ad
1070 346 1160 376 rem
1184 341 1363 377 ventum
1387 344 1474 389 est,

94 399 154 443 ita
170 398 343 444 locutus
365 408 443 444 cst.

153 471 364 514 XXXIII.
395 488 415 511 «
435 472 563 524 Ecce,
584 469 743 530 inquit,
761 469 877 529 apud
894 469 1209 515 beatitudinem
1224 480 1343 516 tuam
1363 473 1477 531 epis-

92 538 181 584 tola
204 539 283 583 ista
298 554 367 584 me
387 550 556 599 purget,
582 541 627 584 in
649 556 734 600 qua
759 555 865 599 pure
884 551 1014 601 atque
1031 541 1283 601 simpliciter
1299 542 1354 587 ad
1376 558 1479 602 pec-

91 609 280 655 candum
309 619 352 654 et
385 611 441 654 ad
475 626 564 656 non
598 612 868 671 peccandum
896 613 1112 671 integrum
1141 612 1328 657 liberum
1361 614 1479 658 arbi-

93 681 223 724 trium
244 680 404 725 habere
429 697 507 726 nos
539 681 744 737 dicimus,
769 681 887 742 quod
915 685 960 727 in
988 683 1191 728 omnibus
1217 684 1342 730 bonis
1371 700 1479 744 ope·-

91 752 212 796 ribus
233 751 381 797 divino
403 752 632 813 adjuvatur
657 769 827 812 semper
849 755 1023 799 auxilio.
1051 774 1069 796 »
1096 756 1281 801 Cernitis
1303 756 1450 816 itaque
1465 793 1476 812 ,

92 837 171 881 pro
191 821 414 867 intellectu
434 839 564 883 quem
586 824 708 869 vobis
732 825 941 870 Dominus
959 824 1094 879 dedit,
1115 826 1207 870 haec
1230 828 1322 886 ejus
1346 828 1478 872 verba

90 892 311 937 solvendae
334 909 423 938 non
445 895 643 939 sufficere
658 896 900 955 quaestioni.
922 896 1166 948 Quaerimus
1183 896 1298 939 enim
1313 896 1475 950 adhuc,

87 979 177 1023 quo
191 963 348 1008 auxilio
362 964 547 1008 liberum
562 965 754 1025 adjuvari
769 964 884 1010 dieat
898 965 1140 1020 arbitrium,
1153 981 1208 1010 ne
1222 965 1352 1022 forte,
1368 968 1477 1012 sicut

89 1033 214 1089 solet,
236 1034 338 1079 velit
357 1034 538 1092 intelligi
560 1034 699 1093 legem
722 1045 852 1096 atque
870 1035 1128 1080 doctrinam.
1157 1037 1200 1081 Si
1221 1037 1336 1081 enim
1356 1053 1477 1098 quae-

89 1118 155 1148 ras
171 1118 248 1148 cur
265 1104 436 1159 dixerit,
460 1119 667 1164 «semper
694 1124 702 1150 :
732 1124 751 1146 »
773 1106 934 1165 poterit
957 1105 1233 1165 respondere,
1258 1108 1359 1167 quia
1382 1107 1476 1152 dic-

89 1183 182 1219 tum
205 1183 269 1220 est
291 1194 300 1220 :
332 1194 352 1217 «
377 1178 433 1220 Et
455 1176 501 1220 in
525 1175 621 1235 lege
642 1178 734 1236 ejus
766 1177 1047 1222 meditabitur
1069 1177 1140 1222 die
1163 1193 1211 1222 ac
1250 1188 1377 1224 nocte
1394 1182 1422 1223 ¹.
1452 1197 1472 1221 »

88 1245 253 1290 Deinde
263 1261 365 1291 cum
380 1245 434 1291 de
452 1248 638 1292 hominis
652 1246 919 1303 conditione,
936 1258 978 1292 et
992 1247 1044 1293 ad
1060 1250 1331 1308 peccandum
1345 1259 1476 1309 atque

88 1331 177 1360 non
189 1316 458 1374 peccandum
471 1316 657 1362 naturali
669 1319 760 1377 ejus
778 1317 1061 1377 possibilitate
1075 1319 1275 1379 quaedam
1288 1319 1475 1379 interpo-

87 1386 253 1441 suisset,
268 1387 464 1447 adjunxit
477 1388 624 1432 dicens
640 1392 798 1441 :Quam
817 1387 939 1432 liberi
953 1388 1118 1432 arbitrii
1134 1398 1392 1448 potestatem
1404 1390 1474 1434 di-

87 1456 224 1501 cimus
246 1456 291 1500 in
311 1457 516 1501 omnibus
532 1472 622 1501 esse
644 1456 916 1516 generaliter,
933 1458 979 1501 in
995 1458 1265 1514 Christianis,
1286 1459 1472 1516 Judaeis,

87 1536 218 1586 atque
236 1527 486 1586 gentilibus.
508 1531 560 1572 ln
580 1528 784 1573 omnibus
801 1538 864 1573 est
885 1529 1072 1574 liberum
1088 1530 1316 1575 arbitrium
1332 1546 1475 1590 aequa-

87 1595 187 1641 liter
202 1612 275 1656 per
287 1606 506 1653 naturam,
522 1598 599 1642 sed
616 1598 661 1642 in
677 1599 775 1644 solis
790 1600 1230 1660 Christianisjuvatur
1248 1617 1271 1646 a
1286 1602 1435 1660 gratia.
1451 1619 1471 1643 »

88 1670 253 1712 Iterum
288 1668 524 1728 quaerimus
545 1684 631 1728 qua
655 1669 823 1727 gratia?
860 1672 916 1714 Et
950 1670 1092 1716 adhuc
1119 1671 1280 1731 poterit
1302 1687 1475 1732 respon-

89 1737 208 1792 dere,
232 1739 326 1797 lege
348 1748 480 1799 atque
499 1740 698 1784 doctrina
720 1740 968 1784 christiana.

147 1811 352 1853 XXXIV.
373 1809 538 1854 Deinde
552 1809 795 1870 quamlibet
812 1812 968 1855 sentiat
985 1812 1190 1869 gratiam,
1209 1813 1308 1871 ipsis
1326 1812 1475 1858 Chris-

91 1879 216 1924 tianis
236 1881 476 1924 secundum
497 1881 647 1925 merita
671 1880 763 1924 dari
777 1880 882 1925 dicit
904 1900 913 1925 2
933 1896 1033 1925 cum
1055 1896 1126 1926 eos
1144 1882 1221 1941 qui
1240 1882 1323 1927 hoc
1343 1882 1473 1928 dicit:

89 1964 191 1994 cum
220 1964 292 1994 eos
323 1950 399 2009 qui
425 1951 507 1994 hoc
529 1949 708 2005 diCunt,
738 1951 826 2009 jam
857 1951 902 1995 in
932 1951 1180 2006 Palaestina,
1214 1953 1325 1997 sieut
1347 1968 1475 2012 supra

90 2022 442 2076 commemoravi,
473 2036 548 2065 sua
568 2021 641 2066 illa
670 2020 875 2080 praeclara
903 2024 1160 2082 purgatione
1186 2022 1472 2070 damnaverit.

91 2094 200 2137 Nam
222 2092 352 2136 verba
375 2093 466 2151 ejus
482 2093 561 2136 ista
583 2101 684 2136 sunt
712 2111 720 2137 2
753 2111 772 2133 «
804 2095 854 2136 In
880 2092 987 2149 illis,
1026 2094 1197 2155 Inquit,
1229 2095 1398 2139 nudum
1433 2103 1475 2139 et

92 2163 255 2206 inerme
288 2172 351 2207 est
374 2162 633 2208 conditionis
655 2162 821 2207 bonum
849 2183 858 2209 :
889 2183 908 2205 »
938 2165 983 2209 in
1005 2165 1064 2210 eis
1087 2164 1219 2221 dicit,
1241 2166 1316 2225 qui
1334 2166 1476 2211 Chris-

94 2234 198 2278 tiani
217 2248 306 2278 non
327 2242 444 2278 sunt.
476 2233 641 2278 Deinde
657 2243 814 2279 caetera
836 2244 1068 2280 contexens
1093 2256 1102 2280 :
1133 2255 1149 2276 (ι
1183 2239 1234 2280 In
1263 2236 1328 2280 his
1355 2251 1470 2290 vero,

93 2305 255 2364 iuquit,
286 2305 361 2364 qui
388 2304 442 2349 ad
462 2305 685 2350 Christum
703 2305 939 2363 pertinent,
958 2307 1118 2352 Christi
1142 2307 1338 2351 munitur
1356 2307 1478 2351 auxi—

94 2374 169 2420 lio.
199 2393 219 2415 »
246 2374 412 2420 Videtis
431 2376 576 2421 adhuc
596 2377 811 2420 incertum
829 2391 919 2421 esse
939 2392 1028 2437 quo
1043 2378 1218 2433 auxilio,
1239 2378 1480 2423 secundum

97 2459 146 2488 ea
178 2460 279 2504 quae
313 2459 443 2505 supra
478 2445 682 2490 diximus·
721 2446 805 2491 Sed
834 2446 978 2492 adhuc
1006 2447 1202 2506 sequitur
1232 2448 1287 2491 de
1314 2448 1378 2492 his
1405 2447 1481 2506 qui

147 2535 154 2550 ¹
180 2527 260 2559 Psal.
282 2539 305 2569 i,
324 2537 355 2560 ⁴2.
