1784 3205
309 254 362 290 86
747 263 779 288 s.
815 259 1042 287 AUGUSTINI
1080 257 1260 285 muscom

310 333 402 373 Nou
424 343 513 371 osse
535 327 720 370 liberum
746 325 969 369 arbitrium
984 357 994 377 ,
1021 324 1054 366 si
1078 322 1152 366 Dei
1175 320 1366 379 indigeat
1388 319 1562 375 auxilio,
1587 334 1694 380 quo-

307 400 421 442 niam
436 399 479 441 in
495 397 665 456 propria
682 395 903 439 voluntate
917 393 1045 436 habet
1063 393 1357 451 unusquisque
1372 399 1447 434 aut
1461 389 1598 434 facere
1613 391 1691 434 ali-

305 469 428 528 quid,
448 465 791 511 autnousacere.
813 483 829 503 »
845 466 894 505 ln
908 462 1167 506 duodecimo
1179 461 1395 520 capitulo:
1418 479 1433 499 «
1460 460 1691 504 Victoriam

308 548 497 582 nostram
528 552 620 579 non
651 551 702 578 ex
736 534 811 577 Dei
844 548 933 575 esse
962 532 1191 592 adjutorio,
1217 530 1291 575 sed
1322 546 1374 573 ex
1404 530 1542 574 libero
1575 530 1692 573 arbi—

309 610 388 654 trio
407 628 415 652 ;
434 627 452 649 υ
475 606 593 666 quod
613 606 772 649 inferre
793 603 934 647 dictus
948 613 1011 647 est
1029 605 1094 647 his
1111 604 1252 647 verbis
1270 621 1279 647 :
1300 605 1454 647 Nostra
1472 611 1536 645 est
1557 602 1694 646 victo-

305 680 384 733 ria,
421 677 628 737 quoniam
665 674 838 734 propria
867 674 1095 733 voluntate
1126 689 1243 717 arma
1273 672 1556 732 suscepimus,
1587 672 1697 717 sicut

305 764 328 792 e
360 746 577 791 contrario
606 754 803 789 nostrum
833 754 896 787 est
925 744 1103 802 quando
1131 743 1362 798 vincimur,
1391 743 1596 802 quoniam
1624 757 1694 785 ar·-

304 818 413 863 mari
443 817 615 876 propria
646 814 871 859 voluntate
903 814 1257 871 contempsimus.
1286 831 1306 854 »
1332 815 1388 856 Et
1416 812 1470 855 de
1499 812 1695 871 apostolo

308 892 437 933 Petro
470 886 614 946 posuit
648 884 967 937 testimonium,
1007 902 1025 924 «
1062 883 1222 927 divinae
1250 898 1328 926 nos
1357 897 1446 926 esse
1478 892 1698 927 consortes

310 968 494 1004 naturae.
530 959 586 1001 Et
622 955 921 1013 syllogismum
950 953 1091 998 facere
1132 953 1290 998 dicitur
1317 973 1324 997 :
1356 972 1375 994 «
1410 954 1621 1005 Quoniam
1663 955 1695 998 si

306 1030 448 1074 anima
466 1043 555 1072 non
573 1035 713 1086 potest
735 1040 825 1069 esse
844 1025 935 1068 sine
957 1033 1153 1083 peccato,
1180 1039 1282 1083 ergo
1303 1033 1346 1067 et
1367 1026 1480 1067 Deus
1502 1024 1697 1083 subjacet

302 1108 505 1159 peccato,
537 1098 661 1156 eujus
690 1111 803 1155 pars,
829 1096 913 1139 hoc
936 1104 999 1139 est
1021 1095 1179 1149 anima,
1204 1102 1382 1153 peccato
1407 1094 1588 1138 abnoxia
1611 1103 1690 1138 est.

303 1172 354 1214 In
369 1169 497 1213 tertio
514 1168 684 1211 decimo
702 1165 893 1225 capitulo
912 1165 1032 1219 dicit,
1052 1165 1267 1218 Quoniam
1285 1165 1599 1223 poenitentibus
1615 1180 1693 1209 ve·-

300 1241 371 1283 nia
402 1254 491 1283 non
525 1238 653 1282 datur
686 1237 928 1281 secundum
956 1236 1133 1295 gratiam
1169 1245 1211 1279 et
1238 1235 1575 1279 misericordiam
1597 1235 1688 1289 Dei,
1722 1284 1725 1286 ,

300 1310 375 1354 sed
389 1310 630 1353 secundum
646 1308 798 1351 merita
812 1307 1067 1360 etlaborem
1086 1322 1236 1351 eorum
1251 1341 1261 1361 ,
1281 1308 1357 1366 qui
1375 1322 1452 1365 per
1471 1306 1691 1366 poeniten-

300 1379 541 1439 tiamdigni
557 1378 721 1421 fuerint
741 1377 1049 1421 misericordia.
1080 1395 1100 1417 »

362 1451 525 1493 XLIII.
548 1448 624 1490 His
640 1447 827 1490 recitatis
844 1446 1044 1503 Synodus
1060 1448 1164 1491 dixit
1187 1466 1195 1491 z
1220 1466 1239 1488 «
1265 1447 1381 1499 Quid
1402 1445 1455 1490 ad
1478 1447 1571 1490 haec
1595 1462 1695 1506 quae

304 1520 415 1564 lecta
437 1527 539 1562 sunt
561 1517 751 1577 capitula
774 1516 879 1560 dicit
900 1532 1086 1575 praesens
1102 1517 1298 1574 Pelagius
1317 1517 1582 1560 monachus?
1604 1519 1696 1561 Hoc

305 1590 419 1634 enim
454 1588 658 1646 reprobat
688 1596 835 1631 sancta
868 1587 1095 1644 Synodus,
1128 1595 1170 1630 et
1203 1595 1350 1630 sancta
1378 1587 1457 1630 Dei
1485 1586 1696 1630 catholiea

305 1659 512 1703 Ecclesia.
542 1677 560 1700 >›
587 1657 785 1716 Pelagius
808 1656 1030 1716 respondit
1057 1676 1066 1701 2
1096 1676 1115 1698 «
1145 1660 1308 1700 Iterum
1328 1656 1427 1701 dico
1443 1691 1455 1712 ,
1480 1657 1583 1715 quia
1604 1658 1697 1701 haec

305 1740 349 1774 et
379 1730 623 1774 secundum
651 1730 843 1788 ipsorum
871 1728 1182 1782 testimonium,
1218 1743 1307 1772 non
1335 1736 1437 1771 sunt
1465 1743 1592 1785 mea,
1618 1742 1697 1787 pro

303 1800 484 1860 quibus,
505 1810 556 1843 ut
572 1799 689 1853 dixi,
710 1797 1044 1843 satisfactionem
1065 1814 1154 1842 non
1171 1799 1311 1842 debeo
1332 1818 1341 1843 ι
1361 1814 1461 1858 quae
1478 1814 1581 1843 vero
1600 1814 1696 1843 mea

303 1886 392 1915 esse
417 1871 639 1915 consessus
668 1885 781 1924 sum,
807 1871 900 1913 haec
932 1879 1047 1913 reeta
1074 1885 1163 1913 esse
1192 1871 1361 1914 affirmo
1387 1890 1395 1915 :
1422 1886 1521 1930 quae
1550 1884 1696 1915 autem

303 1940 389 1984 dixi
417 1956 507 1985 non
535 1955 625 1984 esse
651 1955 762 1994 mea,
795 1939 1037 1984 secundum
1060 1940 1276 1999 judicium
1303 1949 1462 1984 sanctae
1492 1941 1697 1985 Ecclesiae

305 2011 509 2069 reprobo,
535 2011 764 2054 anathema
781 2010 929 2053 dicens
955 2012 1074 2054 omni
1097 2011 1443 2055 contravenienti
1461 2020 1505 2055 et
1523 2020 1697 2056 contra-

306 2080 469 2125 dicenti
491 2090 650 2124 sanctae
672 2079 895 2124 catholicae
918 2079 1121 2123 Ecclesiae
1144 2081 1367 2125 doctrinis.
1393 2084 1487 2140 Ego
1511 2082 1627 2126 enim
1653 2083 1699 2126 in

309 2152 439 2196 unius
468 2151 719 2194 substantiae
748 2151 1000 2194 Trinitatem
1026 2149 1172 2205 credo,
1208 2160 1251 2194 et
1283 2152 1429 2195 omnia
1454 2153 1695 2196 seeundum

308 2222 547 2267 doctrinam
571 2231 728 2266 sanctae
750 2220 976 2266 catholicae
1007 2221 1212 2266 Ecclesiae
1237 2222 1298 2266 :si
1328 2223 1426 2282 quis
1456 2238 1559 2268 vero
1590 2222 1696 2267 alie-

309 2309 365 2337 na
386 2294 441 2337 ab
462 2294 544 2338 hae
566 2294 676 2352 sapit
698 2328 709 2348 ,
733 2293 964 2336 anathema
985 2293 1053 2337 sit.
1083 2311 1103 2334 n

365 2366 524 2408 XLIV.
549 2362 751 2421 Synodus
769 2363 875 2407 dixit
900 2382 910 2408 :
941 2382 960 2405 «
979 2365 1107 2409 Nune
1124 2363 1333 2423 quoniam
1348 2363 1616 2408 satisfactum
1634 2373 1698 2409 est

309 2434 434 2478 nobis
474 2433 848 2493 prosecutionibus
890 2434 1113 2493 praesentis
1153 2433 1315 2492 Pelagii
1351 2435 1553 2479 monachi
1575 2470 1587 2490 ‚
1621 2435 1697 2495 qui

305 2505 483 2566 quidem
510 2505 590 2564 piis
618 2504 827 2551 doctrinis
856 2507 1087 2561 consentit,
1115 2506 1329 2552 contraria
1358 2521 1461 2551 vero
1490 2505 1705 2557 Ecclesiae,

357 2597 366 2613 ¹
389 2599 408 2624 2
426 2592 512 2625 Petr.
532 2602 557 2631 1,
574 2590 606 2631 [4.
