1804 3205
262 241 315 269 na
348 241 514 269 mimis
546 240 599 268 ιιι·
628 239 997 279 comensem-ru,
1033 240 1114 267 mn.
1152 241 1180 265 1.
1337 225 1420 265 203

38 305 246 351 fallaciter
264 305 320 350 ab
342 305 511 364 Angelo
534 306 702 350 dictum
717 314 783 350 est
804 305 858 349 ad
884 304 1042 364 Joseph
1071 324 1080 348 ;
1109 321 1129 346 «
1153 302 1250 348 Noli
1274 304 1423 346 timere

40 375 280 436 »accipere
311 376 489 420 Mariam
527 376 756 435 conjugem
789 377 953 419 tuam¹.
992 391 1013 415 »
1048 374 1218 433 Conjux
1245 382 1423 417 vocatur

37 461 88 491 ex
107 447 243 506 prima
260 447 346 491 lide
367 446 726 505 desponsationis,
753 461 884 505 quam
900 445 1136 490 concubitu
1160 459 1239 488 nec
1261 459 1424 502 cogno-

38 526 173 572 verat,
199 533 279 562 nee
305 517 447 562 suerat
475 517 726 575 cogniturus
759 536 767 560 :
793 532 871 560 nec
900 516 1099 575 perierat,
1131 531 1210 559 nec
1237 513 1424 558 mendax

37 598 255 634 manserat
273 590 470 648 conjugis
493 588 743 648 appellatio,
769 588 845 632 ubi
869 602 949 632 nce
976 586 1138 642 suerat,
1173 601 1252 631 nec
1278 585 1426 630 sutura

37 669 129 705 erat
151 661 290 706 earnis
313 660 400 705 ulla
417 661 682 705 commixtio.
705 662 810 704 Erat
829 660 990 720 quippe
1012 658 1084 703 illa
1108 659 1230 717 virgo
1254 658 1353 702 ideo
1383 666 1427 702 et

37 732 227 777 sanctius
239 743 281 776 et
293 731 734 790 mirabiliusjucunda
747 747 824 775 suo
837 731 945 786 viro,
960 731 1061 790 quia
1074 731 1202 774 etiam
1217 729 1426 773 foecunda

37 802 128 846 sine
149 803 258 857 viro,
277 802 410 870 [prole
429 803 591 862 dispar,
613 802 698 846 fide
725 798 929 864 compar]
943 805 1124 860 Propter
1153 800 1272 860 quod
1299 800 1426 844 lidelc
1457 818 1460 823 ’

37 873 288 931 conjugium
323 881 521 932 parentes
549 872 708 917 Christi
735 873 878 916 vocari
913 872 1042 916 ambo
1074 879 1354 924 meruerunt,
1385 879 1427 913 et

38 957 126 986 non
149 943 289 986 solum
313 942 384 986 illa
408 953 560 997 mater,
587 958 737 986 verum
766 943 893 985 etiam
924 941 997 985 ille
1030 949 1152 1000 pater
1177 942 1284 1000 ejus,
1315 939 1428 983 sicut

37 1014 199 1073 conjux
231 1015 377 1058 matris
404 1016 511 1073 ejus,
528 1012 783 1080 [utrumque
817 1022 988 1067 mente,
1027 1028 1117 1057 non
1146 1026 1293 1057 carne.
1332 1012 1428 1055 Sive
1467 1042 1472 1049 .

39 1092 184 1128 tamen
207 1084 279 1128 ille
294 1094 415 1144 pater
438 1084 526 1129 sola
547 1094 718 1139 mente,
747 1084 835 1128 sive
864 1083 935 1128 illa
954 1093 1092 1128 mater
1114 1092 1155 1128 et
1178 1099 1323 1138 carne,
1349 1097 1426 1142 pa-

37 1164 179 1199 rentes
202 1164 347 1199 tamen
365 1156 494 1200 ambo
511 1155 767 1199 humilitatis
785 1157 893 1215 ejuS,
916 1170 1004 1199 non
1027 1154 1332 1210 sublimitatis,
1362 1155 1429 1197 in-
1472 1167 1475 1171 ·

38 1226 267 1280 firmitatis,
293 1241 381 1270 non
405 1226 655 1270 divinitatis.
680 1230 830 1286 Neque
853 1226 967 1270 enim
999 1226 1208 1270 mentitur
1232 1228 1429 1283 Evange-

37 1295 163 1352 lium,
203 1297 279 1340 ubi
317 1296 474 1354 legitur
498 1317 505 1341 :
537 1316 556 1338 «
578 1300 633 1341 Et
656 1306 746 1341 erat
770 1306 891 1355 pater
908 1297 997 1356 ejus
1014 1306 1057 1340 et
1074 1305 1211 1340 mater
1225 1295 1430 1339 mirantes

42 1384 62 1408 »
87 1383 217 1427 super
240 1368 305 1412 his
332 1384 432 1427 quae
454 1368 714 1412 dicebantur
735 1368 789 1412 de
810 1367 927 1411 illo'2.
956 1385 976 1408 »
1000 1370 1056 1411 Et
1076 1367 1160 1411 alio
1180 1367 1303 1411 loco:
1329 1384 1348 1407 «
1374 1368 1431 1410 Et

41 1455 61 1478 »
86 1437 209 1482 ibant
242 1447 442 1498 parentes
473 1440 564 1498 ejus
587 1454 662 1498 per
690 1453 839 1483 omnes
863 1453 998 1482 annos
1020 1438 1065 1481 in
1097 1436 1377 1482 Jerusalemss.
1409 1455 1426 1476 »

40 1511 149 1553 Item
180 1510 310 1568 paulo
340 1519 438 1569 post
463 1528 471 1555 ε
501 1530 521 1552 «
548 1513 603 1554 Et
632 1510 741 1554 dixit
769 1518 906 1554 mater
936 1510 1025 1569 ejus
1053 1509 1106 1552 ad
1137 1508 1284 1562 illum,
1323 1507 1427 1561 Fili,

38 1597 60 1621 »
85 1580 193 1640 quid
213 1579 354 1625 fecisti
383 1580 507 1624 nobis
534 1582 619 1626 sic?
649 1583 762 1625 Ecce
791 1589 914 1640 pater
939 1589 1038 1624 tuus
1061 1590 1105 1624 et
1129 1594 1208 1638 ego
1235 1579 1431 1624 dolentes

40 1668 61 1691 i)
87 1651 393 1711 quaerebamus
412 1661 456 1696 te
473 1653 504 1696 ⁴,
526 1670 546 1694 »
566 1655 624 1696 At
640 1651 714 1696 ille
736 1661 786 1696 ut
802 1651 1052 1697 ostenderet
1072 1652 1235 1695 habere
1256 1666 1300 1695 se
1322 1665 1432 1710 prae-

37 1729 103 1765 ter
124 1720 219 1766 illos
242 1730 425 1781 patrem,
451 1722 528 1782 qui
549 1737 650 1766 eum
675 1722 826 1781 genuit
844 1732 1000 1781 praeter
1023 1732 1224 1775 matrem,
1250 1735 1431 1780 respon-

38 1791 103 1836 dit
124 1792 199 1837 eis.
232 1811 252 1834 «
273 1793 386 1846 Quid
408 1802 471 1837 est
494 1793 614 1853 quod
635 1808 706 1837 me
729 1793 1016 1854 quaerebatis?
1039 1792 1303 1839 Nesciebatis
1324 1792 1427 1850 quia

41 1881 62 1905 »
88 1864 134 1907 in
154 1864 219 1907 his
235 1879 335 1922 quae
355 1864 491 1908 Patris
508 1865 594 1908 mei
616 1874 735 1918 sunt,
755 1872 928 1923 oportet
947 1879 1018 1908 me
1040 1878 1130 1907 esse
1145 1865 1189 1905 ⁵?
1214 1881 1234 1904 »
1257 1866 1313 1907 Et
1337 1877 1432 1906 rur·

38 1948 150 1988 sum,
171 1948 226 1977 ne
249 1934 331 1978 hoc
353 1932 472 1978 dieto
489 1944 690 1993 parentes
711 1934 808 1979 illos
826 1949 1004 1993 negasse
1021 1943 1265 1994 putaretur,
1287 1936 1432 1978 Evan—

39 2004 190 2064 gelista
211 2015 385 2050 secutus
408 2007 603 2066 adjunxit
625 2025 633 2051 :
663 2025 683 2048 «
707 2009 762 2051 Et
785 2007 866 2065 ipsi
898 2022 987 2050 non
1011 2005 1317 2050 intellexerunt
1333 2020 1432 2049 ver-

43 2094 64 2119 »
88 2076 194 2121 bum
217 2075 338 2136 quod
357 2077 530 2122 locutus
548 2086 612 2122 est
630 2077 686 2122 ad
710 2077 823 2133 illos,
847 2086 891 2122 et
917 2076 1143 2122 descendit
1165 2092 1265 2122 cum
1288 2077 1364 2131 eis,
1391 2085 1434 2120 et

44 2165 65 2189 »
90 2147 210 2192 venit
225 2148 455 2203 Nazareth,
481 2157 524 2192 et
542 2157 634 2192 erat
655 2148 856 2192 subditus
879 2147 978 2192 illis.
1002 2166 1022 2189 »
1046 2147 1215 2201 Quibus
1234 2145 1433 2191 subditus

41 2218 122 2262 nisi
142 2218 427 2277 parentibus?
449 2219 556 2272 Quis
572 2228 717 2263 autem
739 2219 957 2274 subditus,
978 2219 1059 2263 nisi
1076 2221 1200 2263 Jesus
1217 2218 1431 2272 Christus,

42 2289 242 2348 quicum
273 2289 318 2333 in
347 2289 487 2334 forma
508 2291 586 2334 Dei
609 2299 734 2345 esset,
765 2305 854 2334 non
886 2290 1081 2349 rapinam
1109 2289 1342 2333 arbitratus
1370 2298 1434 2333 est

43 2374 131 2404 esse
153 2359 332 2420 aequalis
354 2362 500 2405 Deoss?
518 2362 608 2406 Cur
622 2376 725 2419 ergo
740 2360 821 2404 illis
843 2359 1061 2413 subditus,
1080 2360 1154 2419 qui
1169 2359 1300 2418 longe
1321 2357 1432 2403 infra

44 2429 229 2475 formam
245 2430 321 2474 Dei
336 2440 476 2486 erant,
493 2431 573 2475 nisi
590 2432 693 2491 quia
707 2431 985 2490 semetipsum
1000 2430 1235 2475 exinanivit
1248 2429 1431 2474 formam

94 2536 104 2554 ¹
124 2531 240 2564 Maith.
260 2543 286 2572 1,
305 2539 358 2563 20.
373 2548 414 2554 —
430 2538 444 2554 ²
464 2533 540 2565 Luc.
561 2543 596 2574 n,
615 2533 667 2566 33.
683 2531 749 2556 --3
768 2531 850 2565 Ibid.
871 2532 926 2573 4¹·
946 2529 1011 2557 -4
1031 2531 1113 2565 lbid.
1138 2530 1190 2571 48.
1207 2529 1370 2562 -51b1'd.
1390 2528 1433 2571 49

46 2590 80 2619 et
97 2597 183 2630 seqq.
200 2585 268 2612 ...6
286 2587 397 2630 Philip.
419 2598 457 2630 ιι,
474 2589 508 2620 6.

1616 1259 1652 1303 a(
1619 1214 1630 1229 ·-
