1804 3205
354 190 406 215 nit
441 189 576 216 AMMA
613 190 664 216 aa*
698 189 795 216 mus
830 188 1024 222 ouimmz,
1060 189 1142 215 μυ.
1182 190 1238 215 ιν.
1411 180 1493 217 395

103 261 224 312 paret
237 262 312 297 aut
330 253 526 297 foemina.
547 253 630 298 Sed
649 264 791 298 tamen
808 253 841 298 si
855 252 1092 299 secundum
1115 261 1232 297 tuam
1246 255 1494 312 opinionem

101 332 144 369 et
166 338 323 382 corpus
343 332 407 368 est
441 324 598 378 anima,
623 333 666 368 et
688 325 834 368 vivum
861 338 1019 383 corpus
1035 332 1114 378 est,
1141 333 1183 368 et
1203 324 1333 369 habet
1353 340 1492 369 mam-

100 410 191 440 mas
214 394 484 453 protumidas
502 404 545 439 et
565 395 874 454 propendulas,
898 405 939 441 et
963 411 1051 440 non
1070 395 1203 440 habet
1229 395 1404 439 barbam
1419 431 1429 450 ,
1449 407 1493 442 et

99 465 232 510 habet
267 463 444 510 vulvam
477 473 520 508 et
548 464 750 522 genitalia
774 481 872 525 quae
897 466 1060 510 liabent
1086 465 1280 510 [heminae
1302 467 1492 524 corporis

99 536 312 590 membra,
330 544 372 579 et
387 551 473 579 non
489 545 553 580 est
572 535 751 580 foemina
776 552 963 594 :ego-ne
987 551 1074 581 non
1086 536 1228 581 dicam
1250 552 1348 581 vera
1370 552 1492 581 eons-

99 606 260 652 tantius
277 641 288 661 ‚
314 616 357 650 et
377 607 508 651 habet
530 607 731 661 oculum,
757 617 799 651 et
823 608 954 652 habet
970 607 1182 666 linguam,
1205 617 1249 652 et
1270 608 1403 654 habet
1424 608 1490 652 di-

99 677 237 736 gitum
253 712 265 732 ‚
290 687 333 722 et
355 678 488 723 habet
511 687 665 723 caetera
681 678 833 723 similia
859 679 1049 737 corporis
1071 679 1292 733 membra,
1324 689 1366 724 et
1399 681 1490 724 haec

96 757 188 793 tota
210 758 274 794 est
295 751 487 808 eorporis
514 751 775 804 similitudo,
805 767 893 796 non
916 766 1073 810 eorpus
1103 770 1110 795 ;
1143 766 1242 794 eum
1267 752 1349 795 hoc
1369 751 1490 810 quod

96 833 175 877 ego
193 819 294 865 dico
318 821 473 879 probet
495 821 612 880 apud
635 838 680 866 se
704 823 909 882 quisque,
945 838 1045 868 cum
1074 838 1255 881 corpora
1278 823 1489 881 imagina-

94 898 166 934 tur
189 892 462 948 absentium3
487 893 641 952 probet
662 902 802 947 certe,
829 909 928 938 eum
945 895 1101 952 figuras
1123 902 1166 937 et
1183 908 1303 937 suam
1323 902 1365 936 et
1387 892 1490 938 alias

93 975 274 1006 suorum
305 961 455 1007 recolit
479 964 747 1007 somniorum
777 983 784 1007 :
811 982 834 1009 a
866 974 906 1008 te
940 973 1087 1007 autem
1119 964 1250 1022 hujus
1278 962 1486 1017 monstri,

93 1030 167 1075 ubi
191 1041 233 1076 et
255 1047 406 1077 verum
427 1042 506 1085 est,
531 1042 575 1077 et
598 1034 744 1077 vivum
768 1042 847 1085 est,
875 1043 918 1076 et
940 1032 1198 1076 foemineum
1223 1041 1286 1077 est
1304 1048 1486 1091 corpus,

91 1111 134 1146 et
148 1101 379 1147 foemineus
402 1119 490 1147 non
507 1113 570 1148 est
592 1119 732 1159 sexus,
759 1102 934 1148 nullum
950 1104 993 1148 in
1015 1112 1169 1148 natura
1184 1118 1329 1148 rerum
1345 1102 1489 1161 profe-

92 1181 213 1217 ratur
235 1172 513 1232 exemplum?

148 1244 357 1288 XXXIII.
389 1243 518 1296 Quod
545 1244 662 1287 enim
684 1242 739 1288 de
762 1244 964 1303 phoenice
995 1243 1216 1303 loqueris,
1244 1244 1300 1287 ad
1323 1258 1412 1286 rem
1431 1241 1487 1287 de

88 1328 174 1372 qua
198 1315 340 1372 agitur
360 1315 541 1358 omnino
565 1330 652 1358 non
687 1315 887 1374 pertinet.
919 1314 1297 1358 Resurrectionem
1322 1314 1487 1373 quippe

85 1383 158 1426 illa
180 1384 395 1442 significat
422 1401 655 1444 corporum
673 1421 683 1440 ,
708 1401 797 1430 non
820 1401 971 1429 sexum
1006 1384 1190 1429 destruit
1212 1385 1454 1429 animarum
1474 1403 1481 1428 :

86 1453 121 1497 si
144 1462 288 1499 tamen
303 1491 315 1510 ‚
342 1466 391 1500 ut
414 1456 628 1510 creditur,
650 1456 705 1499 de
722 1472 798 1500 sua
820 1464 957 1500 morte
980 1455 1235 1499 renascitur.
1264 1455 1348 1499 Sed
1368 1454 1485 1499 arbi·

85 1534 178 1570 tror
198 1526 319 1585 quod
337 1536 462 1571 tuum
481 1543 725 1572 sermonem
748 1542 903 1586 parum
921 1527 1139 1585 putaveris
1157 1526 1249 1570 fore
1272 1524 1484 1584 plausibi-

84 1595 171 1639 lem
189 1630 200 1650 ,
225 1596 258 1639 si
283 1613 371 1641 non
387 1598 524 1641 multa
543 1598 598 1642 de
615 1598 819 1657 phoenice
837 1612 957 1641 more
976 1596 1319 1640 adolescentium
1337 1594 1483 1639 decla-

85 1679 237 1710 mares.
266 1667 491 1728 Numquid
509 1669 625 1712 enim
644 1677 746 1712 sunt
768 1668 813 1711 in
833 1669 925 1727 ejus
946 1681 1128 1725 corpore
1148 1664 1352 1724 genitalia
1374 1679 1483 1708 mas—

83 1735 229 1782 culina
252 1747 296 1782 et
319 1753 409 1782 non
430 1747 494 1783 est
515 1738 750 1792 masculus,
774 1737 845 1783 vel
868 1737 1109 1782 foemininae
1130 1745 1174 1779 et
1195 1751 1286 1780 non
1304 1744 1367 1779 est
1390 1733 1482 1778 foe-

82 1807 231 1852 mina?
255 1810 321 1852 Tu
343 1818 489 1854 autem
512 1807 690 1852 attende
712 1806 820 1866 quid
841 1807 972 1861 dieas,
999 1805 1105 1866 quid
1126 1815 1321 1850 astruere
1340 1840 1350 1860 ‚
1373 1804 1481 1865 quid

80 1877 339 1936 persuadere
375 1878 559 1922 coneris.
602 1878 804 1922 Animam
841 1878 946 1921 dicis
975 1892 1051 1936 per
1086 1886 1242 1920 cuncta
1276 1875 1472 1920 membra

82 1948 286 1993 diffusam
306 1948 492 2008 gelando
526 1950 726 2008 riguisse,
760 1960 803 1992 et
821 1965 843 1993 a
861 1949 1022 1993 vertice
1044 1962 1181 2007 usque
1203 1947 1257 1992 ad
1279 1946 1365 1990 ima
1381 1961 1476 1990 ves-

80 2018 200 2076 tigia,
217 2033 242 2062 a
261 2018 461 2063 medullis
482 2020 645 2063 intimis
662 2035 801 2080 usque
824 2018 878 2063 ad
893 2019 1166 2078 superficiem
1184 2018 1311 2072 cutiS,
1337 2026 1470 2061 totam

79 2089 213 2134 totius
245 2090 456 2148 accepisse
488 2091 678 2149 corporis
707 2090 892 2135 formam
918 2109 926 2134 :
958 2105 1007 2133 ac
1035 2104 1112 2148 per
1134 2089 1217 2132 hoc
1239 2087 1405 2146 accepit
1427 2088 1471 2131 in

80 2157 292 2204 foemineo
314 2175 496 2220 corpore
507 2160 726 2220 quidquid
747 2160 911 2204 habent
934 2159 1245 2204 toemineorum
1264 2158 1479 2203 viscerum

79 2230 300 2285 foeminae,
341 2240 385 2276 et
409 2246 560 2276 verum
601 2240 666 2276 est
702 2233 787 2275 hoc
819 2245 1000 2289 corpus,
1041 2239 1084 2274 et
1117 2230 1210 2274 haec
1239 2243 1338 2272 vera
1376 2236 1478 2272 sunt

76 2300 294 2354 membra,
323 2310 367 2344 et
401 2310 547 2345 tamen
576 2317 665 2346 non
693 2310 755 2345 est
792 2300 988 2345 foemina.
1025 2301 1116 2344 Cur
1137 2300 1318 2344 obsecro
1342 2309 1405 2351 te,
1434 2298 1477 2342 in

79 2385 180 2414 vero
205 2380 250 2414 et
274 2372 372 2415 vivo
407 2387 590 2431 corpore
624 2372 769 2416 omnia
803 2381 905 2414 sunt
935 2370 1133 2414 membra
1165 2369 1399 2422 foeminea,
1434 2377 1478 2412 et

74 2455 163 2484 non
186 2448 252 2484 est
290 2439 504 2485 foemina?
536 2445 588 2487 In
616 2456 719 2485 vero
747 2449 790 2484 et
824 2440 922 2484 vivo
955 2454 1136 2498 corpore
1155 2439 1350 2483 membra
1373 2447 1475 2482 sunt

78 2511 223 2556 omnia
238 2510 500 2569 masculina,
522 2521 566 2558 et
584 2527 672 2558 non
694 2520 759 2556 est
779 2510 1019 2557 masculus?
1040 2510 1145 2564 Quis
1167 2511 1245 2555 ista
1267 2508 1443 2553 credere
1457 2542 1469 2564 ,
