1784 3205
339 202 393 238 6⁶2
771 215 802 239 s.
841 211 864 238 Α
873 213 925 239 uo
934 212 1070 239 os'rlm
1104 212 1283 238 El’lscom

337 275 484 320 oeulos
507 284 676 320 nostros
699 275 753 319 de
777 277 928 335 apibus
950 292 1049 321 vera
1070 285 1187 331 sunt,
1214 276 1344 334 longe
1375 283 1519 318 tamen
1549 275 1604 318 ab
1633 275 1716 318 hu-

329 345 521 405 jusmodi
555 345 910 390 irrationabilium
947 345 1267 401 animantium,
1302 345 1500 405 quamvis
1531 343 1718 388 mirabili

334 432 478 471 sensu,
514 416 671 461 distare
696 419 921 473 rationem,
959 434 1058 478 quae
1091 434 1176 462 non
1206 417 1456 462 hominibus
1485 426 1529 460 et
1556 417 1718 476 peeori-

333 487 430 542 bus,
449 486 523 530 sed
543 488 791 531 hominibus
808 487 1070 548 Angelisque
1092 489 1335 533 eommunis
1356 497 1436 532 est.
1453 487 1594 533 Multa
1615 502 1718 532 vero

336 557 464 600 etiam
494 555 625 600 stulta
653 557 859 601 dicuntur
891 558 946 601 ab
972 558 1180 617 imperitis
1212 566 1254 602 et
1280 558 1426 612 vanis,
1459 573 1539 602 nee
1571 566 1719 602 tamen

336 627 545 670 haereticis
566 648 576 684 3
604 627 747 686 qualia
782 637 883 671 sunt
920 643 1071 672 eorum
1088 663 1098 682 ,
1141 628 1218 687 qui
1254 627 1308 672 de
1347 627 1496 671 alienis
1531 626 1714 682 artibus,

334 711 440 755 quas
465 712 555 740 non
588 697 859 753 didicerunt,
889 707 1050 742 temere
1076 697 1290 758 judicant,
1321 708 1397 742 aut
1430 697 1717 742 immoderato

333 774 376 808 et
406 781 521 809 caeeo
557 766 719 810 affectu
754 767 821 811 vel
852 767 1035 811 laudant
1068 783 1178 826 quos
1213 767 1417 826 diligunt,
1452 767 1522 812 vel
1544 769 1717 826 vitupe-

334 844 430 878 rant
460 852 569 896 quos
601 836 819 893 oderunt3
849 846 892 880 et
919 836 1134 896 quidquid
1171 837 1291 881 aliud
1324 838 1369 881 in
1399 837 1717 882 consuetudine

333 908 539 951 sermonis
561 908 756 963 humani,
792 923 881 952 non
913 918 1076 952 statuto
1106 907 1324 967 dogmate,
1355 908 1432 952 sed
1468 909 1639 968 passim,
1670 917 1720 953 ut

333 977 388 1022 ad
406 987 576 1038 tempus
595 980 845 1034 occurrerit,
871 995 946 1038 per
969 979 1162 1023 stultitiae
1185 979 1407 1024 levitatem
1432 980 1498 1024 vel
1520 995 1593 1023 ore
1614 994 1717 1039 pro-

332 1048 486 1103 fertur,
507 1050 576 1095 vel
596 1050 710 1108 stylo
727 1052 856 1095 etiam
878 1050 1121 1110 litterisque
1137 1051 1440 1095 committitur⁰
1466 1050 1629 1095 Multos
1646 1051 1719 1095 de·

332 1123 465 1181 nique
479 1121 534 1166 de
552 1123 616 1167 his
636 1122 863 1181 paululum
882 1122 1142 1177 admonitos,
1167 1123 1264 1167 talia
1284 1123 1436 1167 dixisse
1454 1138 1553 1167 mox
1576 1123 1720 1182 poeni-

335 1200 394 1235 tet
413 1212 420 1236 :
442 1196 504 1236 Ita
527 1210 576 1237 ea
599 1210 686 1238 non
712 1194 870 1253 placito
890 1193 1082 1253 quodam
1102 1194 1187 1237 fixa
1210 1194 1471 1249 retinebant,
1497 1195 1572 1238 sed
1595 1193 1719 1252 quasi

334 1264 640 1324 undecumque
659 1275 778 1323 rapta
795 1300 805 1319 ,
823 1275 866 1308 et
884 1281 971 1309 non
990 1266 1259 1309 considerata
1278 1300 1288 1320 ,
1311 1265 1611 1324 profuderant.
1640 1264 1719 1308 Vix

331 1344 393 1378 est
411 1345 554 1379 autem
574 1352 718 1380 carere
734 1338 823 1380 istis
839 1336 960 1380 malis
982 1357 990 1381 :
1011 1347 1053 1380 et
1071 1337 1168 1396 quis
1188 1346 1248 1380 est
1265 1338 1339 1396 qui
1359 1353 1446 1381 non
1463 1336 1627 1380 labitur
1639 1335 1719 1380 lin-

332 1421 432 1462 gua,
454 1416 498 1449 et
514 1406 700 1450 offendit
721 1407 764 1450 in
782 1406 971 1451 verbOQP
991 1407 1075 1451 Sed
1093 1407 1270 1451 interest
1286 1417 1518 1467 quantum,
1538 1408 1718 1451 interest

334 1474 464 1528 unde,
485 1474 662 1520 interest
679 1485 895 1535 postremo
910 1486 1056 1520 utrum
1071 1477 1318 1521 admonitus
1331 1479 1533 1535 corrigat,
1550 1492 1606 1520 an
1624 1491 1717 1535 per-

333 1546 496 1590 tiaeiter
513 1546 790 1591 defendendo
807 1548 935 1591 etiam
954 1547 1112 1606 dogma
1128 1547 1272 1603 iaciat,
1294 1547 1414 1607 quod
1434 1548 1610 1593 levitate
1627 1563 1717 1591 non

331 1616 532 1674 dogmate
554 1608 732 1662 dixerat.
759 1620 868 1663 Cum
893 1619 1025 1677 igitur
1045 1620 1183 1663 omnis
1201 1620 1429 1663 haereticus
1448 1634 1718 1679 consequen-

333 1696 396 1730 ter
411 1697 453 1731 et
471 1687 629 1732 stultus
649 1688 718 1743 sit,
743 1704 832 1732 non
851 1698 996 1732 autem
1015 1690 1153 1733 omnis
1170 1689 1328 1734 stultus
1344 1691 1554 1734 continuo
1571 1690 1624 1734 sit
1639 1705 1717 1748 ap-

330 1757 557 1815 pellandus
575 1759 825 1815 haereticus,
846 1768 958 1803 reete
970 1759 1139 1819 judiees
1162 1761 1375 1805 incertum
1392 1759 1715 1820 stultiloquium

331 1831 503 1887 propria
523 1845 625 1873 voee
646 1830 865 1888 Pelagium
887 1831 1264 1875 anathematizasse
1284 1832 1489 1876 dixerunt
1514 1852 1521 1876 :
1549 1832 1651 1891 quia
1673 1839 1718 1874 et

329 1898 362 1941 si
387 1900 558 1944 haeresis
576 1910 701 1956 esse-t,
723 1901 1026 1960 proculdubio
1043 1902 1365 1963 stultiloquium
1383 1913 1506 1947 esset.
1530 1900 1717 1946 Proinde

329 1970 545 2030 quidquid
572 1971 680 2016 illud
714 1974 792 2026 sit,
815 1973 1022 2030 generalis
1047 1973 1138 2017 vitii
1166 1975 1342 2019 nomine
1371 1973 1714 2033 appellaverunt.

334 2043 483 2085 Utrum
499 2053 642 2087 autern
657 2060 706 2087 ex
721 2043 867 2103 aliquo
884 2044 1087 2103 dogmate
1101 2046 1176 2089 ista
1191 2046 1277 2089 sint
1291 2045 1423 2100 dicta,
1445 2061 1499 2089 an
1513 2061 1616 2089 vero
1629 2060 1718 2089 non

328 2113 409 2156 fixa
440 2113 683 2174 placitaque
711 2116 923 2159 sententia
939 2150 949 2170 ,
977 2116 1051 2159 sed
1073 2116 1199 2160 facile
1221 2115 1485 2160 emendabili
1507 2116 1713 2170 vanitate,

328 2183 535 2241 quoniam
548 2183 619 2227 ille
628 2184 703 2244 qui
717 2185 992 2240 audiebatur,
1007 2202 1187 2246 quoquo
1201 2186 1453 2230 mododicta
1467 2196 1623 2240 essent,
1639 2200 1714 2230 sua

329 2268 417 2297 esse
440 2264 684 2312 negaverat,
710 2255 1032 2300 discutiendum
1054 2257 1099 2300 in
1121 2257 1351 2316 praesentia
1372 2272 1461 2302 non
1483 2266 1710 2316 putarunt.

386 2330 507 2370 XIX.
538 2331 622 2373 Nos
650 2344 752 2372 sane
777 2346 876 2374 cum
908 2331 1019 2374 hane
1051 2330 1211 2389 Pelagii
1232 2330 1532 2376 defensionem
1555 2332 1600 2375 in
1619 2330 1711 2385 illa,

328 2414 458 2456 quam
484 2400 599 2456 prius
621 2402 880 2459 accepimus,
907 2402 1106 2446 chartula
1128 2401 1384 2461 legeremus,
1410 2402 1590 2446 aderant
1612 2402 1712 2460 qui·-

329 2467 429 2512 dam
453 2470 588 2514 sancti
609 2470 778 2526 tratres,
803 2473 879 2531 qui
900 2488 944 2516 se
970 2472 1131 2532 Pelagii
1151 2473 1284 2518 libros
1306 2473 1618 2518 exhortatorios
1641 2472 1710 2517 vel

377 2560 386 2573 ¹
416 2554 510 2586 Eccli.
536 2565 600 2595 xix,
626 2555 677 2597 16,
701 2561 734 2588 et
753 2556 863 2589 Jacob.
884 2568 930 2598 111,
950 2567 980 2590 2.
