1804 3205
278 254 327 278 DE
362 255 403 279 N*
422 254 526 280 vius
564 255 611 279 1:¹1·
643 255 1010 282 (UNCbPlSLEN'l‘lA.
1051 256 1128 280 Lus.
1170 256 1196 280 Ι.
1353 247 1436 283 205

53 318 277 361 necessitas
291 319 605 375 generantium,
629 319 898 363 lasciviarum
917 319 1061 374 ardor,
1080 319 1331 378 nuptiarum
1352 335 1436 378 pu-

52 388 145 432 dor.
172 391 261 433 Gur
288 404 391 447 ergo
413 403 500 433 non
535 391 738 450 conjuges
771 400 999 445 maneant,
1034 391 1109 451 qui
1144 406 1193 433 ex
1226 405 1438 434 consensu

51 460 343 503 concumbere
365 460 599 517 desinunt,
630 462 662 504 si
693 471 945 505 manserunt
976 462 1180 520 conjuges
1206 461 1367 520 Joseph
1396 470 1439 505 et

51 530 202 584 Maria,
227 531 302 589 qui
321 532 612 576 concumbere
636 547 714 576 nec
733 534 989 592 coeperunt?

112 603 229 645 XIV.
274 605 376 647 Haee
403 604 518 648 euim
555 605 807 663 propagatio
834 604 1050 659 liliorum,
1082 619 1182 664 quae
1204 603 1248 647 in
1283 604 1438 647 sanctis

51 672 245 731 patribus
268 683 444 733 propter
466 675 760 732 generandum
785 684 827 719 et
849 676 1194 720 conservandum
1224 674 1439 734 populum

52 744 126 786 liei
144 778 154 797 ,
182 743 225 787 in
248 760 336 803 quo
356 745 627 804 prophetiam
650 746 809 790 Christi
835 747 1078 805 praecedere
1100 745 1322 805 oportuit,
1341 746 1440 790 ossi-

51 814 279 859 ciosissima
309 814 393 860 suit
414 851 424 871 ,
452 832 567 861 nunc
585 819 675 877 jam
700 833 788 862 non
821 818 952 861 habet
974 817 1090 861 illam
1121 818 1437 862 necessitatem.

52 887 175 929 Patet
193 887 354 946 quippe
370 888 460 946 jam
485 904 534 931 ex
553 889 756 932 omuibus
779 889 979 947 gentibus
995 888 1244 948 spiritaliter
1262 888 1442 946 gignen-

50 954 223 1011 dorum,
242 958 551 1018 undecumque
563 957 791 1002 carnaliter
803 959 892 1002 nati
906 958 1083 1013 fuerint,
1095 959 1218 1017 eopia
1231 957 1437 1002 filiorum.

50 1029 103 1070 Et
127 1029 247 1087 quod
265 1030 473 1089 scriptum
497 1039 560 1074 est
587 1045 594 1070 :
617 1049 634 1071 «
660 1033 847 1090 Tempus
870 1029 1177 1089 amplectendi,
1203 1038 1247 1074 et
1269 1038 1441 1088 tempus

53 1118 70 1138 n
98 1101 351 1145 continendi
375 1102 429 1145 ab
448 1101 649 1161 amplexu
670 1104 679 1127 ¹
701 1122 710 1158 3
738 1120 756 1142 »
782 1117 857 1161 per
876 1101 985 1145 illud
1008 1111 1139 1161 atque
1162 1102 1245 1146 hoc
1269 1110 1442 1159 tempus

48 1171 296 1228 agnoscitur
324 1172 620 1218 distributum.
660 1172 775 1217 lllud
804 1174 968 1234 quippe
1003 1172 1088 1218 fuit
1120 1170 1438 1232 amplectendi,

49 1240 130 1285 hoc
155 1251 298 1287 autem
317 1243 571 1289 continendi
595 1244 650 1288 ab
673 1243 891 1303 amplexu.

113 1314 208 1357 XV.
243 1318 396 1375 ltaque
430 1325 472 1360 et
502 1315 735 1375 Apostolus
763 1332 862 1360 eum
897 1315 1000 1359 hinc
1028 1314 1284 1376 loqueretur
1307 1349 1316 1369 ,
1339 1314 1397 1358 ait
1431 1331 1440 1358 ε

50 1409 69 1431 «
92 1392 184 1434 Hoc
202 1398 347 1433 autem
372 1387 469 1432 dieo
489 1423 499 1442 ,
536 1387 687 1432 fratres
707 1423 717 1443 ,
743 1397 915 1447 tempus
939 1387 1072 1431 breve
1100 1396 1162 1432 est
1186 1407 1194 1432 :
1223 1386 1445 1447 reliquum

51 1480 69 1502 »
92 1471 171 1516 est,
191 1471 232 1506 et
256 1470 303 1505 ut
324 1460 400 1520 qui
416 1460 578 1504 habent
597 1474 752 1504 uxores
767 1469 973 1519 tanquam
993 1474 1081 1503 non
1104 1459 1318 1502 habentes
1340 1458 1442 1512 sint,

49 1551 68 1574 n
91 1541 134 1576 et
166 1532 242 1592 qui
271 1532 378 1575 ssent
407 1543 611 1591 tanquam
637 1546 726 1575 non
762 1531 942 1586 flentes,
964 1539 1007 1574 et
1032 1530 1109 1590 qui
1134 1529 1329 1589 gaudent
1348 1537 1446 1572 tan-

49 1621 70 1645 »
96 1618 228 1664 quam
252 1618 340 1648 non
364 1602 601 1662 gaudentes
617 1637 628 1656 ,
650 1612 692 1646 et
712 1602 788 1662 qui
807 1611 960 1646 emunt
979 1611 1190 1662 tanquam
1210 1616 1300 1646 non
1316 1599 1446 1660 possi-

49 1693 68 1715 »
95 1674 268 1730 dentes,
300 1683 342 1718 et
367 1674 443 1734 qui
462 1682 648 1718 utuntur
670 1673 753 1718 hoc
771 1674 939 1718 mundo
962 1682 1176 1734 tanquam
1199 1688 1290 1718 non
1321 1680 1447 1715 utan-

50 1764 69 1786 »
96 1755 164 1790 tur
196 1765 204 1789 z
231 1745 423 1805 praeterit
445 1745 562 1788 enim
591 1744 730 1803 figura
759 1745 890 1804 hujus
912 1745 1085 1788 mundi.
1115 1742 1229 1788 Volo
1250 1757 1326 1787 vos
1355 1741 1447 1786 sine

50 1833 70 1855 n
95 1814 388 1860 sollicitudine
408 1830 498 1859 esse
512 1816 544 1857 ².
566 1832 585 1855 »
604 1816 709 1859 Haec
732 1815 877 1859 omnia
894 1849 904 1869 ,
930 1823 980 1858 ut
997 1812 1258 1873 exponendo
1282 1808 1448 1871 aliquid

48 1885 148 1929 hine
171 1885 360 1929 breviter
375 1884 532 1939 dicam,
559 1884 617 1928 sic
642 1885 838 1928 existimo
861 1883 1165 1942 intelligenda.
1194 1901 1213 1923 ι(
1235 1883 1354 1937 Hoc,
1379 1880 1448 1924 in-

51 1975 69 1997 »
97 1956 222 2016 quit,
250 1954 347 2000 dieo
369 1990 380 2009 ,
406 1955 556 1999 fratres
575 1989 585 2009 ,
613 1963 782 2014 tempus
816 1955 946 1998 breve
972 1964 1035 1998 est
1075 1974 1082 1998 ;
1122 1972 1143 1995 »
1171 1967 1262 1998 non
1302 1950 1446 1996 adhuc

47 2027 235 2086 populus
266 2027 341 2070 Dei
369 2025 675 2086 propagandus
699 2035 761 2070 est
791 2027 1068 2085 generatione
1092 2025 1345 2079 carnaliter,
1372 2021 1447 2068 sed

42 2098 130 2157 jam
153 2099 479 2157 regeneratione
502 2097 750 2155 spiritaliter
772 2096 1056 2154 colligendus.
1085 2116 1100 2136 «
1121 2096 1360 2157 Reliquum
1383 2101 1446 2138 est

48 2183 165 2226 ergo,
182 2177 230 2212 ut
246 2178 288 2212 et
305 2169 379 2228 qui
394 2167 558 2212 habent
573 2183 740 2221 uxores,
760 2186 779 2208 »
799 2183 887 2212 non
901 2167 1061 2212 carnali
1078 2165 1446 2227 concupiscentiae

49 2239 534 2299 subjugentur·,«thui
548 2239 655 2283 ssent
668 2239 836 2283 tristitia
850 2239 1072 2299 praesentis
1088 2238 1208 2293 mali,
1226 2237 1445 2297 gaudeant

50 2326 123 2370 spe
146 2310 283 2355 futuri
307 2310 435 2366 boni,
456 2319 498 2353 et
521 2309 798 2370 quigaudent
811 2319 988 2369 propter
1006 2308 1248 2368 temporale
1263 2305 1444 2367 aliquod

48 2379 346 2435 commodum,
361 2382 538 2424 timeant
555 2389 766 2424 aeternum
777 2380 991 2439 judicium
1007 2401 1017 2437 3
1035 2389 1078 2424 et
1093 2379 1169 2440 qui
1190 2387 1360 2434 emunt,
1389 2378 1450 2422 sic

50 2450 255 2496 habendo
270 2449 534 2510 possideant,
552 2460 602 2495 ut
623 2449 810 2495 amando
826 2465 915 2495 non
929 2451 1146 2507 haereant,
1164 2449 1301 2510 etqui
1317 2457 1449 2494 utun-

54 2529 123 2566 tur
140 2521 223 2566 hoe
239 2519 421 2576 mundo,
440 2539 460 2562 »
477 2520 658 2566 transire
671 2536 714 2565 se
727 2521 934 2580 cogitent,
955 2535 1044 2566 non
1063 2534 1257 2565 manere.
1294 2538 1313 2562 «
1338 2521 1453 2564 Prae«

104 2612 114 2629 ⁹
135 2606 243 2642 Eccle.
260 2617 307 2649 iu,
326 2606 410 2640 5.-
423 2613 435 2631 ²
452 2617 465 2640 1
486 2608 558 2641 Cor.
581 2616 634 2644 vii,
650 2613 708 2646 29.
