1784 3205
331 222 412 259 5506
767 236 799 257 s.
836 229 1065 258 Anots'rim
1097 231 1276 258 EPlscom

326 298 414 341 sive
452 296 618 356 aliquid
651 296 706 340 de
739 306 904 340 naturae
937 297 1139 339 humanae
1162 295 1433 341 institutione
1463 296 1696 349 nesciebat,

325 368 485 412 nescire
507 383 551 412 se
581 367 751 412 dicebat
782 389 792 425 3
824 383 912 412 non
936 366 1055 426 quod
1084 367 1303 411 nesciebat
1322 402 1333 422 ,
1361 376 1523 411 temere
1545 364 1701 409 defen-

325 437 471 481 debat,
490 440 577 483 Nec
599 447 744 482 tamen
766 438 843 481 iste
857 437 960 481 huic
981 436 1158 492 diceret,
1178 437 1299 497 quod
1313 437 1438 481 nobis
1453 435 1595 480 dicere
1612 450 1703 479 non

321 509 497 553 erubuit
511 527 550 553 :«
563 511 704 554 Homo
721 509 766 552 in
787 509 953 553 honore
974 508 1138 567 positus
1160 523 1249 553 non
1267 507 1504 564 intellexit,
1526 521 1703 564 compa-

323 597 343 620 »
364 589 481 624 ratus
498 589 561 624 est
578 581 806 639 pecoribus
823 580 1064 634 insensatis,
1087 588 1130 623 et
1147 579 1295 623 similis
1313 577 1452 622 sactus
1467 587 1532 622 est
1544 576 1626 621 illis
1639 578 1699 621 12»

319 653 430 694 Ecce
449 651 528 695 ista
546 651 701 696 mulier
723 651 829 695 dixit
854 651 908 694 de
931 651 1029 696 filiis
1045 651 1152 696 suis:
1170 670 1191 693 «
1210 650 1363 696 Nescio
1384 647 1607 710 quomodo
1624 663 1703 707 pa-

324 739 342 761 »
366 721 506 765 ruistis
527 722 571 765 in
587 732 781 766 ventrem
800 737 969 768 meum:
986 738 1097 767 «nec
1114 732 1258 767 tamen
1272 730 1548 781 comparatur
1569 734 1702 780 peco-

320 790 436 833 ribus
457 791 933 848 insensatis.«Nescio,»
954 791 1083 836 dixit:
1105 802 1146 836 et
1167 793 1288 852 quasi
1304 800 1548 852 quaererent
1563 791 1618 834 ab
1635 804 1700 844 ea,

319 877 397 905 cur
421 862 630 917 nesciret,
657 863 857 923 adjunxit
891 882 900 908 :
944 882 964 906 «
988 866 1138 923 Neque
1168 864 1283 907 enirn
1319 877 1398 921 ego
1431 862 1631 922 spiritum
1660 868 1704 904 et

322 949 343 972 »
363 933 550 976 animam
576 933 736 977 donavi
761 934 898 978 vobis.
923 951 943 974 »
971 932 1049 977 Ille
1071 949 1151 993 ego
1178 934 1254 994 qui
1271 933 1464 987 donavit,
1489 932 1568 976 scit
1584 929 1704 975 unde

316 1002 466 1045 iecerit
486 1002 609 1062 quod
631 1002 832 1059 donavit,
863 1012 1009 1048 utrum
1038 1020 1088 1048 ex
1118 1004 1358 1063 propagine
1378 1002 1623 1057 attraxerit,
1648 1015 1703 1044 an

319 1085 482 1115 novum
508 1073 792 1117 insufflaverit
827 1092 836 1117 :
868 1073 987 1133 quod
1017 1088 1127 1131 ego,
1164 1073 1335 1133 inquit,
1370 1074 1529 1118 nescio.
1571 1091 1592 1114 «
1613 1073 1702 1117 Nec

319 1140 497 1199 singulis
524 1143 647 1186 vobis
674 1144 820 1187 vultus
840 1152 883 1187 et
912 1143 1106 1188 membra
1133 1143 1316 1188 formavi
1343 1162 1352 1189 :
1379 1144 1494 1188 »ille
1524 1144 1603 1188 scit
1628 1141 1705 1202 qui

317 1209 541 1267 formavit,
567 1222 715 1257 utrum
748 1213 877 1257 simul
899 1229 999 1258 cum
1024 1215 1165 1258 anima
1195 1213 1447 1259 formaverit
1465 1249 1477 1269 ,
1509 1230 1564 1259 an
1594 1226 1697 1259 vero

312 1281 401 1338 jam
422 1280 617 1327 formatis
639 1284 827 1327 animam
849 1283 1145 1337 dederit.Quo
1166 1299 1269 1343 ergo
1287 1284 1436 1340 modo,
1456 1294 1604 1329 utrum
1623 1282 1699 1326 illo

316 1365 370 1393 an
393 1351 474 1395 isto
501 1353 546 1396 in
574 1355 664 1412 ejus
681 1362 875 1398 ventrem
898 1355 1096 1398 venerint
1123 1354 1219 1408 filii,
1249 1356 1465 1398 nesciebat
1486 1373 1496 1412 3
1523 1362 1565 1397 et
1591 1351 1701 1397 illud

318 1429 464 1465 tamen
488 1422 679 1478 sciebat,
710 1432 851 1467 totum
888 1423 1009 1482 quod
1040 1423 1162 1468 dedit
1191 1423 1466 1468 redditurum
1503 1438 1592 1469 esse
1624 1423 1701 1483 qui

318 1490 454 1535 dedit.
486 1493 577 1537 Sed·
600 1494 732 1552 eligat
759 1495 838 1537 iste
864 1494 909 1537 in
936 1503 1103 1539 naturae
1134 1496 1339 1539 humanae
1368 1504 1455 1539 tam
1481 1494 1702 1554 profundo

319 1561 557 1621 abditoque
592 1573 756 1607 secreto
776 1599 786 1618 ,
823 1563 930 1622 quid
962 1564 1118 1608 mulier
1149 1566 1227 1609 ista
1263 1566 1495 1610 nescierit:
1528 1574 1702 1610 tantum

317 1646 406 1675 non
435 1633 601 1691 judicet
632 1634 915 1678 mentientem
935 1669 946 1688 ,
972 1649 1051 1678 nec
1080 1636 1310 1694 pecoribus
1337 1636 1560 1680 insensatis
1583 1650 1703 1680 com-

318 1710 439 1758 paret
475 1703 751 1746 nescientem.
798 1703 1024 1764 Quidquid
1055 1714 1147 1749 erat
1184 1706 1305 1765 quod
1341 1705 1413 1749 illa
1451 1706 1672 1750 nesciebat
1687 1740 1699 1760 ,

317 1770 514 1829 profecto
541 1771 595 1815 ad
634 1782 835 1817 naturam
865 1775 1050 1818 hominis
1078 1776 1324 1834 pertinebat
1361 1795 1370 1820 ι
1401 1777 1525 1835 quod
1555 1785 1702 1820 tamen

317 1841 407 1885 sine
441 1841 569 1901 culpa
601 1843 733 1888 homo
768 1845 1000 1889 nesciebat.
1032 1847 1305 1905 Quapropter
1332 1845 1432 1890 dico
1467 1846 1597 1891 etiam
1621 1859 1701 1902 ego

319 1912 373 1954 de
397 1913 540 1956 anima
556 1929 668 1968 mea,
694 1915 838 1960 nescio
855 1916 1078 1973 quomodo
1100 1917 1266 1959 venerit
1282 1917 1328 1958 in
1350 1929 1508 1974 corpus
1532 1929 1696 1971 meum,

319 1983 590 2041 nequeenim
612 1999 692 2042 ego
712 1983 831 2028 illam
854 1985 960 2028 mihi
984 1983 1147 2029 donavi
1169 2004 1177 2029 :
1203 1985 1283 2029 scit
1305 1985 1378 2029 ille
1399 1986 1473 2046 qui
1498 1985 1695 2041 donavit,

320 2061 470 2096 utrum
491 2052 609 2097 illam
625 2053 679 2097 de
701 2064 822 2113 patre
845 2070 943 2099 meo
966 2055 1156 2111 traxerit,
1175 2070 1229 2099 an
1244 2057 1355 2101 sicut
1373 2057 1513 2116 primo
1530 2056 1700 2112 homini

319 2138 476 2168 novam
500 2125 722 2169 creaverit.
752 2126 891 2170 Sciam
914 2126 1044 2169 etiam
1061 2141 1142 2184 ego
1163 2127 1198 2170 si
1218 2127 1308 2186 ipse
1330 2127 1544 2184 docuerit,
1561 2144 1697 2187 quan-

318 2192 567 2253 documque
585 2193 786 2239 voluerit.
813 2198 939 2240 Nunc
969 2204 1116 2239 autem
1134 2195 1306 2252 nescio,
1333 2212 1413 2241 nec
1435 2212 1506 2241 me
1528 2197 1695 2256 pudet,

320 2273 369 2308 ut
399 2263 529 2307 istum
548 2299 558 2319 ,
580 2263 705 2310 fateri
728 2266 891 2310 nescire
913 2265 1032 2325 quod
1056 2265 1215 2309 nescio.

368 2336 529 2378 XXVI.
541 2353 560 2376 «
578 2336 715 2392 Disce,
734 2337 891 2396 inquit,
910 2352 1009 2382 ecce
1027 2336 1257 2396 Apostolus
1273 2337 1416 2382 docet.
1429 2339 1597 2383 Discam
1608 2338 1698 2398 pla-

318 2419 396 2461 ne,
418 2406 650 2463 Apostolus
667 2407 810 2463 docet,
829 2409 864 2453 si
885 2424 974 2453 non
989 2409 1104 2452 enim
1121 2409 1201 2452 nisi
1219 2412 1331 2453 Deus
1344 2425 1421 2469 per
1442 2409 1699 2469 Apostolum

261 2470 266 2479 ⁴
318 2474 460 2519 docet.
476 2475 559 2520 Sed
571 2475 677 2535 quid
689 2486 751 2522 est
774 2478 965 2535 tandem,
983 2477 1102 2539 quod
1119 2479 1247 2525 docet
1267 2479 1694 2539 ApostoluspaEcce,

360 2562 369 2580 ¹
395 2556 470 2591 Psal.
495 2569 608 2601 xmun,
629 2562 678 2593 13.
