1804 3205
290 243 341 269 DE
375 244 418 269 Νι
438 244 540 269 urus
573 244 623 270 ΕΤ
655 239 1023 280 εοαευιηεεΕΝΤιΛ,
1059 243 1140 269 ιιι).
1179 242 1208 268 1.
1364 235 1444 271 225

65 308 181 351 enim
205 307 424 365 prodesset
445 307 511 352 vel
533 318 632 352 ante
656 309 915 368 baptismum
935 307 1191 367 poenitentia
1207 341 1218 361 ,
1244 307 1321 350 nisi
1344 309 1448 367 bap-

68 377 215 422 tismus
232 387 484 437 sequeretur
502 413 512 433 ,
535 379 602 422 vel
622 388 765 438 postea
785 414 795 434 ,
832 379 912 423 nisi
941 378 1239 437 praecederet?
1274 381 1324 422 ln
1358 379 1447 437 ipsa

62 463 239 507 quoque
275 449 482 494 Oratione
517 451 755 504 Dominica,
793 466 893 508 quae
924 449 1175 511 quotidiana
1205 458 1269 493 est
1305 459 1449 494 nostra

62 519 307 573 mundatio,
336 536 424 579 quo
458 519 603 564 fructu
622 556 632 574 ,
659 537 747 581 quo
771 522 931 564 ell'eetu
954 520 1171 566 diceretur
1193 541 1200 565 :
1227 540 1246 562 «
1275 521 1450 565 Dimitte

67 608 86 630 n
123 591 248 634 nobis
269 591 414 635 debita
446 601 588 636 nostra
618 595 647 646 ¹,
680 608 702 634 τ)
728 593 807 636 nisi
831 594 885 637 ab
909 594 967 637 eis
990 594 1064 653 qui
1091 593 1291 651 baptizati
1314 601 1416 636 sunt
1438 628 1447 645 ,

63 659 312 705 diceretur?
331 665 529 721 Itemque
552 662 922 720 elecmosynarum
944 663 1116 721 largitas
1135 673 1177 707 et
1204 664 1450 707 beneticen-

63 732 118 776 tia
141 731 426 792 quantalibet,
463 734 533 776 cui
570 733 745 777 tandem
785 734 839 777 ad
873 733 1130 778 dimittenda
1164 749 1239 777 sua
1275 742 1450 792 peccata

62 801 299 861 prodesset,
323 804 355 845 si
383 803 622 861 baptizatus
646 819 733 847 non
757 806 900 847 esset?
924 807 1147 847 Postremo
1172 804 1292 861 regni
1317 803 1452 847 coelo-

62 887 158 916 rum
177 873 268 932 ipsa
287 872 464 917 felicitas
483 909 493 928 ,
525 875 599 917 ubi
620 890 706 918 non
726 874 907 918 habebit
928 874 1117 918 Ecclesia
1142 873 1355 917 maculam
1380 883 1454 917 aut

63 958 214 1001 rugam
246 953 321 987 aut
362 943 529 1002 aliquid
558 945 801 1002 ejusmodi,
836 944 912 987 ubi
936 945 1045 986 nihil
1077 944 1450 1001 reprehensionis,

62 1013 172 1057 nihil
204 1013 490 1058 simulationis
525 1013 626 1066 erit,
668 1014 743 1057 ubi
773 1029 861 1058 non
892 1012 1031 1058 solum
1061 1022 1204 1057 reatus
1223 1049 1232 1067 ,
1268 1014 1342 1057 sed
1375 1029 1454 1057 nec

61 1085 410 1144 concupiscentia
432 1084 514 1129 erit
539 1083 626 1129 ulla
650 1085 838 1143 peccati,
864 1099 1050 1144 quorum
1076 1084 1182 1140 erit,
1208 1085 1288 1129 nisi
1315 1086 1455 1144 bapti-

64 1163 260 1200 zatorum
276 1157 294 1198 Ρ

120 1227 327 1270 XXXIX.
365 1228 426 1269 Ac
460 1240 535 1284 per
569 1226 651 1270 hoc
682 1241 770 1270 non
804 1225 945 1270 solum
973 1227 1118 1270 omnia
1147 1234 1339 1284 peccata,
1378 1224 1453 1267 scd

61 1296 207 1340 omnia
235 1310 409 1354 prorsus
433 1296 663 1339 hominum
686 1295 799 1339 mala
820 1329 831 1349 ‚
857 1295 1080 1339 christiani
1106 1295 1263 1339 lavacri
1290 1295 1451 1338 saneti-

62 1374 151 1410 tate
174 1364 405 1419 tolluntur,
430 1380 520 1424 quo
543 1365 728 1409 mundat
750 1364 987 1409 Ecclesiam
1011 1380 1133 1408 suam
1156 1365 1378 1418 Christus,
1404 1374 1454 1408 ut
1483 1412 1485 1414 ,
1518 1360 1526 1375 “

62 1437 266 1481 exhibeat
287 1452 381 1481 eam
398 1437 494 1491 sibi,
519 1452 608 1482 non
630 1437 676 1480 in
703 1437 783 1481 isto
805 1436 982 1489 saeculo,
1007 1435 1083 1479 sed
1104 1436 1147 1479 in
1170 1435 1338 1490 futuro,
1364 1451 1453 1479 non

62 1507 294 1552 habentem
318 1506 534 1551 maculam
552 1541 563 1560 ,
591 1516 665 1550 aut
688 1521 857 1565 rugam,
885 1514 960 1549 aut
988 1504 1153 1564 aliquid
1186 1505 1398 1564 ejusmodi
1417 1508 1449 1547 ².

62 1580 169 1623 Nam
198 1578 275 1636 qui
305 1577 436 1621 modo
466 1591 560 1620 eam
594 1575 722 1620 talem
753 1591 842 1620 esse
870 1575 1038 1629 dicunt,
1070 1584 1113 1619 et
1143 1584 1288 1619 tamen
1312 1576 1356 1618 in
1380 1574 1453 1618 illa

62 1656 164 1692 sunt
185 1668 195 1705 3
220 1647 426 1707 quoniam
449 1656 491 1691 et
514 1647 595 1706 ipsi
615 1646 812 1692 fatentur
832 1662 877 1691 se
899 1646 1060 1690 habere
1084 1655 1258 1705 peccata
1279 1681 1289 1699 ,
1320 1646 1353 1689 si
1375 1660 1452 1690 ve-

63 1734 160 1762 rum
177 1718 346 1772 dicunt,
367 1716 563 1777 profecto
582 1719 789 1776 quoniam
807 1716 962 1761 mundi
981 1732 1069 1761 non
1087 1726 1188 1760 sunt
1206 1732 1228 1760 a
1248 1716 1450 1774 peccatiS,

65 1789 198 1833 habet
220 1789 265 1832 in
290 1788 348 1832 eis
375 1787 567 1832 Ecclesia
589 1786 802 1832 maculam
832 1805 841 1831 :
867 1788 901 1830 si
925 1795 1069 1830 autem
1092 1786 1251 1830 falsum
1275 1787 1450 1839 dicunt,

65 1859 168 1920 quia
185 1858 316 1903 corde
332 1857 496 1916 duplici
514 1857 773 1917 loquuntur,
791 1857 924 1900 habet
942 1858 985 1899 in
1003 1857 1061 1899 eis
1074 1856 1265 1900 Ecclesia
1280 1870 1448 1914 rugam.

69 1931 113 1977 Si
135 1940 279 1974 autem
301 1944 345 1972 se
367 1928 520 1972 dicunt
541 1928 701 1972 habere
723 1928 801 1971 ista
820 1962 830 1981 ,
858 1942 946 1970 non
970 1926 1103 1985 ipsam
1132 1946 1139 1971 :
1167 1941 1269 1985 ergo
1291 1941 1335 1969 se
1363 1941 1453 1970 non

66 2016 155 2046 esse
176 1999 370 2043 membra
392 1999 500 2057 ejus,
526 2013 604 2041 nec
626 2013 670 2041 sc
692 1996 746 2040 ad
768 2012 923 2055 corpus
941 1997 1030 2056 ejus
1052 1998 1268 2056 pertinere
1290 1996 1451 2041 fatean-

66 2081 137 2116 tur
158 2079 208 2114 ut
231 2070 359 2114 etiam
383 2084 456 2112 sua
483 2067 752 2113 confessione
773 2066 1051 2111 damnentur.

122 2143 216 2184 XL.
244 2142 306 2184 De
329 2140 408 2182 hac
432 2146 578 2182 autem
600 2138 952 2196 concupiscentia
973 2138 1111 2180 carnis
1132 2172 1142 2193 ,
1170 2153 1300 2196 quam
1323 2151 1450 2181 cura-

66 2211 206 2255 vimus
223 2225 246 2254 a
270 2209 538 2268 nuptialibus
559 2208 682 2252 bonis
703 2217 789 2251 tam
806 2206 970 2265 prolixa
987 2206 1280 2265 disputatione
1298 2206 1451 2250 distin-

68 2296 200 2341 guere
216 2316 226 2335 ,
251 2288 428 2340 propter
455 2294 588 2323 novos
611 2279 849 2330 haereticos,
876 2277 952 2336 qui
975 2292 1074 2320 cum
1100 2278 1193 2320 haec
1215 2276 1450 2335 reprelien-

68 2352 186 2395 ditur
222 2350 559 2403 calumniantur,
600 2349 722 2407 quasi
761 2347 927 2405 nuptiae
962 2347 1362 2404 reprehendantur3
1404 2355 1452 2389 ut

67 2421 229 2467 scilicet
260 2435 355 2464 eam
388 2430 593 2479 tanquam
621 2419 787 2462 bonum
823 2416 1018 2462 naturale
1044 2416 1265 2462 laudando
1283 2452 1293 2472 ‚
1324 2432 1449 2461 suum

120 2525 129 2540 ¹
150 2517 264 2550 Matth.
292 2527 338 2556 vr,
367 2526 416 2548 12.
432 2531 472 2538 —-
490 2521 501 2537 ²
521 2515 634 2557 Eplics.
661 2525 694 2552 v,
715 2514 767 2547 25.

261 2580 376 2610 exn.
1224 2568 1269 2608 15
