1804 3205
396 219 449 245 DE
484 216 620 246 Auum
658 220 709 245 m·
743 220 837 247 mus
870 220 1063 257 ommni-2,
1101 221 1182 248 Lm.
1220 223 1278 248 iv.
1452 211 1534 247 373

144 283 319 328 homine
336 283 498 326 sciente
515 284 698 327 sciamus
718 306 728 341 3
752 285 892 344 ipsum
917 294 1061 329 tamen
1084 300 1159 329 eor
1181 286 1256 328 ubi
1277 287 1532 343 cogitamus,

142 352 358 398 nescimus
380 354 421 396 in
445 369 531 412 qua
555 364 675 412 parte
692 356 884 414 corporis
903 356 1157 410 habeamus,
1180 357 1258 399 nisi
1279 357 1333 400 ab
1352 356 1436 402 alio
1454 356 1537 402 dis-

142 439 291 469 camus
315 424 390 484 qui
413 425 547 467 nescit
570 425 689 484 quod
713 427 965 483 cogitamus.
989 429 1077 472 Nec
1100 427 1269 485 ignoro,
1295 443 1394 471 cum
1419 427 1536 472 audi-

142 511 239 540 mus
256 531 266 549 ,
292 504 341 539 ut
363 511 413 538 ex
438 504 530 538 toto
560 496 691 540 corde
713 496 944 555 diligamus
970 501 1125 553 Deum,
1155 514 1243 543 non
1270 499 1353 543 hoc
1377 498 1462 543 dici
1484 498 1538 543 dv

143 567 214 611 illa
234 566 444 626 particula
459 566 598 610 carnis
614 576 772 611 nostrae
788 584 886 628 quse
905 569 986 612 sub
1003 569 1130 614 costis
1149 567 1253 613 latet
1272 590 1283 626 3
1302 568 1377 613 sed
1393 568 1448 613 de
1466 569 1538 613 illa

144 639 185 682 vi
213 653 299 697 qua
330 637 614 696 cogitationes
639 639 751 682 fiunt
774 655 872 699 quse
897 641 1052 685 merito
1081 639 1325 699 appellatur
1347 640 1431 685 hoc
1459 656 1541 685 no-

144 708 276 762 mine,
298 709 398 767 quia
421 709 532 752 sicut
555 717 698 753 motus
722 723 810 753 non
833 719 971 755 cessat
996 711 1040 755 in
1062 712 1212 766 corde,
1238 709 1357 755 unde
1379 725 1423 754 se
1448 710 1541 770 pul·

144 795 214 824 sus
235 778 445 823 diffundit
469 794 785 840 usquequaque
808 796 1015 825 venarum
1041 817 1052 837 ,
1083 782 1140 826 ita
1167 797 1255 827 non
1278 782 1541 841 quiescimus

144 849 307 910 aliquid
326 848 561 908 cogitando
579 865 763 895 versare.
787 854 1099 897 Verumtamen
1115 868 1216 897 cum
1234 853 1374 898 omnis
1392 867 1540 896 sensus

146 920 200 964 ab
227 920 370 964 anima
393 919 494 964 insit
517 928 559 963 et
581 922 770 980 corpori,
791 937 870 966 cur
885 923 1013 966 etiam
1037 923 1082 966 in
1105 922 1311 976 tenebris,
1338 931 1380 966 et
1406 922 1542 967 oculis

145 991 316 1045 clausis,
342 1006 468 1035 sensu
492 992 684 1051 corporis
707 994 784 1052 qui
806 1003 984 1037 vocatur
1008 1003 1164 1049 tactus,
1192 994 1388 1037 membra
1410 991 1544 1037 forin-

145 1079 265 1107 secus
294 1072 437 1108 nostra
471 1078 777 1120 numeremus,
807 1064 940 1123 ipsius
974 1073 1119 1108 autem
1151 1065 1308 1108 animae
1336 1064 1542 1108 interiore

147 1135 389 1194 praesentia,
413 1148 499 1193 qua
519 1135 687 1178 cunctis
705 1149 805 1193 quae
822 1134 1013 1178 vivificat
1034 1144 1165 1194 atque
1185 1134 1362 1189 animat,
1384 1143 1542 1193 praesto

146 1214 225 1259 est,
248 1205 366 1249 nulla
387 1205 644 1248 intrinsecus
663 1214 807 1248 nostra
822 1205 984 1249 viscera
1005 1205 1269 1259 noverimus,
1290 1219 1380 1249 non
1396 1205 1541 1249 medi-

147 1291 219 1320 cos
247 1276 491 1334 empiricos,
519 1290 598 1319 nec
621 1276 904 1331 anatomiCOS,
931 1292 1010 1320 nec
1037 1275 1321 1334 dogmaticos,
1349 1290 1428 1319 nec
1452 1290 1542 1319 me·

146 1345 361 1400 thodicos,
388 1347 462 1389 sed
487 1347 707 1390 hominem
730 1347 838 1389 scire
862 1347 1046 1391 arbitror
1069 1347 1304 1391 neminem.

210 1420 326 1460 Vlll.
366 1420 419 1460 Et
441 1417 634 1476 quisquis
658 1416 788 1460 fuerit
811 1426 991 1461 conatus
1014 1418 1106 1461 haec
1133 1417 1296 1461 discere
1319 1431 1408 1461 non
1436 1416 1543 1460 frus-

148 1497 211 1532 tra
240 1490 278 1531 ei
305 1488 462 1531 dicitur
485 1507 492 1531 z
518 1506 537 1528 «
557 1487 720 1532 Altiora
747 1496 787 1531 te
810 1504 864 1531 ne
886 1488 1122 1548 quaesieris,
1151 1497 1192 1531 et
1220 1487 1399 1532 fortiora
1422 1495 1463 1531 te
1487 1502 1542 1530 ne

149 1578 169 1600 »
192 1569 406 1604 scrutatus
424 1560 554 1602 fueris
572 1562 600 1602 ¹.
619 1578 638 1599 »
662 1562 812 1618 Neque
826 1560 940 1602 enim
961 1559 1112 1603 altiora
1130 1567 1231 1602 sunt
1249 1573 1380 1617 quam
1400 1567 1542 1617 potest

147 1639 291 1674 nostra
313 1639 475 1674 statura
496 1630 764 1687 contingere,
790 1629 866 1673 sed
885 1644 1018 1689 quam
1042 1638 1184 1688 potest
1206 1637 1353 1673 nostra
1371 1629 1520 1688 conjec

149 1712 245 1747 tura
267 1700 662 1760 comprehendere3
688 1709 731 1743 et
754 1699 932 1744 fortiora
955 1715 1086 1760 quam
1111 1708 1253 1759 potest
1277 1700 1339 1743 vis
1362 1700 1543 1743 humani

147 1773 313 1831 ingenii
335 1780 563 1830 penetrare
585 1789 593 1815 :
612 1780 655 1814 et
672 1780 818 1814 tamen
835 1785 925 1815 non
943 1779 1006 1814 est
1028 1769 1190 1814 coelum
1209 1770 1310 1815 coeli
1328 1805 1339 1825 ,
1360 1785 1450 1815 non
1472 1769 1542 1814 di-

148 1839 316 1888 mensio
338 1842 525 1886 siderum
545 1877 555 1896 ,
584 1857 672 1886 non
690 1841 845 1886 modus
873 1843 1001 1885 maris
1029 1851 1160 1901 atque
1185 1851 1396 1886 terrarum
1414 1876 1424 1895 ,
1452 1856 1543 1886 non

148 1915 345 1958 infernus
364 1911 541 1958 inferior
559 1932 566 1957 :
583 1928 660 1957 nos
679 1928 843 1967 sumus,
865 1914 937 1972 qui
958 1927 1035 1957 nos
1057 1912 1428 1972 comprehendere
1453 1928 1543 1957 non

148 1984 365 2041 valemus,
386 1999 463 2028 nos
485 1983 714 2028 modulum
739 1983 929 2028 scientiae
953 1992 1111 2027 nostrae
1132 1983 1303 2028 altiores
1323 1982 1544 2028 fortiores-

150 2072 236 2116 que
264 2071 540 2116 superamus,
572 2070 648 2099 nos
676 2071 766 2100 non
790 2070 1019 2114 possumus
1045 2069 1198 2114 capere
1225 2069 1303 2099 nos
1322 2089 1332 2109 ,
1359 2063 1402 2097 et
1427 2062 1544 2098 certe

151 2143 241 2172 non
271 2143 420 2172 sumus
444 2136 563 2171 extra
592 2142 685 2171 nos.
718 2129 807 2172 Nec
841 2126 939 2170 ideo
975 2126 1257 2186 comparandi
1285 2125 1541 2184 pecoribus,

151 2199 252 2259 quia
277 2200 322 2243 id
357 2199 477 2258 quod
502 2213 651 2242 sumus
673 2213 762 2242 non
796 2199 968 2258 penitus
991 2198 1238 2242 invenimus
1264 2216 1273 2242 ι
1299 2206 1342 2241 et
1364 2211 1544 2255 compa-

150 2270 310 2315 randos
333 2285 411 2314 nos
438 2271 665 2329 pecoribus
682 2278 826 2328 putas,
847 2270 879 2312 si
903 2268 1024 2329 quod
1039 2268 1203 2313 fuimus
1221 2266 1346 2311 obliti
1368 2281 1542 2324 sumus,

152 2341 186 2385 si
204 2350 347 2384 tamen
363 2339 409 2383 id
423 2338 657 2399 aliquando
672 2353 947 2383 noveramus.
969 2340 1120 2398 Neque
1137 2338 1253 2381 enim
1267 2352 1386 2381 nunc
1403 2338 1546 2381 anima

154 2426 249 2455 mea
269 2411 455 2454 trahitur
472 2426 522 2455 ex
541 2411 808 2469 parentibus,
830 2418 906 2454 aut
924 2410 1171 2453 insufflatur
1189 2424 1211 2453 a
1229 2411 1320 2453 Deo
1340 2427 1349 2453 :
1369 2417 1544 2452 utrum-

155 2481 261 2525 libet
284 2481 440 2524 horum
467 2481 617 2525 fecerit
634 2515 645 2534 ,
673 2489 778 2525 tunc
806 2479 910 2524 fecit
938 2478 1117 2538 quando
1139 2494 1208 2523 me
1236 2479 1396 2523 creavit
1422 2496 1429 2521 :
1456 2492 1541 2520 non

206 2572 213 2587 ¹
236 2565 332 2597 Eccli.
352 2577 402 2606 m,
423 2574 476 2598 22.
