1804 3205
305 216 358 243 m:
389 211 528 244 Auum
562 216 614 243 ET
646 215 743 243 Esus
776 215 969 254 onmium,
1006 215 1089 242 Lm.
1126 217 1185 243 ιν.
1355 208 1438 246 385

51 283 250 342 spiritum
271 300 280 327 :
306 291 438 342 atque
461 283 519 326 ita
551 291 666 328 totus
695 284 826 328 homo
848 290 1017 328 constet
1045 297 1095 326 ex
1128 282 1294 339 tribus,
1320 295 1439 330 exte-

52 353 166 398 riore
191 352 430 408 ,interiore‚
458 353 627 398 intimo.
657 357 749 398 Ita·
763 369 818 399 ne
839 352 1038 399 nondum
1060 353 1256 413 respicis,
1277 364 1441 415 quanta

53 433 95 468 te
118 422 425 468 absurdissima
447 433 772 484 consequantur
787 459 798 470 .
818 440 919 470 cum
937 424 1123 469 animam
1144 426 1312 470 conaris
1332 443 1444 472 asse-

52 508 202 539 verare
220 509 473 554 corpoream
496 496 514 536 ‘?
535 495 701 539 Deinde
720 496 788 539 dic
806 496 913 540 mihi
939 515 948 540 ε
967 496 1073 550 Quis
1095 511 1246 541 eorum
1269 513 1446 544 renova-

53 564 173 610 bitur
206 568 251 611 in
285 567 553 626 agnitionem
576 567 677 622 Dei,
714 567 956 612 secundum
985 568 1219 627 imaginem
1249 570 1339 630 ejus
1371 571 1448 630 qui

54 637 215 681 creavit
234 636 359 681 illum
380 639 393 664 ¹
413 638 431 681 P
454 638 656 692 Interior,
683 653 737 682 an
761 639 937 683 intimus
959 641 975 682 ‘3
994 639 1228 698 Apostolus
1251 640 1446 699 quidem,

53 717 212 767 praeter
240 708 489 753 interiorem
515 718 558 753 et
589 709 844 754 exteriorem
868 746 878 765 ,
915 725 1004 755 non
1035 709 1162 754 video
1192 710 1314 769 quod
1346 712 1452 756 sciat

55 777 190 823 alium
218 780 433 825 interioris
462 780 713 825 interiorem
731 817 741 836 ,
778 781 822 824 id
850 791 913 826 cst
934 817 944 837 ‚
973 782 1103 827 totius
1137 783 1325 827 hominis
1347 784 1451 828 inti-

55 864 194 894 mum.
218 849 303 895 Sed
326 849 437 910 elige
461 865 591 910 quem
614 850 825 908 volueris,
847 853 923 912 qui
946 863 1179 898 renovetur
1210 853 1452 898 secundum

54 919 290 978 imaginem
313 922 417 979 Dei3
453 924 677 982 quomodo
702 923 813 968 hanc
837 924 1017 982 recipiet
1033 958 1043 978 ‚
1069 924 1143 983 qui
1162 925 1250 983 jam
1272 925 1455 983 sumpsit

56 991 278 1035 exterioris
300 992 570 1050 imaginem?
596 993 638 1037 Si
672 993 788 1036 enim
816 1007 894 1051 per
917 992 1111 1036 membra
1138 994 1359 1037 exterioris
1377 1009 1451 1038 eu-

56 1061 193 1105 currit
216 1062 395 1105 interior
416 1070 460 1104 et
483 1061 642 1120 gelavit
667 1080 675 1104 :
697 1062 806 1119 (hoc
823 1062 938 1105 enim
962 1062 1092 1106 etiam
1114 1062 1250 1107 verbo
1272 1079 1375 1108 usus
1392 1080 1452 1120 es,

56 1140 268 1190 tanquam
290 1132 552 1190 figmentum
574 1130 700 1175 fusile
722 1132 845 1176 fieret
868 1147 918 1176 ex
941 1131 1080 1177 forma
1099 1133 1215 1177 lutea
1239 1169 1249 1190 ‚
1278 1151 1377 1195 quae
1400 1135 1456 1178 de

57 1201 240 1262 pulvere
259 1200 372 1247 sacta
391 1211 455 1246 est
477 1222 486 1247 ι
512 1205 527 1259 )
548 1202 773 1260 quomodo
789 1202 939 1247 eadem
958 1214 1162 1248 manente
1181 1205 1336 1262 forma,
1355 1223 1456 1267 quae

56 1272 264 1332 impressa
287 1271 350 1316 illi
371 1281 434 1316 est
451 1271 518 1316 vel
540 1287 735 1332 expressa
759 1272 814 1317 de
837 1289 1033 1333 corpore,
1061 1285 1204 1334 potest
1231 1276 1457 1323 reformari

57 1341 114 1387 ad
138 1343 377 1402 imaginem
399 1343 477 1386 Dei
499 1343 516 1384 ἱ)
542 1345 611 1386 An
634 1343 739 1387 duas
769 1344 953 1389 habebit
974 1345 1183 1405 imagines
1205 1383 1214 1403 ‚
1241 1364 1263 1392 a
1286 1364 1459 1394 summo

57 1413 240 1474 quidem
271 1413 378 1468 Dei,
405 1412 461 1458 ab
496 1412 584 1458 imo
618 1423 763 1459 autem
795 1416 987 1474 corporis
1020 1438 1030 1473 3
1066 1415 1178 1462 sicut
1209 1419 1253 1462 in
1276 1435 1459 1465 nummo

59 1483 221 1529 dicitur
243 1503 253 1528 ε
277 1485 422 1543 Caput
441 1493 485 1528 et
504 1484 631 1528 navia
648 1486 772 1542 (14)?
790 1487 859 1529 An
881 1484 994 1529 forte
1017 1485 1122 1530 dicis
1140 1522 1150 1542 ,
1177 1490 1297 1548 quod
1316 1491 1460 1534 anima

58 1555 240 1614 coeperit
268 1554 504 1613 imaginem
537 1555 727 1611 corporis
749 1589 760 1608 ‚
786 1562 829 1598 et
852 1555 1027 1614 spiritus
1060 1558 1204 1616 capiat
1225 1559 1459 1618 imaginem

57 1625 154 1680 Dei,
175 1634 387 1684 tanquam
409 1623 483 1668 illa
504 1625 709 1683 contigua
732 1626 905 1685 corpori
927 1660 937 1680 ,
964 1635 1007 1669 et
1026 1626 1098 1670 ille
1116 1629 1170 1671 sit
1192 1631 1310 1686 Deo;
1335 1645 1383 1674 ac
1400 1631 1460 1674 sic

61 1695 115 1741 ad
135 1696 372 1755 imaginem
400 1695 476 1739 Dei
500 1695 634 1740 homo
657 1696 731 1739 ille
752 1697 949 1749 intimus,
974 1712 1064 1741 non
1086 1698 1167 1742 iste
1187 1699 1367 1744 interior
1389 1716 1458 1745 re-

61 1766 275 1812 formetur
293 1768 310 1810 i>
334 1763 418 1810 Sed
436 1764 596 1810 frustra
610 1766 694 1809 hoc
713 1766 835 1809 dicis.
860 1768 968 1810 Nam
991 1768 1025 1810 si
1046 1776 1089 1811 et
1109 1767 1183 1812 ille
1205 1769 1384 1815 intimus
1402 1773 1462 1816 ita

62 1847 126 1883 est
137 1853 214 1897 per
232 1837 389 1882 animae
411 1837 556 1881 omnia
568 1836 765 1880 membra
779 1835 981 1892 diffusus,
999 1846 1049 1881 ut
1061 1837 1132 1882 illa
1152 1854 1228 1898 per
1242 1845 1458 1902 corporiS3

56 1910 147 1970 jam
162 1909 292 1953 etiam
306 1907 396 1967 ipse
417 1922 494 1967 per
516 1907 706 1951 animam
728 1907 864 1966 eoepit
884 1908 1116 1967 imaginem
1132 1912 1460 1970 corporis‚sicut

61 1978 137 2023 illa
159 1994 260 2023 eum
287 1976 426 2023 forma
449 1976 651 2022 formavit
677 1998 688 2035 3
713 1993 762 2022 ac
792 1992 868 2036 per
896 1978 980 2022 hoc
1008 1994 1097 2023 non
1126 1979 1260 2025 habet
1283 1982 1360 2026 ubi
1387 1999 1462 2029 ca-

63 2050 156 2109 piat
171 2049 406 2107 imaginem
421 2048 516 2102 Dei,
528 2056 731 2091 manente
743 2048 787 2091 in
801 2063 845 2091 sc
862 2048 939 2092 ista
952 2048 1137 2106 imagine
1151 2053 1366 2111 corporis3
1383 2055 1464 2098 nisi

66 2117 442 2179 quemadmodum
461 2132 682 2172 nummus,
699 2126 749 2161 ut
772 2117 876 2172 dixi,
892 2116 1015 2162 aliter
1031 2133 1081 2162 ex
1099 2118 1320 2176 inferiore,
1340 2123 1463 2168 aliter

68 2204 119 2233 ex
132 2198 253 2248 parte
271 2189 492 2248 superiore
506 2187 734 2232 formetur.
751 2186 820 2231 Ad
842 2187 921 2231 ista
944 2197 984 2231 te
1008 2188 1195 2233 absurda
1219 2191 1397 2250 quando
1409 2193 1464 2237 de

69 2260 212 2305 anima
234 2260 418 2318 cogitas»,
448 2258 630 2304 carnalis
653 2258 856 2315 cogitatio
874 2273 1127 2316 corporum,
1153 2259 1258 2304 velis
1280 2262 1459 2319 nolisve,

59 2322 307 2391 compellit.
345 2332 429 2376 Sed
461 2333 597 2384 Deus,
624 2339 673 2373 ut
701 2329 830 2373 etiam
853 2329 943 2387 ipse
966 2330 1202 2374 rectissime
1223 2335 1457 2390 confiteris,

70 2418 160 2448 non
189 2411 253 2447 est
282 2416 439 2461 corpus
472 2421 480 2446 ι
514 2400 738 2461 quomodo
764 2400 898 2459 igitur
925 2401 1067 2458 capiat
1106 2402 1196 2461 ejus
1227 2402 1460 2463 imaginem

72 2488 228 2534 corpus
261 2474 279 2517 P
308 2473 499 2518 Obsecro
528 2481 602 2528 te,
640 2472 773 2517 frater
794 2506 805 2526 ‚
842 2479 892 2516 ut
921 2485 1011 2516 non
1043 2471 1326 2520 conformeris
1360 2476 1461 2522 huic

121 2565 130 2582 ¹
155 2557 273 2592 Coloss.
291 2567 342 2596 111,
374 2566 424 2590 ιο.

265 2621 380 2652 exn.
1225 2612 1275 2652 25
