1784 3205
306 245 390 283 246
747 253 779 278 3.
815 251 1043 278 Αυαυετιω
1080 251 1257 276 eviscovi

315 339 336 364 η
360 336 438 366 nos
467 329 511 364 et
541 317 698 373 malos,
734 326 777 361 et
800 315 912 375 pluit
943 329 1073 374 super
1095 315 1233 374 justos
1259 323 1302 357 et
1330 313 1553 372 injustos¹,
1595 329 1615 352 »
1648 321 1691 355 et

307 389 525 452 quidquid
539 389 642 434 boni
661 397 723 432 est
746 396 914 431 naturae
935 386 1138 429 humanae
1156 401 1179 429 a
1204 388 1292 429 Deo
1317 384 1433 427 bono
1448 417 1459 438 ,
1489 383 1617 426 etiam
1645 382 1690 426 in

308 462 390 507 illis
406 459 656 505 hominibus
674 458 750 518 qui
772 472 861 501 non
877 456 1184 500 liberabuntur
1206 470 1229 498 a
1251 454 1380 498 malo.

365 534 511 577 XXII.
547 529 827 588 Voluptatem
853 537 999 571 tamen
1025 528 1103 570 iste
1130 535 1173 570 et
1190 526 1261 570 hic
1284 524 1407 578 dixit,
1433 522 1535 582 quia
1553 531 1696 581 potest

203 631 208 636 .
306 602 508 661 voluptas
523 611 565 645 et
577 601 757 644 honesta
772 613 861 643 esse
874 619 885 656 3
903 613 991 642 non
1005 597 1111 641 dixit
1123 597 1261 640 carnis
1276 592 1690 652 concupiscentiam,

151 674 174 691 ‘f
308 674 380 719 vel
410 671 661 723 libidinem,
687 685 787 729 quae
801 667 1008 728 pudenda
1031 677 1095 712 est
1125 686 1134 711 ι
1162 666 1237 711 36(1
1262 666 1307 709 1η
1331 662 1694 723 consequentibus

104 747 122 759 -·
170 777 177 790 x
309 743 479 802 aperuit
495 741 802 784 verecundiam
824 753 963 793 suam,
988 753 1068 782 nec
1094 735 1362 781 dissimulare
1378 734 1524 793 potuit
1545 734 1599 777 ab
1616 748 1668 778 eo
1683 768 1694 788 ,

309 811 430 873 quod
445 810 658 856 violenter
680 810 770 868 ipsa
792 819 947 853 natura
966 807 1239 867 praescripsit.
1265 825 1284 848 «
1304 809 1361 850 Et
1378 804 1511 859 illud,
1531 804 1696 864 inquit,

313 902 335 926 »
362 887 543 941 Propter
565 882 647 925 hoc
671 880 890 939 relinquet
907 880 1040 924 homo
1066 887 1229 937 patrem
1259 886 1302 921 et
1323 885 1522 930 matrem,
1547 884 1591 919 et
1620 873 1700 918 ad-

312 972 334 996 »
359 952 544 996 haerebit
577 951 702 995 uxori
737 966 852 1005 suae,
887 959 930 994 et
957 961 1084 993 erunt
1115 948 1204 992 duo
1226 948 1271 991 in
1297 961 1426 991 carne
1447 948 1575 990 una‘2.
1600 962 1620 986 »
1646 947 1703 988 Et

310 1033 410 1084 post
423 1023 516 1066 haec
536 1022 612 1065 Dei
625 1021 774 1074 verba,
792 1036 867 1064 sua
884 1020 974 1079 ipse
991 1010 1275 1079 subjungens,
1306 1037 1325 1059 «
1353 1020 1410 1062 Ut
1427 1017 1699 1076 exprimeret,

311 1096 472 1154 inquit,
497 1094 630 1136 fidem
649 1106 846 1151 operum,
873 1092 1089 1149 Propheta
1112 1105 1248 1149 prope
1263 1088 1505 1148 periculum
1523 1087 1702 1146 pudoris

265 1152 291 1183 χ)
312 1166 531 1209 accessit.»
547 1165 584 1206 O
606 1173 753 1222 aperta
773 1178 946 1221 prorsus
964 1171 1007 1214 et
1020 1162 1062 1205 vi
1078 1161 1268 1205 veritatis
1287 1168 1451 1204 extorta
1466 1157 1701 1202 confessio!

312 1235 527 1290 Propheta
553 1248 681 1291 ergo,
716 1243 765 1276 ut
796 1233 1053 1291 exprimeret
1076 1231 1205 1274 fidem
1231 1246 1434 1289 operum,
1468 1244 1604 1288 prope
1626 1244 1704 1287 pe-

313 1304 499 1350 riculum
527 1303 707 1362 pudoris
731 1303 922 1357 accessit,
948 1302 1050 1361 quia
1073 1301 1205 1354 dixit,
1231 1303 1373 1343 Erunt
1400 1299 1489 1342 duo
1511 1300 1555 1341 in
1578 1314 1706 1342 carne

315 1391 421 1429 una,
447 1375 523 1418 ubi
540 1373 894 1418 commixtionem
918 1373 1048 1416 maris
1067 1382 1110 1415 et
1132 1369 1327 1414 foeminae
1345 1369 1528 1428 intelligi
1553 1368 1704 1412 voluit.

314 1447 492 1491 Dicatur
510 1461 654 1493 causa„
675 1460 752 1488 cur
777 1445 820 1487 in
843 1442 1133 1502 exprimendis
1155 1441 1357 1501 operibus
1378 1441 1471 1495 Dei,
1494 1440 1708 1498 Propheta

315 1532 455 1577 prope
486 1516 727 1574 periculum
753 1513 929 1573 pudoris
948 1512 1186 1557 accesserit.
1222 1515 1364 1556 Ita-ne
1393 1526 1495 1555 vero
1519 1511 1709 1554 humana

316 1603 446 1646 opera
469 1585 675 1646 pudenda
698 1601 786 1630 esse
810 1601 899 1628 non
934 1584 1122 1638 debent,
1149 1584 1224 1627 sed
1246 1581 1374 1641 plane
1397 1580 1643 1640 glorianda,
1667 1590 1709 1623 et

316 1658 462 1703 divina
485 1657 690 1716 pudenda
718 1658 846 1700 sunt?
869 1659 1009 1699 Ita-ne
1032 1670 1134 1699 vero
1156 1655 1202 1697 in
1224 1653 1481 1713 eloquendis
1500 1664 1543 1697 et
1565 1651 1710 1710 expri-

318 1729 487 1773 mendis
510 1727 711 1787 operibus
739 1727 830 1781 Dei,
856 1742 946 1770 non
970 1726 1211 1769 honoratur
1236 1724 1465 1782 Prophetae
1496 1722 1561 1766 vel
1590 1737 1711 1766 amor

318 1797 387 1843 vel
407 1798 545 1853 labor,
570 1797 644 1840 sed
663 1796 932 1856 periclitatur
960 1794 1132 1855 pudor?
1154 1793 1270 1847 Quid
1293 1794 1407 1837 enim
1430 1793 1575 1852 potuit
1598 1795 1712 1835 Deus

319 1870 483 1923 facere,
507 1867 628 1928 quod
649 1869 740 1927 ejus
768 1866 1094 1925 praedicatorem
1120 1865 1285 1925 pudeat
1305 1864 1479 1907 dicere?
1502 1866 1559 1906 Et
1588 1862 1713 1923 quod

319 1950 382 1984 est
416 1939 602 1997 gravius,
634 1937 797 1997 pudeat
819 1938 1041 1982 hominem
1075 1936 1255 1995 alicujus
1278 1934 1435 1994 operis,
1471 1934 1591 1993 quod
1623 1949 1712 1977 non

320 2011 477 2063 homo,
508 2009 583 2052 sed
615 2012 730 2052 Deus
769 2007 872 2052 fecit
905 2008 951 2051 in
984 2007 1163 2051 homine
1190 2026 1199 2050 ι
1226 2021 1325 2049 cum
1354 2019 1503 2048 omnes
1540 2003 1713 2063 opifices

322 2089 488 2140 quanto
521 2089 702 2137 possunt
731 2078 882 2123 labore
908 2088 952 2122 et
982 2078 1196 2121 industria
1229 2078 1274 2120 id
1295 2086 1445 2134 agant,
1474 2092 1530 2120 ne
1554 2075 1609 2119 de
1628 2075 1714 2119 suis

323 2150 527 2209 operibus
552 2149 835 2192 erubescant?
862 2148 946 2193 Sed
969 2147 1163 2207 profecto
1185 2147 1295 2190 illud
1318 2163 1396 2190 nos
1420 2146 1572 2205 pudet,
1594 2145 1715 2206 quod

266 2270 269 2276 Κ
325 2220 484 2280 puduit
512 2219 672 2278 primos
694 2218 789 2262 illos
810 2219 1029 2273 homines,
1055 2217 1233 2277 quando
1262 2216 1466 2276 pudenda
1494 2225 1711 2261 texerunt.

276 2288 303 2321 ἕ
326 2291 408 2335 Illa
440 2299 503 2334 est
536 2305 662 2347 poena
696 2292 878 2349 peccati,
916 2290 990 2334 illa
1016 2289 1143 2348 plaga
1171 2289 1489 2348 vestigiumque
1520 2288 1712 2348 peccati,

323 2357 398 2401 illa
450 2355 655 2399 illecebra
697 2354 921 2416 famesque
964 2355 1149 2415 peccati,
1194 2353 1268 2398 illa
1309 2353 1378 2397 lex
1418 2355 1465 2397 in
1508 2353 1714 2398 membris

322 2442 567 2486 repugnans
591 2426 676 2485 legi
705 2428 882 2481 mentis,
908 2425 982 2471 illa
1010 2442 1061 2470 ex
1101 2424 1227 2470 nobis
1253 2424 1351 2483 ipsis
1393 2424 1597 2469 adversus
1634 2439 1714 2468 nos

324 2498 436 2556 ipsos
488 2496 797 2552 inobedienta,
847 2497 1084 2557 justissimo
1121 2497 1389 2555 reciprocatu
1420 2495 1713 2540 inobedienti-

378 2589 385 2605 ¹
409 2582 707 2622 ntattl1.v.45.—
725 2589 737 2604 ²
757 2584 833 2614 Gen.
857 2594 893 2622 ιι,
910 2582 962 2623 24.
