1804 3205
361 261 443 286 LlB.
483 262 527 287 ΙΙ.
560 265 612 289 DE
646 264 824 292 PECCA'I'O
855 266 1092 295 onimium.
1341 263 1418 299 163

37 319 81 362 in
100 335 188 379 quo
206 321 343 365 Adam
362 323 445 367 fuit
461 335 561 369 autc
581 329 994 386 praevaricationem,
1013 332 1157 376 »nihil
1179 348 1278 377 eum
1302 336 1419 380 aliud

35 387 178 434 dicere
199 392 456 448 credebant,
480 395 560 439 nisi
584 413 656 442 eos
680 400 755 457 qui
779 400 978 457 parvulos
1001 412 1156 461 putant
1180 405 1350 449 nullum
1370 422 1420 449 cx

34 459 173 504 Adam
210 464 383 508 traxisse
413 476 639 524 peccatum
659 503 670 524 ‚
696 478 739 513 et
769 471 1010 517 secundum
1043 474 1126 518 hoc
1153 475 1197 518 in
1227 491 1280 519 eo
1304 485 1421 520 statu

35 543 140 584 esse,
169 532 212 576 in
236 549 324 593 quo
344 533 428 579 fuit
450 535 522 581 ille
544 548 644 583 ante
671 551 914 598 peccatum.
945 546 1118 589 Etenim
1142 547 1224 590 hoc
1248 545 1310 590 illi
1339 549 1420 591 ob-

28 599 236 658 jiceretur
256 637 267 657 ,
294 619 381 649 non
405 605 522 651 aliud
543 641 554 662 ,
578 609 695 653 unde
725 613 907 669 quaestio
939 616 1205 661 versabatur.
1235 617 1421 662 Proinde

34 686 133 715 cum
155 672 235 718 hoc
257 674 335 719 iste
354 675 414 720 sic
436 679 628 736 exponit,
651 689 699 724 ut
718 681 849 736 dicat,
872 684 1058 730 inlantes
1076 686 1171 732 ideo
1192 703 1281 732 non
1304 689 1347 731 in
1370 704 1422 733 eo

32 749 148 786 statu
166 758 271 798 esse,
288 745 333 789 in
353 763 442 806 quo
454 747 591 793 Adam
608 749 693 794 suit
714 761 815 796 ante
832 765 1075 811 peccatum,
1100 759 1202 816 quia
1223 760 1421 802 nondum

33 822 134 856 sunt
156 814 199 858 in
222 815 373 860 eadem
404 819 605 864 firmitate
628 823 785 867 mentis
803 833 878 868 aut
894 827 1100 885 corporis,
1126 844 1214 873 non
1237 829 1358 888 quod
1376 830 1421 873 in

33 897 106 926 eos
146 888 359 932 transierit
395 888 481 934 ulla
515 890 643 950 culpa
680 896 925 952 propaginis
947 930 957 949 ‚
992 898 1305 956 respondeatur
1337 900 1374 942 ei
1408 914 1417 940 ε

35 954 224 1005 Quando
249 957 326 1002 tibi
356 958 427 1003 illa
451 960 702 1006 damnanda
729 964 1071 1023 objiciebantur,
1091 982 1181 1012 non
1203 984 1252 1012 ea
1273 970 1420 1014 catho-

32 1021 103 1068 lici
128 1026 317 1086 episcopi
331 1030 389 1073 sic
412 1030 715 1089 intelligebant
734 1051 743 1077 :
764 1033 865 1078 ideo
887 1050 988 1079 cum
1006 1033 1078 1080 illa
1101 1036 1329 1083 damnares
1350 1056 1423 1084 ca-

35 1092 246 1140 tholicum
281 1107 321 1142 te
343 1114 433 1143 csse
454 1100 707 1146 credebant.
744 1106 978 1163 Propterea
1008 1122 1108 1165 ergo
1124 1142 1135 1162 ‚
1155 1108 1274 1167 quod
1299 1119 1340 1154 te
1362 1109 1424 1154 illi

30 1179 176 1223 sapere
193 1168 516 1226 existimabant,
537 1171 856 1218 absolvendum
879 1175 964 1220 fuit
988 1195 997 1221 :
1017 1178 1139 1237 quod
1161 1194 1263 1224 vero
1287 1190 1333 1224 tu
1354 1196 1423 1225 sa-

30 1234 193 1293 piebas,
226 1238 527 1286 damnandum
552 1242 650 1287 fuit.
684 1247 781 1289 Non
808 1261 912 1304 ergo
936 1257 984 1291 tu
1005 1249 1232 1294 absolutus
1255 1266 1320 1305 es,
1347 1253 1423 1310 qui

31 1305 280 1354 damnanda
305 1313 482 1357 tenuisti
505 1334 513 1358 2
538 1314 614 1358 sed
637 1315 746 1359 illud
766 1317 1015 1362 absolutum
1038 1329 1118 1374 est,
1136 1320 1258 1380 quod
1281 1331 1426 1366 tenere

31 1375 236 1422 debuisti.
275 1383 327 1425 Ut
356 1392 501 1427 autem
543 1393 590 1427 tu
619 1385 848 1431 absolutus
883 1391 1095 1446 putareris
1115 1425 1125 1444 ,
1164 1391 1354 1436 creditus
1381 1408 1424 1436 es

28 1447 189 1492 sentire
222 1448 458 1507 laudanda,
484 1469 584 1497 cum
614 1465 654 1498 te
663 1454 834 1514 judices
851 1473 940 1501 non
962 1458 1255 1517 intelligerent
1270 1462 1421 1506 occul-

33 1524 121 1560 tare
144 1517 407 1565 damnanda.
432 1526 567 1567 Recte
590 1524 785 1570 Coelestii
806 1529 946 1572 socius
969 1530 1189 1588 judicatus
1204 1547 1248 1576 es
1265 1567 1276 1587 ,
1297 1534 1423 1592 cujus

29 1587 276 1634 manifestas
296 1600 334 1635 te
348 1607 438 1636 esse
455 1595 795 1654 participem.Et
822 1599 856 1641 si
878 1599 923 1642 in
939 1599 1108 1659 judicio
1130 1611 1227 1647 tuos
1258 1618 1419 1662 coope-

29 1659 151 1703 ruisti
173 1660 306 1706 libros
323 1698 333 1717 ‚
367 1673 511 1724 tamen
535 1675 632 1724 post
644 1668 863 1726 judicium
881 1685 952 1715 eos
970 1670 1158 1717 edidisti.

85 1732 251 1776 XVIII.
287 1735 395 1786 Quae
421 1751 522 1779 cum
552 1737 611 1780 ita
638 1738 758 1790 sint,
792 1740 989 1798 profecto
1018 1744 1185 1789 sentitis
1209 1779 1220 1799 ‚
1255 1745 1301 1788 in
1329 1754 1416 1789 tam

27 1798 207 1846 nefandi
228 1805 380 1849 erroris
403 1816 600 1864 auctores
615 1842 626 1861 ‚
646 1808 903 1867 episcopalia
926 1813 1125 1867 concilia,
1150 1824 1194 1858 et
1216 1815 1416 1873 apostoli-

26 1884 120 1914 cam
142 1872 313 1928 sedem,
332 1875 664 1936 universamque
698 1881 938 1923 Romanam
963 1882 1198 1926 Ecclesiam
1218 1918 1230 1937 ‚
1257 1887 1418 1929 Roma-

29 1954 222 2000 numque
253 1942 480 2002 imperium
504 1948 625 2003 (13),
650 1947 770 2006 quod
801 1951 889 1993 Deo
922 1952 1110 2010 propitio
1131 1954 1411 2003 christianum

26 2018 120 2063 est,
156 2012 388 2057 rectissime
414 2014 545 2059 fuisse
577 2027 847 2061 commotum
865 2053 875 2072 ‚
910 2018 1050 2065 donec
1078 2023 1329 2082 resipiscant
1357 2026 1412 2069 de

26 2079 184 2124 diaboli
206 2081 385 2142 laqueis.
423 2085 528 2138 Quis
564 2087 679 2130 enim
715 2088 794 2132 scit
818 2122 829 2142 ‚
863 2104 919 2133 ne
950 2089 1064 2136 forte
1085 2092 1160 2137 det
1188 2094 1272 2139 illis
1294 2098 1409 2140 Deus

20 2151 329 2209 poenitentiam
351 2153 405 2198 ad
428 2157 791 2215 cognoscendam,
818 2168 862 2203 et
888 2162 1201 2219 confitendam,
1233 2174 1276 2209 et
1297 2181 1411 2225 prae-

26 2218 256 2265 dicandam
270 2223 398 2267 etiam
411 2225 650 2280 veritatem,
666 2226 1048 2290 damnandamque
1065 2233 1272 2277 veraciter
1285 2235 1339 2278 da
1347 2250 1406 2278 m-

19 2289 216 2335 nabilem
250 2291 480 2338 falsitatem
499 2297 516 2339 P
539 2298 727 2356 Quoquo
759 2297 890 2342 modo
912 2309 1057 2344 autem
1079 2316 1123 2345 se
1144 2303 1307 2347 habere
1336 2305 1406 2348 isti

0 2373 1 2424 ᾗ
26 2359 177 2417 velint,
192 2362 339 2407 multis
357 2373 500 2409 tamen
522 2366 813 2411 misericordia
837 2369 1010 2412 Domini
1031 2385 1120 2415 esse
1137 2373 1403 2429 consultum,

0 2427 102 2488 [qui
130 2445 201 2475 eos
234 2442 461 2491 propterea
491 2436 793 2490 sectabantur,
824 2438 925 2495 quia
958 2441 1183 2486 catholicae
1208 2457 1404 2487 commu—

18 2500 146 2547 mioni
160 2501 367 2547 videbant
387 2519 475 2550 esse
505 2506 710 2559 sociatos,
734 2505 934 2551 dubitare
956 2524 1045 2554 non
1080 2526 1320 2569 possumus.

88 2571 206 2615 xlx.
232 2572 463 2625 Quomodo
482 2584 628 2619 autem
652 2575 846 2633 Pelagius
865 2578 1075 2638 obrepere
1098 2582 1326 2625 tentaverit
1349 2582 1405 2625 ad

1154 2651 1216 2691 11.
