1784 3205
327 231 410 268 362
752 240 785 268 s.
822 241 1051 270 Acousrnu
1083 242 1264 269 Episcom

330 326 350 348 «
376 304 504 359 Quod
517 306 705 350 animam
727 321 814 350 non
831 320 882 348 ex
904 305 1056 359 nihilo,
1075 305 1150 349 sed
1166 320 1210 350 se
1226 306 1280 350 de
1294 307 1385 365 ipso
1398 309 1536 351 Deum
1554 306 1701 351 secisse

326 377 483 422 dixisti.
507 395 527 418 ³>
550 377 762 431 Alterum,
799 396 819 418 «
838 380 918 420 Per
931 376 1149 420 infinitum
1170 385 1356 436 tempus,
1377 387 1507 437 atque
1521 378 1579 421 ita
1595 392 1703 422 sem-

325 463 401 507 per
423 451 561 492 Deum
584 448 746 491 animas
769 446 887 501 dare,
912 448 1022 491 sicut
1049 462 1218 506 semper
1237 457 1302 492 est
1332 448 1423 506 ipse
1452 448 1528 507 qui
1562 447 1652 491 dat.
1680 465 1701 487 »

328 519 537 572 Tertium,
567 536 586 558 «
607 518 808 562 Animam
830 518 1032 561 meritum
1055 517 1234 577 aliquod
1255 516 1490 576 perdidisse
1516 533 1593 576 per
1611 532 1706 561 car-

325 603 441 642 nem,
458 587 577 646 quod
590 587 786 630 habuerit
807 596 907 631 ante
929 601 1121 632 carnem.
1149 605 1169 627 »
1193 589 1408 640 Quartum
1426 605 1435 632 ε
1461 605 1480 628 «
1507 588 1705 631 Animam

325 673 400 715 per
421 672 593 701 carnem
622 671 818 716 reparare
847 656 1103 702 habitudem
1119 658 1300 716 priscam
1314 691 1326 711 ,
1351 666 1394 700 et
1415 671 1489 715 per
1508 655 1705 700 eamdem

324 743 495 772 carnem
513 728 692 782 renasci,
710 744 786 788 per
802 743 934 787 quam
946 737 1161 772 meruerat
1174 727 1406 787 inquinari.
1429 745 1448 769 »
1467 727 1701 780 Quintum,

328 817 345 837 «
373 797 500 850 Quod
530 798 672 841 anima
700 799 907 842 meruerit
928 812 1017 842 esse
1040 798 1254 857 peccatrix
1279 806 1379 841 ante
1400 812 1529 841 omne
1548 811 1704 856 pecca-

324 877 484 911 catum.
503 885 523 908 »
543 870 719 912 Sextum
736 903 747 923 ,
768 887 787 909 «
804 868 997 912 Infantes
1009 877 1240 927 antequam
1258 867 1548 926 baptizentur,
1565 875 1704 911 morte

325 947 588 995 praeventOS,
619 939 840 996 pervenire
868 952 990 997 posse
1013 937 1068 980 ad
1094 937 1366 995 originalium
1389 936 1704 995 indulgentiam

326 1017 619 1065 peccatorum.
656 1026 676 1049 »
714 1009 970 1067 Septimum,
1013 1027 1031 1049 «
1056 1011 1170 1060 Quos
1196 1007 1404 1051 Dominus
1426 1008 1706 1066 praedestina-

323 1077 385 1119 vit
415 1076 470 1119 ad
506 1077 791 1135 baptismum,
827 1077 1193 1136 praedestinationi
1231 1078 1322 1135 ejus
1352 1077 1459 1136 eripi
1489 1091 1632 1136 posse,
1663 1085 1706 1120 et

325 1155 425 1188 ante
439 1145 633 1203 defungi,
652 1162 785 1205 quam
803 1148 847 1190 in
865 1147 923 1190 eis
945 1147 1076 1191 fuerit
1092 1148 1212 1206 quod
1227 1148 1499 1206 omnipotens
1514 1147 1705 1206 praedes-

325 1215 478 1258 tinavit
500 1216 746 1274 impletum.
775 1235 794 1257 >1
822 1218 1033 1261 Octavum
1053 1252 1064 1271 ,
1091 1236 1111 1258 «
1132 1220 1192 1260 De
1212 1216 1455 1260 infantibus
1477 1217 1553 1275 qui
1590 1217 1708 1275 prius

323 1300 455 1345 quam
474 1294 756 1329 renascantur
773 1286 817 1329 in
831 1287 1354 1345 Christo,praeveniuntur
1368 1286 1708 1345 occiduo,scrip-

324 1366 417 1399 tum
440 1371 530 1400 esse
550 1375 558 1400 z
583 1375 602 1397 0:
627 1359 793 1415 Raptus
815 1365 877 1400 est
895 1371 950 1400 nc
975 1356 1138 1400 malitia
1159 1365 1348 1400 mutaret
1370 1355 1636 1401 intellectum
1658 1356 1707 1400 il-

326 1445 346 1467 »
367 1427 476 1470 lius1
504 1442 512 1468 :
545 1445 563 1468 n
588 1436 632 1471 et
648 1437 802 1471 caetera
825 1442 925 1486 quae
948 1428 994 1470 in
1016 1442 1112 1471 eam
1131 1428 1390 1472 sententiam
1410 1428 1455 1471 in
1479 1428 1706 1485 Sapientiae

323 1497 436 1540 libro
457 1495 677 1554 leguntur.
705 1500 879 1541 Nonum
899 1532 910 1551 ,
943 1516 959 1536 «
987 1496 1164 1555 Aliquas
1196 1498 1439 1541 mansiones
1472 1511 1560 1540 esse
1590 1505 1710 1541 extra

323 1580 508 1623 regnum
528 1567 620 1619 Dei,
647 1581 795 1610 earum
812 1582 919 1626 quas
942 1568 1150 1610 Dominus
1169 1582 1257 1611 esse
1286 1568 1396 1611 dixit
1415 1568 1459 1611 in
1473 1566 1604 1611 domo
1627 1570 1709 1611 Pa-

324 1636 397 1678 tris
419 1636 499 1679 sui.
525 1653 545 1675 »
570 1636 796 1679 Decimum
815 1645 878 1680 est
900 1671 912 1691 ,
939 1655 958 1678 «
983 1637 1249 1680 Sacrificium
1266 1638 1610 1682 Christianorum
1631 1653 1710 1697 pro

322 1706 381 1749 cis
409 1706 485 1764 qui
515 1721 601 1749 non
626 1706 830 1765 baptizati
859 1707 913 1750 de
945 1723 1126 1765 corpore
1161 1709 1341 1751 exierint
1367 1708 1659 1752 offerendum.
1685 1727 1704 1750 »

323 1774 610 1819 Undecimum
632 1810 642 1829 ,
672 1794 691 1817 «
716 1775 897 1835 Aliquos
919 1791 1067 1820 eorum
1097 1777 1172 1836 qui
1194 1778 1286 1820 sine
1313 1778 1526 1836 baptismo
1549 1778 1709 1822 Christi

322 1860 371 1887 ex
393 1845 473 1887 hac
495 1845 583 1888 vita
603 1845 926 1903 emigraverint,
953 1846 1125 1889 interim
1147 1861 1237 1890 non
1264 1847 1323 1890 ire
1344 1847 1389 1889 in
1411 1861 1615 1904 regnum,
1634 1848 1710 1892 sed

321 1913 366 1955 in
390 1913 661 1972 paradisum,
697 1924 846 1973 postea
868 1930 971 1960 vero
999 1916 1042 1960 in
1065 1916 1380 1960 resurrectione
1407 1925 1678 1961 mortuorum
1694 1951 1705 1972 ,

321 1983 446 2026 etiam
471 1983 524 2027 ad
543 1985 664 2042 regni
686 1986 898 2029 coelornm
916 1985 1236 2030 beatitudinem
1258 1987 1498 2045 pervenire.

380 2055 548 2096 XXIII.
587 2056 689 2098 Haec
710 2055 882 2098 interim
906 2055 1110 2099 undecim
1142 2056 1331 2100 multum
1354 2065 1588 2115 aperteque
1609 2071 1708 2115 per-

322 2137 443 2165 versa
459 2156 470 2177 ,
494 2132 537 2167 et
552 2122 654 2166 fidei
672 2124 896 2168 catholicae
912 2124 1089 2169 adversa
1103 2159 1114 2180 ,
1135 2141 1253 2169 nune
1266 2128 1354 2184 jam
1370 2126 1481 2170 nihil
1497 2127 1710 2171 cuncteris

324 2193 534 2250 extirpare
556 2202 688 2252 atque
711 2193 894 2252 abjicere
912 2194 967 2236 ab
985 2194 1132 2238 animo
1147 2229 1159 2249 ,
1180 2211 1202 2238 a
1221 2196 1376 2249 verbo,
1399 2196 1453 2239 ab
1473 2196 1586 2253 stylo
1608 2205 1708 2255 tuo3

325 2263 357 2305 si
379 2263 441 2306 vis
460 2271 510 2306 ut
531 2272 573 2306 te
588 2297 599 2316 ,
625 2279 714 2306 non
735 2263 875 2307 solum
908 2264 963 2307 ad
984 2263 1135 2309 altaria
1157 2267 1356 2309 transisse
1379 2266 1611 2321 catholica,
1636 2268 1712 2311 sed

320 2346 420 2375 vere
441 2332 707 2376 catholicum
729 2347 818 2376 esse
837 2333 1119 2391 gaudeamus.
1141 2337 1250 2380 Nam
1267 2337 1361 2380 haec
1379 2337 1413 2380 si
1435 2337 1711 2395 pertinaciter

321 2401 491 2458 singula
523 2401 836 2457 defendantur,
872 2412 936 2447 tot
970 2404 1150 2448 haereses
1184 2404 1325 2448 facere
1359 2416 1561 2464 possunt,
1603 2416 1711 2466 quot

324 2471 548 2529 opiniones
585 2486 675 2515 esse
708 2483 1009 2517 numerantur.
1051 2476 1260 2527 Quocirca
1293 2478 1538 2531 considera,
1578 2492 1709 2536 quam

380 2562 385 2575 ¹
411 2557 485 2596 Sap.
511 2566 553 2593 iv,
575 2567 626 2588 11.
