<?xml version="1.0" encoding="UTF-8"?>
<!DOCTYPE html PUBLIC "-//W3C//DTD XHTML 1.0 Transitional//EN"
    "http://www.w3.org/TR/xhtml1/DTD/xhtml1-transitional.dtd">
<html xmlns="http://www.w3.org/1999/xhtml" xml:lang="en" lang="en">
 <head>
  <title>
</title>
<meta http-equiv="Content-Type" content="text/html;charset=utf-8" />
  <meta name='ocr-system' content='tesseract 3.04.00' />
  <meta name='ocr-capabilities' content='ocr_page ocr_carea ocr_par ocr_line ocrx_word'/>
</head>
<body>
  <div class='ocr_page' id='page_1' title='image "./operaomniaaccura34auguuoft/operaomniaaccura34auguuoft_0265.png"; bbox 0 0 1804 3205; ppageno 0'>
   <div class='ocr_carea' id='block_1_1' title="bbox 294 190 1458 233">
    <p class='ocr_par' dir='ltr' id='par_1_1' title="bbox 294 190 1458 233">
     <span class='ocr_line' id='line_1_1' title="bbox 294 190 1458 233; baseline 0.013 -19"><span class='ocrx_word' id='word_1_1' title='bbox 294 190 345 215; x_wconf 70' lang='lat' dir='ltr'>na</span> <span class='ocrx_word' id='word_1_2' title='bbox 378 190 544 218; x_wconf 68' lang='grc' dir='ltr'>Νυντιιε</span> <span class='ocrx_word' id='word_1_3' title='bbox 579 192 628 219; x_wconf 80' lang='lat' dir='ltr'>ET</span> <span class='ocrx_word' id='word_1_4' title='bbox 660 193 1031 233; x_wconf 53' lang='lat' dir='ltr'>conversanum,</span> <span class='ocrx_word' id='word_1_5' title='bbox 1069 198 1149 223; x_wconf 73' lang='lat' dir='ltr'>uu.</span> <span class='ocrx_word' id='word_1_6' title='bbox 1191 201 1235 225; x_wconf 86' lang='grc'>11.</span> <span class='ocrx_word' id='word_1_7' title='bbox 1374 192 1458 229; x_wconf 75' lang='grc'>255</span> 
     </span>
    </p>
   </div>
   <div class='ocr_carea' id='block_1_2' title="bbox 49 250 1458 1880">
    <p class='ocr_par' dir='ltr' id='par_1_2' title="bbox 70 250 1456 392">
     <span class='ocr_line' id='line_1_2' title="bbox 73 250 1456 312; baseline 0.014 -18"><span class='ocrx_word' id='word_1_8' title='bbox 73 250 311 308; x_wconf 84' lang='lat' dir='ltr'>admoneri,</span> <span class='ocrx_word' id='word_1_9' title='bbox 326 264 377 298; x_wconf 85' lang='lat' dir='ltr'>ut</span> <span class='ocrx_word' id='word_1_10' title='bbox 397 257 583 301; x_wconf 75' lang='lat' dir='ltr'>Abrahae</span> <span class='ocrx_word' id='word_1_11' title='bbox 599 274 686 303; x_wconf 91' lang='lat' dir='ltr'>non</span> <span class='ocrx_word' id='word_1_12' title='bbox 708 261 959 306; x_wconf 81' lang='lat' dir='ltr'>misceretur</span> <span class='ocrx_word' id='word_1_13' title='bbox 980 263 1128 307; x_wconf 78' lang='lat' dir='ltr'>uxori?</span> <span class='ocrx_word' id='word_1_14' title='bbox 1148 265 1231 308; x_wconf 87' lang='lat' dir='ltr'>Sed</span> <span class='ocrx_word' id='word_1_15' title='bbox 1259 277 1456 312; x_wconf 84' lang='lat' dir='ltr'>sanatum</span> 
     </span>
     <span class='ocr_line' id='line_1_3' title="bbox 70 321 1188 392; baseline 0.013 -27"><span class='ocrx_word' id='word_1_16' title='bbox 70 321 195 377; x_wconf 90' lang='lat' dir='ltr'>dicit,</span> <span class='ocrx_word' id='word_1_17' title='bbox 220 326 322 384; x_wconf 81' lang='lat' dir='ltr'>quia</span> <span class='ocrx_word' id='word_1_18' title='bbox 339 326 494 372; x_wconf 91' lang='lat' dir='ltr'>domus</span> <span class='ocrx_word' id='word_1_19' title='bbox 517 331 610 389; x_wconf 85' lang='lat' dir='ltr'>ejus</span> <span class='ocrx_word' id='word_1_20' title='bbox 631 331 685 374; x_wconf 86' lang='lat' dir='ltr'>ab</span> <span class='ocrx_word' id='word_1_21' title='bbox 708 331 778 376; x_wconf 87' lang='lat' dir='ltr'>illa</span> <span class='ocrx_word' id='word_1_22' title='bbox 804 342 923 392; x_wconf 84' lang='lat' dir='ltr'>peste</span> <span class='ocrx_word' id='word_1_23' title='bbox 941 343 1085 379; x_wconf 82' lang='lat' dir='ltr'>sanata</span> <span class='ocrx_word' id='word_1_24' title='bbox 1110 345 1188 381; x_wconf 89' lang='lat' dir='ltr'>cst.</span> 
     </span>
    </p>

    <p class='ocr_par' dir='ltr' id='par_1_3' title="bbox 49 395 1493 1880">
     <span class='ocr_line' id='line_1_4' title="bbox 128 395 1456 464; baseline 0.011 -27"><span class='ocrx_word' id='word_1_25' title='bbox 128 395 291 439; x_wconf 84' lang='lat' dir='ltr'>XXXI.</span> <span class='ocrx_word' id='word_1_26' title='bbox 329 399 425 441; x_wconf 84' lang='lat' dir='ltr'>Jam</span> <span class='ocrx_word' id='word_1_27' title='bbox 460 413 578 443; x_wconf 88' lang='lat' dir='ltr'>nunc</span> <span class='ocrx_word' id='word_1_28' title='bbox 606 400 677 444; x_wconf 84' lang='lat' dir='ltr'>illa</span> <span class='ocrx_word' id='word_1_29' title='bbox 712 403 789 446; x_wconf 84' lang='lat' dir='ltr'>tria</span> <span class='ocrx_word' id='word_1_30' title='bbox 825 403 1070 459; x_wconf 77' lang='lat' dir='ltr'>videamus,</span> <span class='ocrx_word' id='word_1_31' title='bbox 1103 420 1293 464; x_wconf 82' lang='lat' dir='ltr'>quorum</span> <span class='ocrx_word' id='word_1_32' title='bbox 1327 407 1456 451; x_wconf 83' lang='lat' dir='ltr'>trium</span> 
     </span>
     <span class='ocr_line' id='line_1_5' title="bbox 67 464 1458 538; baseline 0.011 -31"><span class='ocrx_word' id='word_1_33' title='bbox 67 464 298 522; x_wconf 86' lang='lat' dir='ltr'>quodlibet</span> <span class='ocrx_word' id='word_1_34' title='bbox 314 467 564 523; x_wconf 82' lang='lat' dir='ltr'>dixerimus,</span> <span class='ocrx_word' id='word_1_35' title='bbox 586 471 690 516; x_wconf 90' lang='lat' dir='ltr'>nihil</span> <span class='ocrx_word' id='word_1_36' title='bbox 712 473 770 516; x_wconf 89' lang='lat' dir='ltr'>ait</span> <span class='ocrx_word' id='word_1_37' title='bbox 787 473 870 518; x_wconf 89' lang='lat' dir='ltr'>dici</span> <span class='ocrx_word' id='word_1_38' title='bbox 890 490 1010 534; x_wconf 88' lang='lat' dir='ltr'>posse</span> <span class='ocrx_word' id='word_1_39' title='bbox 1026 474 1248 535; x_wconf 82' lang='lat' dir='ltr'>profanius</span> <span class='ocrx_word' id='word_1_40' title='bbox 1267 496 1275 522; x_wconf 73' lang='grc' dir='ltr'>ε</span> <span class='ocrx_word' id='word_1_41' title='bbox 1299 496 1317 519; x_wconf 89' lang='lat'>«</span> <span class='ocrx_word' id='word_1_42' title='bbox 1336 477 1458 538; x_wconf 83' lang='lat' dir='ltr'>quod</span> 
     </span>
     <span class='ocr_line' id='line_1_6' title="bbox 67 533 1457 601; baseline 0.012 -24"><span class='ocrx_word' id='word_1_43' title='bbox 67 533 286 580; x_wconf 88' lang='lat' dir='ltr'>hominem</span> <span class='ocrx_word' id='word_1_44' title='bbox 318 541 430 583; x_wconf 87' lang='lat' dir='ltr'>Deus</span> <span class='ocrx_word' id='word_1_45' title='bbox 458 549 532 584; x_wconf 86' lang='lat' dir='ltr'>aut</span> <span class='ocrx_word' id='word_1_46' title='bbox 557 557 645 601; x_wconf 85' lang='lat' dir='ltr'>non</span> <span class='ocrx_word' id='word_1_47' title='bbox 673 541 845 598; x_wconf 86' lang='lat' dir='ltr'>fecerit,</span> <span class='ocrx_word' id='word_1_48' title='bbox 872 555 947 590; x_wconf 84' lang='lat' dir='ltr'>aut</span> <span class='ocrx_word' id='word_1_49' title='bbox 973 545 1148 592; x_wconf 79' lang='lat' dir='ltr'>diabolo</span> <span class='ocrx_word' id='word_1_50' title='bbox 1176 546 1328 593; x_wconf 80' lang='lat' dir='ltr'>fecerit</span> <span class='ocrx_word' id='word_1_51' title='bbox 1345 584 1355 601; x_wconf 86' lang='lat'>‚</span> <span class='ocrx_word' id='word_1_52' title='bbox 1382 558 1457 593; x_wconf 81' lang='lat' dir='ltr'>aut</span> 
     </span>
     <span class='ocr_line' id='line_1_7' title="bbox 65 606 1456 671; baseline 0.012 -24"><span class='ocrx_word' id='word_1_53' title='bbox 65 613 180 648; x_wconf 87' lang='lat' dir='ltr'>certe</span> <span class='ocrx_word' id='word_1_54' title='bbox 197 606 396 653; x_wconf 86' lang='lat' dir='ltr'>diabolus</span> <span class='ocrx_word' id='word_1_55' title='bbox 421 611 495 654; x_wconf 90' lang='lat' dir='ltr'>Dei</span> <span class='ocrx_word' id='word_1_56' title='bbox 517 612 571 656; x_wconf 86' lang='lat' dir='ltr'>sit</span> <span class='ocrx_word' id='word_1_57' title='bbox 590 612 838 671; x_wconf 84' lang='lat' dir='ltr'>imaginem,</span> <span class='ocrx_word' id='word_1_58' title='bbox 865 616 947 661; x_wconf 87' lang='lat' dir='ltr'>hoc</span> <span class='ocrx_word' id='word_1_59' title='bbox 969 626 1049 669; x_wconf 78' lang='lat' dir='ltr'>est,</span> <span class='ocrx_word' id='word_1_60' title='bbox 1073 618 1295 663; x_wconf 87' lang='lat' dir='ltr'>hominem</span> <span class='ocrx_word' id='word_1_61' title='bbox 1319 618 1456 663; x_wconf 86' lang='lat' dir='ltr'>fabri-</span> 
     </span>
     <span class='ocr_line' id='line_1_8' title="bbox 63 681 1455 747; baseline 0.011 -29"><span class='ocrx_word' id='word_1_62' title='bbox 63 684 198 720; x_wconf 88' lang='lat' dir='ltr'>catus.</span> <span class='ocrx_word' id='word_1_63' title='bbox 227 694 247 719; x_wconf 86' lang='lat'>»</span> <span class='ocrx_word' id='word_1_64' title='bbox 271 681 438 725; x_wconf 89' lang='lat' dir='ltr'>Horum</span> <span class='ocrx_word' id='word_1_65' title='bbox 462 683 593 726; x_wconf 86' lang='lat' dir='ltr'>trium</span> <span class='ocrx_word' id='word_1_66' title='bbox 616 685 806 743; x_wconf 86' lang='lat' dir='ltr'>primum</span> <span class='ocrx_word' id='word_1_67' title='bbox 834 695 877 730; x_wconf 84' lang='lat' dir='ltr'>et</span> <span class='ocrx_word' id='word_1_68' title='bbox 903 687 1184 747; x_wconf 82' lang='lat' dir='ltr'>novissimum</span> <span class='ocrx_word' id='word_1_69' title='bbox 1211 704 1299 734; x_wconf 90' lang='lat' dir='ltr'>non</span> <span class='ocrx_word' id='word_1_70' title='bbox 1324 689 1408 734; x_wconf 80' lang='lat' dir='ltr'>dici</span> <span class='ocrx_word' id='word_1_71' title='bbox 1432 706 1455 734; x_wconf 87' lang='lat' dir='ltr'>a</span> 
     </span>
     <span class='ocr_line' id='line_1_9' title="bbox 63 745 1452 818; baseline 0.012 -30"><span class='ocrx_word' id='word_1_72' title='bbox 63 745 203 800; x_wconf 88' lang='lat' dir='ltr'>nobis,</span> <span class='ocrx_word' id='word_1_73' title='bbox 231 749 359 793; x_wconf 87' lang='lat' dir='ltr'>etiam</span> <span class='ocrx_word' id='word_1_74' title='bbox 383 750 489 810; x_wconf 87' lang='lat' dir='ltr'>ipse,</span> <span class='ocrx_word' id='word_1_75' title='bbox 514 753 548 796; x_wconf 91' lang='lat' dir='ltr'>si</span> <span class='ocrx_word' id='word_1_76' title='bbox 571 769 659 798; x_wconf 89' lang='lat' dir='ltr'>non</span> <span class='ocrx_word' id='word_1_77' title='bbox 684 755 738 799; x_wconf 87' lang='lat' dir='ltr'>sit</span> <span class='ocrx_word' id='word_1_78' title='bbox 762 771 908 801; x_wconf 85' lang='lat' dir='ltr'>excors</span> <span class='ocrx_word' id='word_1_79' title='bbox 933 767 1007 802; x_wconf 90' lang='lat' dir='ltr'>aut</span> <span class='ocrx_word' id='word_1_80' title='bbox 1032 759 1213 803; x_wconf 90' lang='lat' dir='ltr'>nimium</span> <span class='ocrx_word' id='word_1_81' title='bbox 1240 761 1452 818; x_wconf 76' lang='lat' dir='ltr'>pervicax,</span> 
     </span>
     <span class='ocr_line' id='line_1_10' title="bbox 60 818 1455 892; baseline 0.013 -32"><span class='ocrx_word' id='word_1_82' title='bbox 60 818 310 864; x_wconf 84' lang='lat' dir='ltr'>confitetur.</span> <span class='ocrx_word' id='word_1_83' title='bbox 340 824 400 866; x_wconf 90' lang='lat' dir='ltr'>De</span> <span class='ocrx_word' id='word_1_84' title='bbox 423 823 498 868; x_wconf 84' lang='lat' dir='ltr'>illo</span> <span class='ocrx_word' id='word_1_85' title='bbox 517 827 701 884; x_wconf 79' lang='lat' dir='ltr'>quaestio</span> <span class='ocrx_word' id='word_1_86' title='bbox 730 836 808 881; x_wconf 83' lang='lat' dir='ltr'>est,</span> <span class='ocrx_word' id='word_1_87' title='bbox 843 828 963 887; x_wconf 83' lang='lat' dir='ltr'>quod</span> <span class='ocrx_word' id='word_1_88' title='bbox 992 832 1186 875; x_wconf 85' lang='lat' dir='ltr'>secundo</span> <span class='ocrx_word' id='word_1_89' title='bbox 1220 832 1493 892; x_wconf 83' lang='lat' dir='ltr'>medioque</span> 
     </span>
     <span class='ocr_line' id='line_1_11' title="bbox 60 886 1450 958; baseline 0.012 -27"><span class='ocrx_word' id='word_1_90' title='bbox 60 886 157 932; x_wconf 85' lang='lat' dir='ltr'>loco</span> <span class='ocrx_word' id='word_1_91' title='bbox 179 892 339 949; x_wconf 79' lang='lat' dir='ltr'>posuit,</span> <span class='ocrx_word' id='word_1_92' title='bbox 365 894 440 937; x_wconf 91' lang='lat' dir='ltr'>ubi</span> <span class='ocrx_word' id='word_1_93' title='bbox 465 896 524 939; x_wconf 89' lang='lat' dir='ltr'>sic</span> <span class='ocrx_word' id='word_1_94' title='bbox 550 895 732 950; x_wconf 82' lang='lat' dir='ltr'>fallitur,</span> <span class='ocrx_word' id='word_1_95' title='bbox 754 908 802 942; x_wconf 80' lang='lat' dir='ltr'>ut</span> <span class='ocrx_word' id='word_1_96' title='bbox 823 914 846 943; x_wconf 87' lang='lat' dir='ltr'>a</span> <span class='ocrx_word' id='word_1_97' title='bbox 870 900 995 944; x_wconf 87' lang='lat' dir='ltr'>nobis</span> <span class='ocrx_word' id='word_1_98' title='bbox 1015 902 1097 945; x_wconf 85' lang='grc'>1100</span> <span class='ocrx_word' id='word_1_99' title='bbox 1111 902 1327 947; x_wconf 82' lang='lat' dir='ltr'>existimet</span> <span class='ocrx_word' id='word_1_100' title='bbox 1342 903 1450 958; x_wconf 88' lang='lat' dir='ltr'>dici,</span> 
     </span>
     <span class='ocr_line' id='line_1_12' title="bbox 59 959 1454 1030; baseline 0.011 -29"><span class='ocrx_word' id='word_1_101' title='bbox 59 959 178 1018; x_wconf 81' lang='lat' dir='ltr'>quod</span> <span class='ocrx_word' id='word_1_102' title='bbox 201 959 377 1007; x_wconf 85' lang='lat' dir='ltr'>diabolo</span> <span class='ocrx_word' id='word_1_103' title='bbox 397 967 509 1009; x_wconf 84' lang='lat' dir='ltr'>Deus</span> <span class='ocrx_word' id='word_1_104' title='bbox 533 966 757 1011; x_wconf 78' lang='lat' dir='ltr'>hominem</span> <span class='ocrx_word' id='word_1_105' title='bbox 782 968 943 1022; x_wconf 77' lang='lat' dir='ltr'>feccrit,</span> <span class='ocrx_word' id='word_1_106' title='bbox 971 979 1178 1030; x_wconf 86' lang='lat' dir='ltr'>tanquam</span> <span class='ocrx_word' id='word_1_107' title='bbox 1201 973 1246 1015; x_wconf 87' lang='lat' dir='ltr'>in</span> <span class='ocrx_word' id='word_1_108' title='bbox 1261 973 1454 1017; x_wconf 88' lang='lat' dir='ltr'>homini-</span> 
     </span>
     <span class='ocr_line' id='line_1_13' title="bbox 59 1028 1452 1096; baseline 0.011 -24"><span class='ocrx_word' id='word_1_109' title='bbox 59 1028 140 1073; x_wconf 83' lang='lat' dir='ltr'>hus</span> <span class='ocrx_word' id='word_1_110' title='bbox 159 1047 270 1089; x_wconf 81' lang='lat' dir='ltr'>quos</span> <span class='ocrx_word' id='word_1_111' title='bbox 294 1035 406 1077; x_wconf 84' lang='lat' dir='ltr'>Deus</span> <span class='ocrx_word' id='word_1_112' title='bbox 431 1049 481 1078; x_wconf 82' lang='lat' dir='ltr'>ex</span> <span class='ocrx_word' id='word_1_113' title='bbox 506 1036 757 1081; x_wconf 88' lang='lat' dir='ltr'>hominibus</span> <span class='ocrx_word' id='word_1_114' title='bbox 775 1040 1025 1096; x_wconf 87' lang='lat' dir='ltr'>parentibus</span> <span class='ocrx_word' id='word_1_115' title='bbox 1044 1050 1177 1096; x_wconf 84' lang='lat' dir='ltr'>creat,</span> <span class='ocrx_word' id='word_1_116' title='bbox 1199 1042 1282 1086; x_wconf 97' lang='grc'>1100</span> <span class='ocrx_word' id='word_1_117' title='bbox 1306 1042 1452 1086; x_wconf 86' lang='lat' dir='ltr'>inten-</span> 
     </span>
     <span class='ocr_line' id='line_1_14' title="bbox 57 1099 1453 1169; baseline 0.011 -26"><span class='ocrx_word' id='word_1_118' title='bbox 57 1099 148 1153; x_wconf 85' lang='lat' dir='ltr'>dat,</span> <span class='ocrx_word' id='word_1_119' title='bbox 171 1101 255 1147; x_wconf 91' lang='grc'>1100</span> <span class='ocrx_word' id='word_1_120' title='bbox 269 1113 407 1159; x_wconf 86' lang='lat' dir='ltr'>curet,</span> <span class='ocrx_word' id='word_1_121' title='bbox 434 1106 518 1151; x_wconf 91' lang='grc'>1100</span> <span class='ocrx_word' id='word_1_122' title='bbox 532 1107 598 1151; x_wconf 92' lang='lat' dir='ltr'>sui</span> <span class='ocrx_word' id='word_1_123' title='bbox 621 1108 760 1167; x_wconf 89' lang='lat' dir='ltr'>operis</span> <span class='ocrx_word' id='word_1_124' title='bbox 783 1110 951 1154; x_wconf 87' lang='lat' dir='ltr'>ratione</span> <span class='ocrx_word' id='word_1_125' title='bbox 970 1111 1210 1169; x_wconf 79' lang='lat' dir='ltr'>provideat,</span> <span class='ocrx_word' id='word_1_126' title='bbox 1232 1114 1453 1160; x_wconf 88' lang='lat' dir='ltr'>uthabeat</span> 
     </span>
     <span class='ocr_line' id='line_1_15' title="bbox 57 1169 1452 1242; baseline 0.011 -28"><span class='ocrx_word' id='word_1_127' title='bbox 57 1169 256 1218; x_wconf 87' lang='lat' dir='ltr'>diabolus</span> <span class='ocrx_word' id='word_1_128' title='bbox 277 1190 439 1230; x_wconf 84' lang='lat' dir='ltr'>servos,</span> <span class='ocrx_word' id='word_1_129' title='bbox 464 1193 573 1237; x_wconf 85' lang='lat' dir='ltr'>quos</span> <span class='ocrx_word' id='word_1_130' title='bbox 593 1179 684 1238; x_wconf 88' lang='lat' dir='ltr'>ipse</span> <span class='ocrx_word' id='word_1_131' title='bbox 702 1181 784 1224; x_wconf 88' lang='lat' dir='ltr'>sibi</span> <span class='ocrx_word' id='word_1_132' title='bbox 799 1180 942 1226; x_wconf 82' lang='lat' dir='ltr'>facere</span> <span class='ocrx_word' id='word_1_133' title='bbox 962 1198 1052 1227; x_wconf 90' lang='lat' dir='ltr'>non</span> <span class='ocrx_word' id='word_1_134' title='bbox 1075 1193 1231 1242; x_wconf 85' lang='lat' dir='ltr'>potest.</span> <span class='ocrx_word' id='word_1_135' title='bbox 1260 1184 1386 1229; x_wconf 76' lang='lat' dir='ltr'>Absit</span> <span class='ocrx_word' id='word_1_136' title='bbox 1402 1196 1452 1231; x_wconf 89' lang='lat' dir='ltr'>ut</span> 
     </span>
     <span class='ocr_line' id='line_1_16' title="bbox 55 1241 1449 1313; baseline 0.011 -28"><span class='ocrx_word' id='word_1_137' title='bbox 55 1241 138 1286; x_wconf 88' lang='grc'>1100</span> <span class='ocrx_word' id='word_1_138' title='bbox 159 1243 494 1307; x_wconf 85' lang='lat' dir='ltr'>qualiscumque</span> <span class='ocrx_word' id='word_1_139' title='bbox 515 1248 586 1292; x_wconf 90' lang='lat' dir='ltr'>vel</span> <span class='ocrx_word' id='word_1_140' title='bbox 610 1250 788 1308; x_wconf 84' lang='lat' dir='ltr'>puerilis</span> <span class='ocrx_word' id='word_1_141' title='bbox 811 1253 947 1310; x_wconf 85' lang='lat' dir='ltr'>pietas</span> <span class='ocrx_word' id='word_1_142' title='bbox 964 1255 1222 1313; x_wconf 88' lang='lat' dir='ltr'>suspicetur.</span> <span class='ocrx_word' id='word_1_143' title='bbox 1254 1257 1449 1302; x_wconf 69' lang='lat' dir='ltr'>Bonitate</span> 
     </span>
     <span class='ocr_line' id='line_1_17' title="bbox 54 1315 1449 1383; baseline 0.013 -27"><span class='ocrx_word' id='word_1_144' title='bbox 54 1328 129 1357; x_wconf 92' lang='lat' dir='ltr'>sua</span> <span class='ocrx_word' id='word_1_145' title='bbox 154 1316 266 1359; x_wconf 90' lang='lat' dir='ltr'>Deus</span> <span class='ocrx_word' id='word_1_146' title='bbox 289 1315 392 1361; x_wconf 87' lang='lat' dir='ltr'>facit</span> <span class='ocrx_word' id='word_1_147' title='bbox 411 1318 625 1375; x_wconf 82' lang='lat' dir='ltr'>homines,</span> <span class='ocrx_word' id='word_1_148' title='bbox 652 1331 695 1365; x_wconf 90' lang='lat' dir='ltr'>et</span> <span class='ocrx_word' id='word_1_149' title='bbox 713 1323 873 1380; x_wconf 90' lang='lat' dir='ltr'>primos</span> <span class='ocrx_word' id='word_1_150' title='bbox 889 1324 980 1369; x_wconf 84' lang='lat' dir='ltr'>sine</span> <span class='ocrx_word' id='word_1_151' title='bbox 998 1336 1192 1383; x_wconf 41' lang='lat' dir='ltr'>peccatoj</span> <span class='ocrx_word' id='word_1_152' title='bbox 1213 1336 1254 1371; x_wconf 85' lang='lat' dir='ltr'>et</span> <span class='ocrx_word' id='word_1_153' title='bbox 1269 1337 1449 1374; x_wconf 83' lang='lat' dir='ltr'>caeteros</span> 
     </span>
     <span class='ocr_line' id='line_1_18' title="bbox 53 1385 1445 1455; baseline 0.011 -28"><span class='ocrx_word' id='word_1_154' title='bbox 53 1385 136 1428; x_wconf 87' lang='lat' dir='ltr'>sub</span> <span class='ocrx_word' id='word_1_155' title='bbox 158 1396 353 1444; x_wconf 88' lang='lat' dir='ltr'>peccato,</span> <span class='ocrx_word' id='word_1_156' title='bbox 379 1389 424 1432; x_wconf 89' lang='lat' dir='ltr'>in</span> <span class='ocrx_word' id='word_1_157' title='bbox 449 1406 551 1435; x_wconf 86' lang='lat' dir='ltr'>usus</span> <span class='ocrx_word' id='word_1_158' title='bbox 574 1391 889 1450; x_wconf 86' lang='lat' dir='ltr'>profundarum</span> <span class='ocrx_word' id='word_1_159' title='bbox 915 1397 1228 1455; x_wconf 74' lang='lat' dir='ltr'>cogitationum</span> <span class='ocrx_word' id='word_1_160' title='bbox 1252 1414 1445 1444; x_wconf 87' lang='lat' dir='ltr'>suarum.</span> 
     </span>
     <span class='ocr_line' id='line_1_19' title="bbox 55 1455 1445 1528; baseline 0.011 -28"><span class='ocrx_word' id='word_1_161' title='bbox 55 1455 176 1500; x_wconf 90' lang='lat' dir='ltr'>Sicut</span> <span class='ocrx_word' id='word_1_162' title='bbox 206 1458 321 1502; x_wconf 89' lang='lat' dir='ltr'>enim</span> <span class='ocrx_word' id='word_1_163' title='bbox 345 1459 400 1503; x_wconf 92' lang='lat' dir='ltr'>de</span> <span class='ocrx_word' id='word_1_164' title='bbox 419 1461 550 1519; x_wconf 89' lang='lat' dir='ltr'>ipsius</span> <span class='ocrx_word' id='word_1_165' title='bbox 573 1463 738 1509; x_wconf 91' lang='lat' dir='ltr'>diaboli</span> <span class='ocrx_word' id='word_1_166' title='bbox 762 1465 927 1511; x_wconf 84' lang='lat' dir='ltr'>malitia</span> <span class='ocrx_word' id='word_1_167' title='bbox 950 1469 1071 1512; x_wconf 84' lang='lat' dir='ltr'>novit</span> <span class='ocrx_word' id='word_1_168' title='bbox 1093 1468 1166 1512; x_wconf 90' lang='lat' dir='ltr'>ille</span> <span class='ocrx_word' id='word_1_169' title='bbox 1197 1468 1303 1528; x_wconf 84' lang='lat' dir='ltr'>quid</span> <span class='ocrx_word' id='word_1_170' title='bbox 1332 1479 1445 1528; x_wconf 81' lang='lat' dir='ltr'>agat,</span> 
     </span>
     <span class='ocr_line' id='line_1_20' title="bbox 52 1528 1448 1600; baseline 0.012 -32"><span class='ocrx_word' id='word_1_171' title='bbox 52 1534 95 1569; x_wconf 87' lang='lat' dir='ltr'>et</span> <span class='ocrx_word' id='word_1_172' title='bbox 113 1528 232 1586; x_wconf 91' lang='lat' dir='ltr'>quod</span> <span class='ocrx_word' id='word_1_173' title='bbox 255 1529 342 1586; x_wconf 85' lang='lat' dir='ltr'>agit</span> <span class='ocrx_word' id='word_1_174' title='bbox 359 1531 520 1589; x_wconf 79' lang='lat' dir='ltr'>justum</span> <span class='ocrx_word' id='word_1_175' title='bbox 544 1542 662 1578; x_wconf 89' lang='lat' dir='ltr'>estet</span> <span class='ocrx_word' id='word_1_176' title='bbox 684 1534 865 1582; x_wconf 75' lang='lat' dir='ltr'>bonum.</span> <span class='ocrx_word' id='word_1_177' title='bbox 888 1538 1085 1596; x_wconf 79' lang='lat' dir='ltr'>quamvis</span> <span class='ocrx_word' id='word_1_178' title='bbox 1105 1539 1158 1583; x_wconf 90' lang='lat' dir='ltr'>sit</span> <span class='ocrx_word' id='word_1_179' title='bbox 1176 1539 1230 1583; x_wconf 87' lang='lat' dir='ltr'>de</span> <span class='ocrx_word' id='word_1_180' title='bbox 1252 1555 1341 1600; x_wconf 89' lang='lat' dir='ltr'>quo</span> <span class='ocrx_word' id='word_1_181' title='bbox 1359 1541 1448 1599; x_wconf 81' lang='lat' dir='ltr'>agit</span> 
     </span>
     <span class='ocr_line' id='line_1_21' title="bbox 51 1596 1447 1670; baseline 0.012 -31"><span class='ocrx_word' id='word_1_182' title='bbox 51 1596 235 1656; x_wconf 87' lang='lat' dir='ltr'>injustus</span> <span class='ocrx_word' id='word_1_183' title='bbox 252 1601 465 1655; x_wconf 84' lang='lat' dir='ltr'>etmalus‚</span> <span class='ocrx_word' id='word_1_184' title='bbox 492 1618 572 1647; x_wconf 89' lang='lat' dir='ltr'>nec</span> <span class='ocrx_word' id='word_1_185' title='bbox 593 1619 692 1649; x_wconf 90' lang='lat' dir='ltr'>eum</span> <span class='ocrx_word' id='word_1_186' title='bbox 709 1615 936 1664; x_wconf 86' lang='lat' dir='ltr'>propterea</span> <span class='ocrx_word' id='word_1_187' title='bbox 960 1623 1105 1653; x_wconf 84' lang='lat' dir='ltr'>creare</span> <span class='ocrx_word' id='word_1_188' title='bbox 1137 1609 1306 1666; x_wconf 89' lang='lat' dir='ltr'>noluit,</span> <span class='ocrx_word' id='word_1_189' title='bbox 1342 1611 1447 1670; x_wconf 84' lang='lat' dir='ltr'>quia</span> 
     </span>
     <span class='ocr_line' id='line_1_22' title="bbox 50 1666 1444 1739; baseline 0.011 -29"><span class='ocrx_word' id='word_1_190' title='bbox 50 1666 216 1713; x_wconf 86' lang='lat' dir='ltr'>malum</span> <span class='ocrx_word' id='word_1_191' title='bbox 241 1669 440 1716; x_wconf 85' lang='lat' dir='ltr'>futurum</span> <span class='ocrx_word' id='word_1_192' title='bbox 484 1688 576 1718; x_wconf 85' lang='lat' dir='ltr'>esse</span> <span class='ocrx_word' id='word_1_193' title='bbox 603 1676 817 1734; x_wconf 76' lang='lat' dir='ltr'>praescivit</span> <span class='ocrx_word' id='word_1_194' title='bbox 846 1697 854 1722; x_wconf 92' lang='lat'><strong>:</strong></span> <span class='ocrx_word' id='word_1_195' title='bbox 888 1679 945 1722; x_wconf 86' lang='lat' dir='ltr'>ita</span> <span class='ocrx_word' id='word_1_196' title='bbox 974 1678 1029 1723; x_wconf 92' lang='lat' dir='ltr'>de</span> <span class='ocrx_word' id='word_1_197' title='bbox 1066 1681 1267 1725; x_wconf 81' lang='lat' dir='ltr'>universo</span> <span class='ocrx_word' id='word_1_198' title='bbox 1287 1696 1444 1739; x_wconf 82' lang='lat' dir='ltr'>genere</span> 
     </span>
     <span class='ocr_line' id='line_1_23' title="bbox 51 1736 1444 1809; baseline 0.013 -30"><span class='ocrx_word' id='word_1_199' title='bbox 51 1736 260 1795; x_wconf 86' lang='lat' dir='ltr'>humano,</span> <span class='ocrx_word' id='word_1_200' title='bbox 280 1743 478 1800; x_wconf 85' lang='lat' dir='ltr'>quamvis</span> <span class='ocrx_word' id='word_1_201' title='bbox 496 1744 644 1790; x_wconf 91' lang='lat' dir='ltr'>nullus</span> <span class='ocrx_word' id='word_1_202' title='bbox 662 1746 889 1792; x_wconf 87' lang='lat' dir='ltr'>hominum</span> <span class='ocrx_word' id='word_1_203' title='bbox 913 1749 1004 1792; x_wconf 89' lang='lat' dir='ltr'>sine</span> <span class='ocrx_word' id='word_1_204' title='bbox 1019 1751 1182 1809; x_wconf 84' lang='lat' dir='ltr'>peccati</span> <span class='ocrx_word' id='word_1_205' title='bbox 1201 1753 1327 1797; x_wconf 79' lang='lat' dir='ltr'>sorde</span> <span class='ocrx_word' id='word_1_206' title='bbox 1343 1768 1444 1796; x_wconf 87' lang='lat' dir='ltr'>nas-</span> 
     </span>
     <span class='ocr_line' id='line_1_24' title="bbox 49 1809 1441 1880; baseline 0.011 -29"><span class='ocrx_word' id='word_1_207' title='bbox 49 1817 190 1863; x_wconf 82' lang='lat' dir='ltr'>catur,</span> <span class='ocrx_word' id='word_1_208' title='bbox 226 1809 391 1857; x_wconf 89' lang='lat' dir='ltr'>bonum</span> <span class='ocrx_word' id='word_1_209' title='bbox 420 1813 494 1858; x_wconf 85' lang='lat' dir='ltr'>ille</span> <span class='ocrx_word' id='word_1_210' title='bbox 516 1816 590 1875; x_wconf 87' lang='lat' dir='ltr'>qui</span> <span class='ocrx_word' id='word_1_211' title='bbox 622 1832 790 1862; x_wconf 88' lang='lat' dir='ltr'>summe</span> <span class='ocrx_word' id='word_1_212' title='bbox 823 1819 963 1863; x_wconf 90' lang='lat' dir='ltr'>bonus</span> <span class='ocrx_word' id='word_1_213' title='bbox 993 1829 1055 1863; x_wconf 87' lang='lat' dir='ltr'>est</span> <span class='ocrx_word' id='word_1_214' title='bbox 1079 1832 1312 1880; x_wconf 79' lang='lat' dir='ltr'>operatur3</span> <span class='ocrx_word' id='word_1_215' title='bbox 1337 1822 1441 1868; x_wconf 88' lang='lat' dir='ltr'>alios</span> 
     </span>
    </p>
   </div>
   <div class='ocr_carea' id='block_1_3' title="bbox 49 1875 1637 1949">
    <p class='ocr_par' dir='ltr' id='par_1_4' title="bbox 49 1875 1637 1949">
     <span class='ocr_line' id='line_1_25' title="bbox 49 1875 1637 1949; baseline 0.011 -28"><span class='ocrx_word' id='word_1_216' title='bbox 49 1875 212 1924; x_wconf 83' lang='lat' dir='ltr'>faciens</span> <span class='ocrx_word' id='word_1_217' title='bbox 233 1888 441 1941; x_wconf 84' lang='lat' dir='ltr'>tanquam</span> <span class='ocrx_word' id='word_1_218' title='bbox 464 1899 563 1929; x_wconf 88' lang='lat' dir='ltr'>vasa</span> <span class='ocrx_word' id='word_1_219' title='bbox 581 1886 912 1944; x_wconf 80' lang='lat' dir='ltr'>misericordiae3</span> <span class='ocrx_word' id='word_1_220' title='bbox 936 1905 1046 1948; x_wconf 88' lang='lat' dir='ltr'>quos</span> <span class='ocrx_word' id='word_1_221' title='bbox 1069 1892 1204 1949; x_wconf 82' lang='lat' dir='ltr'>gratia</span> <span class='ocrx_word' id='word_1_222' title='bbox 1225 1893 1442 1938; x_wconf 89' lang='lat' dir='ltr'>discernat</span> <span class='ocrx_word' id='word_1_223' title='bbox 1476 1902 1487 1915; x_wconf 63' lang='grc'>”’</span> <span class='ocrx_word' id='word_1_224' title='bbox 1514 1889 1531 1938; x_wconf 59' lang='grc' dir='ltr'>ζ</span> <span class='ocrx_word' id='word_1_225' title='bbox 1633 1888 1637 1891; x_wconf 50' lang='grc'><strong>’</strong></span> 
     </span>
    </p>
   </div>
   <div class='ocr_carea' id='block_1_4' title="bbox 0 1945 1442 2575">
    <p class='ocr_par' dir='ltr' id='par_1_5' title="bbox 0 1945 1442 2575">
     <span class='ocr_line' id='line_1_26' title="bbox 2 1945 1438 2018; baseline 0.012 -27"><span class='ocrx_word' id='word_1_226' title='bbox 2 1945 11 1953; x_wconf 77' lang='grc'><strong>”</strong></span> <span class='ocrx_word' id='word_1_227' title='bbox 49 1948 104 1992; x_wconf 86' lang='lat' dir='ltr'>ab</span> <span class='ocrx_word' id='word_1_228' title='bbox 126 1949 186 1993; x_wconf 89' lang='lat' dir='ltr'>eis</span> <span class='ocrx_word' id='word_1_229' title='bbox 207 1951 284 2011; x_wconf 88' lang='lat' dir='ltr'>qui</span> <span class='ocrx_word' id='word_1_230' title='bbox 306 1967 404 1998; x_wconf 84' lang='lat' dir='ltr'>vasa</span> <span class='ocrx_word' id='word_1_231' title='bbox 426 1963 528 1999; x_wconf 92' lang='lat' dir='ltr'>sunt</span> <span class='ocrx_word' id='word_1_232' title='bbox 549 1955 652 2011; x_wconf 79' lang='lat' dir='ltr'>irae3</span> <span class='ocrx_word' id='word_1_233' title='bbox 676 1956 781 2001; x_wconf 84' lang='lat' dir='ltr'>alios</span> <span class='ocrx_word' id='word_1_234' title='bbox 809 1967 1016 2018; x_wconf 86' lang='lat' dir='ltr'>tanquam</span> <span class='ocrx_word' id='word_1_235' title='bbox 1042 1976 1141 2006; x_wconf 88' lang='lat' dir='ltr'>vasa</span> <span class='ocrx_word' id='word_1_236' title='bbox 1165 1962 1255 2017; x_wconf 81' lang='lat' dir='ltr'>irae,</span> <span class='ocrx_word' id='word_1_237' title='bbox 1282 1972 1330 2007; x_wconf 90' lang='lat' dir='ltr'>ut</span> <span class='ocrx_word' id='word_1_238' title='bbox 1355 1978 1438 2007; x_wconf 91' lang='lat' dir='ltr'>no-</span> 
     </span>
     <span class='ocr_line' id='line_1_27' title="bbox 48 2020 1442 2084; baseline 0.012 -22"><span class='ocrx_word' id='word_1_239' title='bbox 48 2026 112 2062; x_wconf 82' lang='lat' dir='ltr'>tas</span> <span class='ocrx_word' id='word_1_240' title='bbox 142 2020 273 2066; x_wconf 82' lang='lat' dir='ltr'>faciat</span> <span class='ocrx_word' id='word_1_241' title='bbox 304 2022 474 2069; x_wconf 90' lang='lat' dir='ltr'>divitias</span> <span class='ocrx_word' id='word_1_242' title='bbox 492 2024 651 2084; x_wconf 83' lang='lat' dir='ltr'>&#39;gloriae</span> <span class='ocrx_word' id='word_1_243' title='bbox 675 2043 765 2072; x_wconf 83' lang='lat' dir='ltr'>suae</span> <span class='ocrx_word' id='word_1_244' title='bbox 792 2028 836 2072; x_wconf 90' lang='lat' dir='ltr'>in</span> <span class='ocrx_word' id='word_1_245' title='bbox 857 2045 957 2074; x_wconf 83' lang='lat' dir='ltr'>vasa</span> <span class='ocrx_word' id='word_1_246' title='bbox 979 2032 1283 2077; x_wconf 77' lang='lat' dir='ltr'>misericordiae</span> <span class='ocrx_word' id='word_1_247' title='bbox 1304 2035 1332 2077; x_wconf 90' lang='lat'>¹.</span> <span class='ocrx_word' id='word_1_248' title='bbox 1360 2035 1442 2078; x_wconf 84' lang='lat' dir='ltr'>Eat</span> 
     </span>
     <span class='ocr_line' id='line_1_28' title="bbox 47 2088 1435 2162; baseline 0.012 -30"><span class='ocrx_word' id='word_1_249' title='bbox 47 2088 127 2134; x_wconf 89' lang='lat' dir='ltr'>iste</span> <span class='ocrx_word' id='word_1_250' title='bbox 149 2106 283 2147; x_wconf 89' lang='lat' dir='ltr'>nunc,</span> <span class='ocrx_word' id='word_1_251' title='bbox 307 2102 349 2137; x_wconf 87' lang='lat' dir='ltr'>et</span> <span class='ocrx_word' id='word_1_252' title='bbox 367 2095 572 2142; x_wconf 86' lang='lat' dir='ltr'>adversus</span> <span class='ocrx_word' id='word_1_253' title='bbox 594 2098 867 2157; x_wconf 82' lang='lat' dir='ltr'>Apostolum,</span> <span class='ocrx_word' id='word_1_254' title='bbox 888 2103 1012 2162; x_wconf 85' lang='lat' dir='ltr'>cujus</span> <span class='ocrx_word' id='word_1_255' title='bbox 1028 2102 1106 2148; x_wconf 88' lang='lat' dir='ltr'>ista</span> <span class='ocrx_word' id='word_1_256' title='bbox 1125 2105 1338 2148; x_wconf 86' lang='lat' dir='ltr'>sententia</span> <span class='ocrx_word' id='word_1_257' title='bbox 1356 2114 1435 2161; x_wconf 89' lang='lat' dir='ltr'>est,</span> 
     </span>
     <span class='ocr_line' id='line_1_29' title="bbox 47 2166 1436 2233; baseline 0.012 -30"><span class='ocrx_word' id='word_1_258' title='bbox 47 2171 402 2222; x_wconf 70' lang='lat' dir='ltr'>argumentetur-3</span> <span class='ocrx_word' id='word_1_259' title='bbox 428 2166 516 2212; x_wconf 91' lang='lat' dir='ltr'>imo</span> <span class='ocrx_word' id='word_1_260' title='bbox 538 2168 741 2214; x_wconf 86' lang='lat' dir='ltr'>adversus</span> <span class='ocrx_word' id='word_1_261' title='bbox 764 2171 906 2230; x_wconf 85' lang='lat' dir='ltr'>ipsum</span> <span class='ocrx_word' id='word_1_262' title='bbox 930 2172 1131 2231; x_wconf 86' lang='lat' dir='ltr'>figulum,</span> <span class='ocrx_word' id='word_1_263' title='bbox 1157 2175 1227 2219; x_wconf 90' lang='lat' dir='ltr'>cui</span> <span class='ocrx_word' id='word_1_264' title='bbox 1255 2190 1436 2233; x_wconf 88' lang='lat' dir='ltr'>respon-</span> 
     </span>
     <span class='ocr_line' id='line_1_30' title="bbox 44 2229 1436 2306; baseline 0.012 -32"><span class='ocrx_word' id='word_1_265' title='bbox 44 2229 148 2276; x_wconf 88' lang='lat' dir='ltr'>dere</span> <span class='ocrx_word' id='word_1_266' title='bbox 169 2235 375 2292; x_wconf 85' lang='lat' dir='ltr'>prohibet</span> <span class='ocrx_word' id='word_1_267' title='bbox 400 2238 654 2297; x_wconf 79' lang='lat' dir='ltr'>Apostolus,</span> <span class='ocrx_word' id='word_1_268' title='bbox 683 2240 831 2288; x_wconf 89' lang='lat' dir='ltr'>dicens</span> <span class='ocrx_word' id='word_1_269' title='bbox 858 2263 868 2289; x_wconf 78' lang='lat'>2</span> <span class='ocrx_word' id='word_1_270' title='bbox 897 2262 916 2285; x_wconf 93' lang='lat'>«</span> <span class='ocrx_word' id='word_1_271' title='bbox 943 2246 981 2288; x_wconf 92' lang='grc' dir='ltr'>Ο</span> <span class='ocrx_word' id='word_1_272' title='bbox 1004 2246 1159 2300; x_wconf 85' lang='lat' dir='ltr'>homo,</span> <span class='ocrx_word' id='word_1_273' title='bbox 1198 2255 1245 2290; x_wconf 83' lang='lat' dir='ltr'>tu</span> <span class='ocrx_word' id='word_1_274' title='bbox 1274 2247 1370 2306; x_wconf 90' lang='lat' dir='ltr'>quis</span> <span class='ocrx_word' id='word_1_275' title='bbox 1393 2261 1436 2291; x_wconf 88' lang='lat' dir='ltr'>es</span> 
     </span>
     <span class='ocr_line' id='line_1_31' title="bbox 47 2304 1436 2378; baseline 0.014 -34"><span class='ocrx_word' id='word_1_276' title='bbox 47 2320 68 2343; x_wconf 73' lang='lat' dir='ltr'>n</span> <span class='ocrx_word' id='word_1_277' title='bbox 93 2304 170 2364; x_wconf 91' lang='lat' dir='ltr'>qui</span> <span class='ocrx_word' id='word_1_278' title='bbox 192 2307 450 2366; x_wconf 86' lang='lat' dir='ltr'>respondeas</span> <span class='ocrx_word' id='word_1_279' title='bbox 474 2313 588 2356; x_wconf 85' lang='lat' dir='ltr'>Deo?</span> <span class='ocrx_word' id='word_1_280' title='bbox 605 2313 828 2373; x_wconf 86' lang='lat' dir='ltr'>Numquid</span> <span class='ocrx_word' id='word_1_281' title='bbox 841 2315 945 2360; x_wconf 87' lang='lat' dir='ltr'>dicit</span> <span class='ocrx_word' id='word_1_282' title='bbox 962 2316 1218 2375; x_wconf 85' lang='lat' dir='ltr'>figmentum</span> <span class='ocrx_word' id='word_1_283' title='bbox 1242 2318 1281 2362; x_wconf 90' lang='lat' dir='ltr'>ei</span> <span class='ocrx_word' id='word_1_284' title='bbox 1298 2319 1376 2378; x_wconf 86' lang='lat' dir='ltr'>qui</span> <span class='ocrx_word' id='word_1_285' title='bbox 1391 2334 1436 2364; x_wconf 91' lang='lat' dir='ltr'>se</span> 
     </span>
     <span class='ocr_line' id='line_1_32' title="bbox 48 2375 1434 2448; baseline 0.014 -33"><span class='ocrx_word' id='word_1_286' title='bbox 48 2391 68 2414; x_wconf 88' lang='lat'>»</span> <span class='ocrx_word' id='word_1_287' title='bbox 94 2375 219 2421; x_wconf 82' lang='lat' dir='ltr'>finxit</span> <span class='ocrx_word' id='word_1_288' title='bbox 245 2396 254 2421; x_wconf 91' lang='lat'>:</span> <span class='ocrx_word' id='word_1_289' title='bbox 280 2381 423 2432; x_wconf 89' lang='lat' dir='ltr'>Quare</span> <span class='ocrx_word' id='word_1_290' title='bbox 444 2382 503 2426; x_wconf 88' lang='lat' dir='ltr'>sic</span> <span class='ocrx_word' id='word_1_291' title='bbox 526 2398 594 2427; x_wconf 87' lang='lat' dir='ltr'>me</span> <span class='ocrx_word' id='word_1_292' title='bbox 618 2382 780 2428; x_wconf 85' lang='lat' dir='ltr'>fecisti?</span> <span class='ocrx_word' id='word_1_293' title='bbox 807 2389 875 2429; x_wconf 84' lang='lat' dir='ltr'>An</span> <span class='ocrx_word' id='word_1_294' title='bbox 905 2402 993 2431; x_wconf 90' lang='lat' dir='ltr'>non</span> <span class='ocrx_word' id='word_1_295' title='bbox 1022 2388 1153 2432; x_wconf 86' lang='lat' dir='ltr'>habet</span> <span class='ocrx_word' id='word_1_296' title='bbox 1176 2398 1434 2448; x_wconf 87' lang='lat' dir='ltr'>potestatem</span> 
     </span>
     <span class='ocr_line' id='line_1_33' title="bbox 0 2446 1430 2518; baseline 0.013 -29"><span class='ocrx_word' id='word_1_297' title='bbox 0 2470 8 2481; x_wconf 74' lang='lat'><em>—</em></span> <span class='ocrx_word' id='word_1_298' title='bbox 47 2462 68 2486; x_wconf 88' lang='lat'>»</span> <span class='ocrx_word' id='word_1_299' title='bbox 92 2446 253 2506; x_wconf 85' lang='lat' dir='ltr'>figulus</span> <span class='ocrx_word' id='word_1_300' title='bbox 267 2448 350 2496; x_wconf 88' lang='lat' dir='ltr'>luti</span> <span class='ocrx_word' id='word_1_301' title='bbox 366 2467 416 2496; x_wconf 89' lang='lat' dir='ltr'>ex</span> <span class='ocrx_word' id='word_1_302' title='bbox 432 2453 585 2500; x_wconf 87' lang='lat' dir='ltr'>eadem</span> <span class='ocrx_word' id='word_1_303' title='bbox 597 2471 733 2501; x_wconf 87' lang='lat' dir='ltr'>massa</span> <span class='ocrx_word' id='word_1_304' title='bbox 750 2455 893 2502; x_wconf 82' lang='lat' dir='ltr'>facere</span> <span class='ocrx_word' id='word_1_305' title='bbox 911 2457 1030 2504; x_wconf 89' lang='lat' dir='ltr'>aliud</span> <span class='ocrx_word' id='word_1_306' title='bbox 1045 2475 1118 2504; x_wconf 90' lang='lat' dir='ltr'>vas</span> <span class='ocrx_word' id='word_1_307' title='bbox 1130 2459 1176 2504; x_wconf 86' lang='lat' dir='ltr'>in</span> <span class='ocrx_word' id='word_1_308' title='bbox 1194 2461 1406 2506; x_wconf 87' lang='lat' dir='ltr'>honorem</span> <span class='ocrx_word' id='word_1_309' title='bbox 1419 2496 1430 2518; x_wconf 86' lang='lat'>‚</span> 
     </span>
     <span class='ocr_line' id='line_1_34' title="bbox 91 2531 366 2575; baseline 0.015 -12"><span class='ocrx_word' id='word_1_310' title='bbox 91 2534 101 2553; x_wconf 90' lang='lat'>¹</span> <span class='ocrx_word' id='word_1_311' title='bbox 121 2531 217 2564; x_wconf 81' lang='lat' dir='ltr'>Rom.</span> <span class='ocrx_word' id='word_1_312' title='bbox 241 2543 287 2575; x_wconf 84' lang='lat' dir='ltr'>ix,</span> <span class='ocrx_word' id='word_1_313' title='bbox 312 2534 366 2567; x_wconf 80' lang='lat'>23.</span> 
     </span>
    </p>
   </div>
  </div>
 </body>
</html>
