1804 3205
364 225 443 249 tin.
482 224 526 248 n.
563 224 614 249 oz
648 222 826 250 recurro
857 220 1096 249 οιιιοιΝΛω.
1348 211 1426 247 175

34 288 136 345 quia
168 287 365 330 nondum
395 289 556 330 lactum
590 296 667 330 cst.
705 290 744 331 s·
778 296 924 330 autem
956 301 1032 329 nos
1071 300 1144 344 per
1165 286 1290 344 liujus
1314 301 1426 328 non—

34 357 139 401 duin
164 356 283 410 facti,
305 355 382 401 sed
405 357 540 401 futuri
560 356 711 416 judicii
738 357 867 401 lidcni
897 357 1104 401 stabimus
1128 355 1178 399 ad
1206 354 1426 398 dexteram

36 429 193 474 Christi
222 447 230 473 :
253 427 451 487 profecto
469 428 529 472 illi
555 444 630 487 per
654 428 961 473 incarnationis
987 429 1077 486 ejus
1101 436 1206 470 tunc
1230 427 1426 470 nondum

37 500 178 553 l'actae,
199 499 273 544 sed
297 499 460 544 suturae
484 499 615 543 fidem
631 503 827 544 membra
851 510 952 544 sunt
975 499 1147 544 Christi.

96 572 280 614 xxxu.
305 573 456 630 Neque
478 570 593 614 enim
619 570 864 629 putandum
884 579 969 623 est,
991 568 1110 629 quod
1133 568 1427 627 antiquisjus-

42 640 92 684 tis
113 641 202 685 sola
225 657 324 701 quoe
345 656 513 700 semper
531 650 645 695 erat,
667 641 869 684 divinitas
885 640 1062 692 Christi,
1084 654 1172 683 non
1187 638 1314 681 etiam
1330 653 1429 696 quac

41 710 239 755 nondum
273 721 385 764 erat,
422 711 512 771 ejus
547 711 789 755 humanitas
832 709 1016 754 revelata
1050 707 1276 769 profuerit.
1315 706 1429 750 Illud

37 781 152 825 enim
175 780 297 840 quod
318 782 376 825 ait
400 782 609 826 Dominus
631 784 771 834 Jesus,
796 782 1017 826 Abraham
1040 779 1290 838 concupivit
1312 777 1428 821 diem

41 865 185 895 meum
203 850 363 904 videre,
384 861 426 895 et
447 853 568 907 vidit,
591 861 633 896 ct
652 853 821 910 gavisus
839 861 898 895 est
921 872 929 896 2
954 852 986 894 si
1010 850 1124 894 diem
1145 865 1270 893 suum
1290 848 1428 892 voluit

39 937 176 974 suum,
205 931 375 981 tempus
406 922 611 981 intelligi,
644 923 937 967 testimonium
980 920 1175 981 profecto
1203 919 1428 978 perbibuit

40 991 243 1046 Abrahae,
262 992 382 1052 quod
399 992 484 1036 fide
507 991 637 1036 fuerit
660 992 968 1036 incarnationis
983 993 1073 1050 ejus
1092 992 1147 1033 im
1157 991 1328 1033 butus⁴.
1351 991 1429 1032 Se-

40 1064 236 1107 cundum
255 1064 367 1108 hanc
379 1064 492 1107 enim
509 1063 640 1107 habet
656 1072 846 1122 tempus:
863 1062 1067 1106 divinitas
1079 1076 1181 1105 vero
1193 1061 1284 1120 ejus
1299 1073 1430 1103 omne

42 1142 210 1192 tempus
219 1133 408 1189 excedit,
423 1135 524 1194 quia
543 1149 620 1194 per
636 1133 754 1178 illam
774 1134 971 1177 universa
983 1132 1093 1177 facta
1105 1140 1426 1189 sunttempora.

40 1203 170 1257 Quod
183 1214 227 1249 et
239 1206 271 1249 si
294 1206 523 1265 quisquam
541 1204 596 1249 de
609 1203 680 1249 die
697 1204 961 1264 sempiterno
976 1202 1277 1261 accipiendum
1301 1209 1430 1259 puta-

41 1276 168 1330 verit,
181 1276 257 1337 qui
274 1276 397 1321 nullo
412 1277 563 1320 finitur
574 1277 775 1330 crastino,
789 1274 913 1319 nullo
932 1274 1194 1334 praevenitur
1209 1273 1428 1324 hesterno,

44 1345 127 1389 hoc
144 1356 228 1400 est,
259 1345 314 1390 de
342 1346 433 1405 ipsa
465 1347 728 1399 aeternitate,
758 1345 802 1388 in
828 1361 913 1404 qua
937 1353 1178 1388 coaeternus
1198 1352 1262 1386 est
1282 1342 1395 1386 Patri
1420 1360 1427 1385 :

41 1417 264 1476 quomodo
287 1417 330 1461 id
351 1433 451 1461 vere
474 1417 799 1476 concupisceret
823 1416 1059 1468 Abraham,
1086 1415 1162 1457 nisi
1181 1415 1272 1473 ejus
1288 1420 1433 1456 nosset

42 1485 238 1530 futuram
260 1488 592 1541 mortalitatem,
628 1488 751 1546 cujus
778 1485 979 1545 quaesivit
1011 1484 1322 1528 aeternitatem?
1345 1485 1433 1525 Aut

44 1556 77 1599 si
95 1554 148 1600 ad
172 1557 255 1601 hoc
272 1556 427 1617 aliquis
444 1557 601 1601 horum
617 1556 854 1601 verborum
871 1571 1041 1600 sensum
1069 1562 1275 1606 coarctat,
1293 1561 1342 1596 ut
1363 1551 1432 1596 di-

42 1634 126 1680 cat,
147 1625 256 1670 nihil
279 1625 613 1685 intelligendum
634 1627 678 1669 in
696 1641 748 1670 eo
776 1627 898 1686 quod
921 1626 979 1670 ait
1006 1626 1237 1678 Dominus,
1265 1623 1432 1675 Quaesi-

41 1698 105 1741 vit
124 1697 239 1741 diem
260 1713 428 1752 meum,
446 1698 542 1752 nisi,
570 1697 778 1751 Quaesivit
800 1712 892 1752 me,
918 1697 994 1756 qui
1017 1711 1112 1741 sum
1135 1694 1225 1739 dies
1258 1709 1430 1754 perma-

44 1782 149 1811 nens
164 1802 175 1821 ‚
213 1768 293 1812 hoc
332 1777 422 1822 est,
460 1767 608 1811 lumen
638 1766 892 1811 indeficiens
920 1786 927 1811 ;
967 1765 1085 1810 velut
1115 1781 1215 1810 cum
1252 1763 1432 1808 dicimus

42 1836 175 1880 vitam
211 1837 334 1890 Filii,
361 1837 415 1881 de
448 1854 533 1897 qua
565 1837 762 1897 loquitur
796 1835 1085 1894 Evangelium
1118 1834 1292 1887 dicens,
1317 1852 1336 1875 «
1365 1833 1434 1877 Sic

47 1924 67 1948 ι)
93 1905 215 1951 dedit
236 1917 280 1951 et
304 1907 415 1952 Filio
438 1909 571 1952 vitam
594 1908 756 1951 habere
779 1907 823 1950 in
845 1906 1103 1965 semetipso2
1126 1924 1135 1951 :
1160 1924 1178 1946 »
1202 1919 1289 1948 non
1313 1902 1430 1947 aliud

44 1978 183 2037 ipsum
198 2012 208 2032 ,
230 1977 349 2022 aliud
372 1979 464 2038 ejus
476 1978 635 2035 vitam,
655 1976 730 2022 sed
752 1977 955 2021 eumdem
974 1977 1114 2035 ipsum
1134 1974 1288 2019 Filium
1310 1973 1435 2018 intel·

43 2047 217 2106 ligimus
239 2048 387 2103 vitam,
409 2049 486 2108 qui
504 2048 624 2103 dixit,
648 2067 666 2090 «
688 2050 781 2106 Ego
797 2062 892 2091 sum
911 2047 995 2101 via,
1019 2046 1175 2090 veritas
1191 2055 1233 2089 et
1260 2044 1388 2088 vita³;
1408 2062 1427 2084 »

44 2126 88 2161 et
120 2116 177 2161 de
207 2133 296 2177 quo
323 2117 491 2162 dictum
528 2127 614 2172 est,
657 2136 677 2159 «
715 2120 810 2176 Ipse
852 2125 916 2160 est
950 2131 1076 2160 verus
1109 2118 1224 2159 Deus
1265 2123 1308 2158 et
1348 2113 1434 2157 vita

49 2204 69 2227 ι)
99 2188 288 2231 aeterna⁴
322 2206 330 2232 ε
365 2205 386 2228 »
422 2197 472 2232 ut
501 2189 613 2232 hanc
647 2188 737 2246 ejus
766 2186 979 2246 aequalem
1012 2186 1127 2231 Patri
1162 2185 1434 2229 divinitatem

45 2257 192 2301 videre
228 2258 413 2318 cupierit
433 2258 652 2302 Abraham
670 2293 681 2312 ,
709 2273 986 2317 nequaquam
1018 2256 1315 2301 incarnatione
1346 2255 1435 2314 ejus

47 2329 328 2387 praecognita,
352 2329 464 2373 sicut
487 2343 588 2373 eum
613 2326 813 2371 nonnulli
846 2328 973 2370 etiam
1000 2326 1247 2386 philosophi
1268 2325 1433 2385 quaesi-

47 2408 227 2452 verunt,
247 2399 321 2457 qui
350 2397 458 2442 nihil
484 2397 539 2442 de
561 2400 652 2458 ejus
674 2412 805 2441 carne
826 2395 1074 2441 didicerunt
1103 2417 1110 2441 ;
1143 2395 1356 2456 numquid
1391 2404 1434 2438 et

51 2466 177 2522 illud,
197 2469 315 2528 quod
329 2469 456 2528 jubet
481 2468 716 2520 Abraham,
740 2481 900 2525 ponere
918 2482 1092 2512 manum
1111 2460 1282 2510 ser‘vum
1306 2480 1433 2509 suum

102 2558 109 2574 ¹
131 2554 223 2584 Joan.
245 2563 312 2592 vni,
331 2551 385 2584 56.
403 2570 442 2576 —
493 2552 539 2584 ld.
563 2563 594 2593 v,
615 2550 668 2584 26.
687 2568 724 2574 —
742 2548 822 2583 ³1d,
845 2561 914 2589 xiv,
932 2550 952 2582 6
1001 2549 1052 2580 -4
1076 2561 1086 2582 ι
1111 2552 1203 2583 Joan.
1227 2561 1260 2589 v,
1290 2558 1342 2582 20.
