1784 3205
365 213 445 250 176
794 226 824 250 s.
869 224 1090 251 mersum
1124 224 1302 251 El’tscom

358 290 440 335 sub
470 289 633 334 femore
656 305 757 344 suo,
787 299 829 334 et
855 292 1001 348 jurare
1028 304 1105 349 per
1140 293 1277 334 Deum
1312 289 1433 343 coeli,
1462 289 1584 333 aliter
1618 292 1739 349 quis-

358 375 488 419 quam
513 369 626 404 recte
647 359 948 404 intellecturus
970 368 1054 414 est,
1081 360 1160 403 nisi
1184 360 1402 404 Abraham
1421 360 1561 414 scisse,
1588 360 1630 403 in
1655 375 1741 419 qua

357 439 568 474 venturus
591 439 701 475 esset
726 433 838 474 Deus
861 430 976 484 caeli,
1003 445 1175 474 carnem
1205 430 1259 474 de
1289 429 1361 474 illo
1386 429 1551 474 femore
1579 445 1739 488 propa-

361 500 477 560 gari⁵
499 503 517 541 ⁶?
541 519 560 540 n

420 572 627 615 XXXIII.
670 571 805 629 Cujus
841 571 980 614 carnis
1017 579 1060 614 et
1096 570 1316 628 sanguinis
1335 604 1345 624 ,
1391 570 1569 629 quando
1602 570 1743 628 ipsum

361 642 577 686 Abraham
620 640 840 685 benedixit
861 677 871 695 ,
915 639 1232 684 Melchisedech
1276 643 1405 683 etiam
1453 640 1743 683 testimonium

359 712 611 755 Christianis
643 710 844 754 fidelibus
875 710 1144 753 notissimum
1178 709 1390 768 protulit,
1424 718 1472 752 ut
1499 718 1622 753 tanto
1650 719 1745 768 post

359 782 532 826 Christo
554 782 770 825 diceretur
799 782 842 824 in
868 780 1045 824 Psalmis
1062 814 1072 834 ‚
1098 780 1218 839 quod
1240 780 1435 823 nondum
1458 779 1620 822 factum
1635 814 1646 833 ,
1669 778 1744 822 sed

361 853 503 897 adhuc
525 851 740 906 futurum,
762 850 913 895 eadem
938 860 1082 894 tamen
1105 851 1194 909 ipsa
1218 859 1260 893 et
1282 859 1453 908 patrum
1482 866 1580 909 quae
1602 859 1746 894 nostra

361 931 439 977 est,
458 923 563 966 fides
585 938 669 966 una
689 923 895 966 cantabat
915 940 924 965 :
946 940 961 959 «
992 923 1056 963 Tu
1082 935 1125 964 es
1148 919 1344 964 sacerdos
1364 920 1408 963 in
1431 928 1659 974 aeternum,
1680 935 1746 963 se-

364 1011 382 1033 »
409 992 603 1037 cundum
626 992 823 1036 ordinem
844 990 1202 1036 Melchisedech&
1224 1010 1242 1031 η
1273 994 1322 1034 In
1341 989 1479 1034 Adam
1498 991 1660 1050 quippe
1675 992 1740 1035 in·

360 1063 634 1106 venientibus
657 1071 857 1115 mortem,
881 1077 958 1120 per
986 1062 1069 1105 hoc
1101 1061 1276 1119 prodest
1311 1061 1508 1104 Christus
1530 1060 1647 1120 quod
1683 1071 1746 1105 est

361 1132 570 1176 mediator
593 1133 647 1176 ad
664 1133 814 1176 vitam.
837 1133 933 1175 Non
950 1139 1092 1174 autem
1113 1146 1187 1189 per
1205 1131 1288 1174 hoe
1306 1130 1517 1175 mediator
1531 1140 1609 1185 est,
1626 1131 1745 1190 quod

359 1203 536 1262 aequalis
556 1212 619 1246 est
642 1203 757 1246 Patri
782 1221 790 1246 :
811 1217 887 1260 per
909 1202 992 1245 hoc
1009 1202 1142 1255 enim,
1167 1210 1380 1260 quantum
1404 1204 1546 1255 Pater,
1574 1210 1745 1246 tantum

360 1281 403 1315 et
434 1273 525 1331 ipse
558 1271 688 1315 distat
721 1287 743 1315 a
779 1272 904 1315 nobis
932 1290 940 1314 :
967 1279 1010 1313 et
1035 1271 1258 1330 quomodo
1286 1271 1365 1314 erit
1398 1270 1605 1314 medietas
1625 1306 1635 1325 ‚
1665 1272 1741 1313 ubi

360 1341 510 1385 eadem
527 1342 617 1400 ipsa
634 1340 835 1385 distantia
859 1342 951 1384 est?
976 1339 1080 1383 Ideo
1105 1339 1334 1398 Apostolus
1356 1356 1445 1385 non
1468 1341 1526 1384 ait
1548 1360 1555 1384 :
1582 1360 1601 1382 «
1626 1343 1744 1384 Unus

362 1431 382 1451 n
418 1411 630 1455 mediator
663 1412 739 1455 Dei
774 1420 816 1454 et
840 1410 1069 1455 hominum
1103 1411 1298 1455 Christus
1330 1413 1452 1454 Jesus
1474 1429 1482 1454 ε
1508 1410 1581 1454 sed
1614 1411 1745 1455 homo

360 1482 555 1527 Christus
570 1483 734 1525 Jesus4.
758 1501 777 1522 »
800 1482 975 1525 Perhoc
993 1496 1094 1538 ergo
1113 1482 1340 1535 mediator,
1363 1496 1439 1539 per
1452 1480 1571 1540 quod
1590 1481 1741 1525 horno:

362 1552 540 1595 inferior
564 1556 689 1596 Patre
713 1567 788 1610 per
809 1550 929 1611 quod
957 1551 1081 1595 nobis
1105 1552 1391 1611 propinquior
1412 1572 1422 1609 3
1449 1552 1641 1610 superior
1663 1566 1744 1595 no-

360 1622 424 1665 bis
442 1638 516 1680 per
532 1622 650 1682 quod
670 1623 785 1666 Patri
804 1622 1087 1681 propinquior
1105 1621 1251 1681 :quod
1278 1622 1466 1680 apertius
1486 1623 1543 1665 ita
1566 1621 1742 1674 dicitur,

359 1692 535 1736 inferior
558 1696 698 1747 Patre,
723 1693 825 1751 quia
846 1693 889 1735 in
913 1691 1051 1736 forma
1074 1692 1183 1736 servi
1203 1694 1234 1747 5,
1260 1692 1454 1750 superior
1477 1692 1615 1746 nobis,
1643 1692 1744 1751 quia

359 1762 451 1805 sine
472 1763 571 1805 labe
600 1762 780 1821 peccati.

419 1834 621 1875 XXXIV.
650 1835 924 1890 Quapropter
952 1831 1146 1891 quisquis
1179 1832 1415 1875 humanam
1447 1831 1672 1875 contendit
1700 1831 1743 1873 in

359 1901 555 1961 qualibet
588 1911 715 1946 aetate
755 1911 953 1946 naturam
995 1917 1082 1945 non
1117 1901 1311 1960 indigere
1348 1902 1517 1946 medico
1553 1900 1744 1945 secundo

361 1972 514 2025 Adam,
534 1974 634 2031 quia
657 1989 745 2016 non
763 1982 826 2016 est
848 1973 994 2016 vitiata
1017 1973 1061 2015 in
1084 1973 1222 2030 primo
1242 1972 1398 2027 Adam,
1425 1989 1511 2017 non
1535 1973 1578 2015 in
1601 1971 1742 2030 aliqua

360 2043 614 2100 quaestione,
636 2044 680 2085 in
698 2059 783 2101 qua
801 2041 991 2086 dubitari
1014 2043 1083 2086 vel
1100 2044 1230 2086 errari
1253 2043 1369 2088 salva
1388 2043 1474 2088 fide
1492 2052 1647 2102 potest,
1668 2042 1740 2086 sed

359 2113 398 2155 in
424 2113 513 2170 ipsa
530 2112 678 2170 regula
701 2113 801 2156 fidei
816 2129 901 2171 qua
923 2113 1155 2156 Christiani
1177 2128 1339 2166 sumus,
1362 2115 1509 2171 gratiae
1526 2113 1743 2158 convinci-

360 2191 430 2225 tur
453 2183 666 2226 inimicus.
689 2183 826 2235 Quale
846 2192 909 2226 est
931 2191 1092 2236 autem,
1118 2181 1234 2240 quod
1260 2183 1315 2225 ab
1334 2183 1423 2226 istis
1440 2182 1511 2227 illa
1529 2199 1627 2243 quae
1643 2192 1742 2227 ante

360 2252 463 2307 fuit,
489 2252 610 2296 velut
631 2253 775 2296 adhuc
798 2254 940 2297 minus
963 2252 1085 2296 malis
1109 2253 1301 2296 moribus
1325 2253 1493 2306 vitiata,
1511 2254 1741 2297 hominum

360 2322 562 2366 laudatur
584 2332 736 2367 natura
755 2344 765 2381 3
794 2339 935 2383 neque
958 2323 1191 2382 respiciunt
1211 2323 1339 2367 tantis
1361 2332 1568 2383 tanquam
1591 2321 1739 2367 intole-

359 2393 563 2437 rabilibus
586 2396 768 2452 peccatis
790 2395 986 2438 homines
1011 2403 1116 2437 tunc
1143 2393 1273 2437 fuisse
1295 2394 1539 2438 submersos
1555 2429 1566 2448 ,
1594 2403 1642 2437 ut
1664 2409 1739 2437 ex-

409 2502 413 2514 ¹
438 2497 518 2526 Gen.
550 2506 637 2535 xxiv,
659 2504 691 2526 ⁴2.
709 2513 746 2517 -
765 2501 776 2515 2
799 2496 927 2536 ld.x1v,
962 2506 1010 2536 ¹9·
1036 2512 1064 2517 -
1086 2493 1099 2516 3
1119 2494 1196 2526 Psal.
1223 2505 1292 2535 cix,
1319 2495 1349 2535 4.
1366 2512 1405 2517 --
1421 2493 1437 2523 4
1462 2506 1470 2526 1
1493 2496 1572 2527 Tim.
1593 2506 1629 2534 ix,
1652 2495 1679 2524 Γ)4
1699 2510 1738 2516 -

361 2549 374 2573 5
394 2551 505 2593 Philip.
529 2563 567 2592 ιι,
588 2562 617 2593 7.
