1784 3205
335 248 418 288 434
767 259 799 283 s.
835 251 1065 279 mensum
1098 247 1278 277 znscom

338 343 357 365 »
383 321 564 368 evellam
592 334 666 365 cor
689 332 840 364 eorum
861 315 1086 374 lapideum
1102 312 1157 357 de
1179 326 1307 356 carne
1334 324 1508 363 eorum,
1533 316 1577 352 et
1597 307 1713 351 dabo

339 412 358 434 »
376 394 435 437 eis
454 408 529 437 cor
550 405 772 443 carneum,
796 395 846 430 ut
862 386 908 428 in
930 383 1156 444 praeceptis
1174 382 1280 426 meis
1301 380 1539 434 ambulent,
1567 386 1611 422 et
1627 378 1716 437 jus-

339 482 359 505 »
384 463 639 508 tificationes
662 475 775 505 meas
793 457 1049 509 observent,
1076 463 1118 499 et
1138 453 1297 498 faciant
1324 467 1394 496 eas
1411 454 1441 494 ¹.
1471 468 1491 491 »
1516 447 1632 502 Quid
1653 455 1718 492 est

336 544 482 579 autem
510 531 630 593 quod
657 532 813 576 Esther
841 527 916 571 illa
948 526 1095 585 regina
1118 534 1235 579 orat,
1263 533 1306 568 et
1327 523 1433 567 dicit
1450 556 1461 575 ‚
1494 539 1514 562 «
1543 523 1605 563 Da
1625 533 1716 563 ser-

338 623 359 646 »
385 618 559 648 monem
581 601 846 646 concinnum
875 597 922 640 in
942 611 988 641 os
1010 610 1177 648 meum,
1202 602 1245 638 et
1266 592 1395 637 verba
1412 605 1507 634 mea
1532 588 1718 633 clarifica

341 694 360 716 »
385 675 430 718 in
455 681 690 732 conspectu
712 669 870 724 leonis,
899 677 942 713 et
970 675 1172 712 converte
1204 680 1278 709 cor
1298 664 1388 723 ejus
1405 663 1450 706 in
1467 660 1618 706 odium
1634 660 1719 702 im-

339 762 360 786 »
388 742 619 803 pugnantis
641 742 778 786 nos‘2?
805 758 823 780 υ
848 741 905 783 Ut
922 737 1028 798 quid
1045 737 1123 780 ista
1141 736 1187 779 in
1208 734 1403 779 oratione
1419 731 1525 776 dicit
1546 734 1661 784 Deo,
1686 728 1721 772 si

337 830 427 859 non
439 823 642 874 operatur
661 816 773 856 Deus
789 810 835 854 in
847 807 1052 854 cordibus
1068 806 1296 851 bominum
1314 803 1613 850 voluntatem?
1637 797 1721 845 Sed

337 885 450 929 forte
471 884 554 928 hoc
576 882 732 927 mulier
756 880 1009 939 insipienter
1033 877 1166 922 oravi.
1186 877 1420 920 Videamus
1450 887 1550 931 ergo
1572 880 1722 915 utrum

340 956 523 998 inaniter
551 954 796 1013 praemissus
824 951 954 995 fuerit
977 948 1139 994 orantis
1161 948 1342 992 affectus
1358 981 1368 999 ‚
1399 954 1442 989 et
1463 949 1722 988 consecutus

338 1040 427 1068 non
459 1023 589 1067 fuerit
621 1022 888 1066 exaudientis
919 1020 1116 1063 effectus.
1147 1037 1167 1060 «
1191 1020 1303 1062 Ecce
1323 1013 1563 1073 ingreditur
1580 1012 1636 1057 ad
1651 1026 1721 1055 re-

342 1112 361 1133 »
388 1108 484 1151 gem
497 1095 528 1135 ³.
554 1111 573 1132 »
598 1095 660 1138 Ne
683 1091 819 1135 multa
841 1091 1035 1134 dicamus
1055 1108 1064 1133 ε
1091 1091 1146 1132 Et
1163 1088 1265 1147 quia
1283 1101 1371 1130 non
1389 1084 1541 1130 ordine
1558 1097 1636 1127 suo
1652 1082 1723 1125 in-

339 1162 638 1221 grediebatur,
680 1177 837 1219 magna
872 1161 1121 1204 necessitate
1154 1156 1401 1216 compulsa,
1442 1155 1625 1199 intuitus
1659 1161 1723 1197 est

338 1249 455 1287 eam,
480 1233 591 1277 sicut
618 1231 828 1290 scriptum
852 1239 942 1282 est,
974 1228 1094 1272 velut
1121 1237 1270 1271 taurus
1302 1227 1347 1270 in
1376 1226 1543 1283 impetu
1577 1223 1724 1280 indig-

339 1304 528 1348 nationis
549 1318 653 1346 suae.
682 1321 702 1343 «
726 1304 783 1345 Et
804 1300 953 1344 timuit
975 1299 1143 1357 regina,
1170 1307 1212 1341 et
1249 1311 1482 1341 conversus
1509 1303 1572 1339 est
1606 1293 1726 1338 color

344 1392 363 1415 »
391 1375 482 1433 ejus
506 1389 582 1433 per
605 1372 931 1416 dissolutionem
946 1405 957 1425 ,
979 1379 1022 1414 et
1040 1369 1264 1413 inclinavit
1289 1383 1332 1411 se
1350 1382 1478 1426 super
1494 1374 1626 1424 caput
1646 1363 1726 1408 de-

340 1462 360 1485 »
388 1444 528 1488 licatae
556 1458 644 1487 suae
661 1477 672 1497 ‚
704 1457 804 1502 quae
826 1439 1101 1500 praecedebat
1128 1453 1239 1482 eam.
1274 1440 1329 1482 Et
1349 1436 1563 1481 convertit
1583 1438 1697 1479 Deus
1712 1468 1724 1488 ‚

343 1532 360 1554 »
387 1523 430 1557 et
454 1512 674 1556 transtulit
695 1511 1040 1570 indignationem
1056 1510 1147 1569 ejus
1164 1509 1210 1552 in
1228 1508 1463 1552 lenitatem.
1492 1524 1511 1547 »
1540 1508 1635 1550 Jam
1658 1519 1728 1548 se-

340 1583 518 1642 quentia
542 1597 881 1627 commemorare
904 1580 1012 1640 quid
1038 1596 1147 1639 opus
1165 1589 1252 1633 est,
1279 1579 1356 1622 ubi
1375 1582 1512 1622 Deum
1533 1575 1737 1635 comple-⁷

340 1653 448 1696 visse
469 1653 589 1712 quod
612 1651 685 1695 illa
705 1659 929 1708 rogaverat
944 1652 977 1705 4,
1002 1648 1155 1694 divina
1170 1649 1390 1708 Scriptura
1413 1657 1609 1702 testatur,
1634 1660 1731 1705 ope-

342 1722 478 1766 rando
506 1724 551 1765 in
569 1721 700 1766 eorde
720 1721 852 1778 regis,
876 1719 984 1779 quid
1005 1718 1147 1774 aliud,
1175 1734 1307 1778 quam
1329 1717 1618 1772 voluntatem,
1643 1731 1730 1776 qua

337 1794 462 1852 jussit
480 1802 523 1836 et
537 1792 702 1837 factum
719 1801 780 1835 est
795 1826 805 1846 ‚
831 1790 950 1850 quod
975 1789 1029 1833 ab
1048 1804 1098 1833 eo
1123 1789 1269 1848 regina
1291 1789 1574 1848 poposcerat?
1592 1789 1732 1840 Quam

348 1867 458 1907 Deus
476 1865 591 1923 jam,
617 1872 667 1906 ut
686 1863 829 1915 fieret,
855 1859 1103 1904 exaudierat
1120 1894 1130 1914 ‚
1154 1860 1229 1918 qui
1251 1874 1325 1908 cor
1347 1858 1474 1917 regis,
1499 1866 1731 1917 antequam

347 1933 535 1977 mulieris
557 1947 801 1977 sermonem
818 1931 1032 1991 poscentis
1049 1930 1253 1985 audisset,
1272 1928 1562 1974 occultissima
1572 1938 1617 1973 et
1637 1929 1734 1973 effi-

347 2004 564 2047 cacissima
582 2011 793 2062 potestate
808 2001 1024 2046 convertit
1039 2035 1050 2055 ,
1069 2010 1113 2044 et
1129 1999 1348 2045 transtulit
1364 2000 1419 2044 ab
1437 1999 1734 2057 indignatione

348 2073 402 2117 ad
423 2073 663 2127 lenitatem,
690 2074 771 2116 hoc
796 2082 875 2125 est,
901 2087 925 2115 a
946 2071 1172 2115 voluntate
1188 2070 1377 2114 laedendi.
1391 2069 1446 2114 ad
1466 2068 1735 2114 voluntatem

350 2143 525 2187 favendi
550 2162 559 2188 ε
584 2142 825 2187 secundum
864 2141 975 2185 illud
1011 2141 1208 2200 Apostoli
1233 2161 1242 2185 :
1264 2159 1284 2183 «
1306 2144 1418 2185 Deus
1455 2150 1659 2200 operatur
1690 2141 1737 2184 in

353 2231 373 2254 »
400 2213 520 2257 vobis
540 2223 582 2257 et
598 2213 707 2257 velle
723 2215 755 2254 ⁵.
785 2231 803 2253 »
829 2211 1054 2270 Numquid
1075 2211 1270 2255 homines
1293 2211 1369 2254 Dei
1391 2213 1465 2270 qui
1485 2212 1580 2256 haec
1601 2211 1737 2269 scrip-

350 2294 528 2339 serunt,
553 2285 641 2329 imo
663 2285 753 2343 ipse
775 2283 956 2342 Spiritus
991 2282 1090 2337 Dei,
1122 2298 1210 2342 quo
1237 2291 1413 2326 auctore
1440 2297 1517 2341 per
1552 2297 1623 2326 eos
1659 2282 1736 2325 ista

354 2355 597 2414 conscripta
620 2365 743 2410 sunt,
769 2352 1037 2413 oppugnavit
1064 2351 1252 2396 liberum
1278 2353 1464 2396 hominis
1480 2352 1738 2396 arbitrium?

355 2425 481 2468 Absit
500 2444 508 2469 z
533 2425 610 2469 sed
631 2423 944 2484 omnipotentis
965 2423 1010 2465 in
1033 2422 1237 2466 omnibus
1266 2430 1309 2466 et
1324 2422 1538 2481 judicium
1551 2422 1737 2482 justissi-

406 2531 413 2547 ¹
438 2524 678 2563 Ezec11.xxxvi,
697 2526 740 2557 ἰθ
757 2530 791 2557 et
809 2534 863 2564 27.
881 2541 919 2548 --
934 2531 946 2546 ²
966 2522 1093 2561 Esther,
1113 2534 1182 2562 xiv,
1205 2522 1254 2555 13.
1273 2538 1312 2544 —
1330 2520 1344 2544 3
1365 2523 1410 2554 ld.
1434 2534 1491 2564 xv,
1510 2523 1529 2555 5
1548 2526 1582 2556 et
1597 2533 1738 2566 seqq·—

358 2580 373 2605 4
392 2581 438 2612 121.
459 2592 519 2612 xvi.
537 2598 573 2604 —-
590 2579 604 2603 5
625 2581 738 2623 Philip.
760 2593 796 2621 ιι,
822 2582 869 2611 ιζ).
