1804 3205
396 232 473 257 iate.
509 233 552 257 ιι.
590 233 639 258 ne
674 230 850 258 racemo
883 234 1029 259 ouium
1046 235 1125 258 xm.
1374 227 1445 262 161

70 303 170 338 ante
192 293 586 352 praevaricationem
607 330 616 347 ‚
646 315 662 335 »
685 295 728 340 id
751 305 813 339 est
834 331 844 350 ,
867 297 958 340 sine
980 295 1071 340 ullo
1097 296 1225 350 malo,
1250 299 1340 341 sine
1360 299 1449 343 ullo

72 364 206 417 vitio,
238 363 282 407 id
305 364 443 408 solum
477 365 682 409 habentes
705 401 714 418 ,
741 365 859 424 quod
883 369 995 410 Deus
1027 367 1237 411 condidit.
1269 370 1321 412 Ut
1344 369 1450 427 quid

70 448 170 491 ergo
193 442 236 477 et
259 434 340 478 hoe
362 435 584 478 damnavit
608 434 825 492 Pelagius,
852 437 931 480 nisi
949 445 997 479 ut
1017 437 1228 481 catholica
1252 439 1452 494 Synodus

71 502 315 558 lalleretur,
342 519 395 547 ne
417 520 555 548 novus
578 506 805 549 haereticus
830 505 1123 550 damnaretur.

129 575 222 616 XV.
236 573 363 626 Quod
386 584 528 619 autem
548 576 676 629 scitis,
704 585 746 619 et
764 575 882 635 quod
909 578 949 619 in
966 593 1016 620 eo
1037 578 1166 621 etiam
1183 577 1296 622 libro
1311 579 1450 636 posui,

69 658 199 702 quem
219 642 273 687 de
291 645 417 703 gestis
442 643 677 688 Palaestinis
700 644 755 689 ad
773 647 1063 690 venerabilem
1086 663 1231 691 senem
1256 657 1451 692 nostrum

71 712 295 757 Aurelium
309 714 473 774 scripsi,
490 714 561 758 illa
585 730 665 772 ego
690 717 964 773 responsione
983 716 1158 775 Pelagii,
1178 726 1309 761 totam
1328 718 1452 761 istam

64 782 348 841 quaestionem
378 793 681 842 consumptam
713 799 800 828 esse
836 785 1107 843 gaudebam,
1137 786 1447 845 confessusque

66 852 168 895 mihi
202 854 466 911 apertissime
499 854 728 898 videbatur
749 889 758 907 ,
797 870 884 898 esse
920 856 962 898 in
1004 854 1190 913 parvulis
1239 855 1446 914 originale

69 931 317 980 peccatum,
336 925 563 968 anathema
587 923 774 969 dicendo
796 926 870 979 eis,
889 925 963 984 qui
988 934 1166 983 peccato
1184 926 1290 969 Adae
1308 926 1448 984 ipsum

64 993 205 1037 solum
225 1028 236 1048 ,
257 1009 345 1038 non
366 995 495 1039 etiam
529 1011 664 1053 genus
686 996 926 1038 humanum
951 996 1178 1040 crederent
1199 995 1351 1039 hesum
1368 1031 1379 1049 ,
1406 1005 1448 1039 et

68 1065 111 1107 in
133 1079 185 1108 eo
207 1073 321 1108 statu
343 1065 626 1124 opinarentur
649 1081 739 1110 esse
768 1065 969 1124 parvulos
989 1100 999 1118 ‚
1027 1066 1072 1108 in
1093 1081 1182 1124 quo
1212 1065 1285 1109 ille
1320 1067 1451 1110 homo

68 1135 230 1193 primus
253 1144 354 1179 ante
375 1136 774 1194 praevarieationem
797 1136 896 1179 fuit.
926 1135 1009 1180 Sed
1034 1145 1180 1194 postea
1202 1152 1301 1180 eum
1327 1136 1454 1194 legis-

67 1220 155 1249 sem
187 1215 375 1265 quatuor
403 1207 492 1265 ejus
525 1206 655 1251 libros
673 1242 683 1259 ,
708 1206 763 1250 de
795 1222 982 1265 quorum
1017 1206 1158 1264 primo
1181 1205 1294 1250 libro
1323 1206 1453 1264 paulo

66 1285 166 1320 ante
178 1286 513 1321 commemorata
526 1277 658 1321 verba
673 1277 894 1335 descripsi,
909 1285 951 1319 et
965 1276 1220 1320 invenissem
1233 1277 1453 1320 hominem

67 1345 210 1390 adhuc
236 1355 386 1390 contra
415 1347 671 1390 catholicam
697 1345 827 1389 fidem
849 1345 903 1389 de
939 1346 1124 1404 parvulis
1156 1347 1412 1390 sentientem
1441 1368 1452 1402 3

68 1415 163 1474 plus
182 1416 325 1460 mirari
340 1417 469 1475 coepi,
493 1426 580 1461 tam
603 1415 834 1475 impudens
856 1416 900 1458 in
923 1415 1211 1459 eeclesiastico
1227 1414 1393 1475 judicio
1414 1425 1457 1459 et

67 1485 122 1529 de
152 1494 268 1529 tanta
299 1486 537 1545 quaestione
575 1485 867 1530 mendacium.
906 1485 947 1529 Si
981 1484 1095 1527 enim
1125 1484 1300 1528 eosdem
1323 1483 1454 1528 libros

67 1564 166 1599 ante
182 1556 271 1615 jam
292 1556 534 1614 scripserat,
551 1555 773 1616 quomodo
796 1570 840 1599 se
858 1555 966 1598 dixit
986 1570 1056 1599 eos
1071 1554 1449 1609 anathematizare,

66 1626 140 1683 qui
159 1626 218 1670 sic
241 1625 476 1685 aliquando
499 1635 750 1670 tenuerunt.
776 1627 793 1668 Ρ
816 1626 857 1670 Si
881 1633 1025 1669 autern
1044 1634 1192 1684 postea
1209 1623 1320 1683 illud
1343 1641 1453 1684 opus

66 1695 282 1755 pollicitus
300 1705 364 1740 est
384 1699 414 1749 ¹,
441 1695 662 1755 quomodo
685 1695 1064 1740 anathematizavit
1085 1696 1160 1754 qui
1183 1695 1242 1739 sic
1268 1704 1420 1739 tenent
1439 1698 1457 1735 ἶ)

65 1767 154 1812 Nisi
187 1767 369 1811 ridicule
391 1766 504 1811 forte
537 1766 734 1810 dicturus
755 1775 840 1820 est,
865 1780 936 1809 eos
965 1781 1010 1809 se
1031 1765 1256 1809 damnasse
1287 1765 1364 1824 qui
1392 1766 1451 1809 sic

66 1836 300 1897 aliquando
318 1846 569 1890 tenuerunt,
586 1845 628 1879 et
640 1837 715 1894 qui
738 1836 798 1878 sie
815 1844 990 1890 tenent,
1009 1835 1063 1877 de
1085 1843 1280 1892 tempore
1303 1843 1448 1877 autem

66 1906 237 1961 futuro,
262 1906 307 1950 id
331 1917 415 1960 est,
441 1908 500 1950 eis
521 1906 598 1964 qui
620 1905 679 1949 sic
702 1904 874 1948 fuerant
893 1904 1124 1957 retenturi,
1145 1918 1225 1946 nec
1246 1903 1342 1958 sibi,
1368 1919 1447 1947 nec

65 1977 157 2022 aliis
183 1976 465 2036 praejudicare
487 1975 677 2034 potuisse
701 1995 712 2032 3
734 1983 777 2017 et
800 1973 897 2017 ideo
919 1988 1006 2016 non
1031 1972 1161 2016 fuisse
1188 1974 1443 2027 mentitum,

64 2047 166 2106 quia
188 2055 336 2105 postea
358 2046 651 2104 deprehensus
673 2051 736 2087 est
758 2043 816 2086 sic
839 2051 1000 2086 tenere.
1016 2041 1100 2086 Sed
1119 2057 1207 2085 non
1229 2041 1310 2085 hoc
1324 2041 1443 2096 dicit,

66 2131 154 2160 non
176 2116 314 2160 solum
339 2115 442 2174 quia
464 2113 697 2158 ridiculum
721 2121 800 2166 est,
833 2112 908 2156 sed
935 2112 1035 2171 quia
1068 2126 1217 2155 verum
1247 2127 1336 2155 esse
1357 2128 1447 2155 non

66 2195 220 2245 potest.
247 2188 298 2229 ln
311 2183 470 2229 eisdem
487 2184 651 2245 quippe
670 2182 806 2236 libris,
826 2192 869 2227 et
891 2191 1040 2227 contra
1054 2182 1218 2241 peccati
1238 2196 1289 2225 ex
1305 2181 1444 2225 Adam

66 2256 110 2299 in
125 2253 327 2315 parvulos
344 2254 571 2298 transitum
586 2252 797 2312 loquitur,
823 2260 866 2295 et
887 2252 942 2294 de
958 2251 1084 2309 gestis
1104 2250 1341 2294 Palaestinae
1360 2252 1444 2306 Sy-

66 2325 169 2370 nodi
192 2325 398 2384 gloriatur
415 2358 426 2379 ,
453 2324 530 2367 ubi
548 2338 619 2367 eos
642 2322 718 2381 qui
735 2323 793 2365 sic
807 2329 972 2374 tenent,
992 2321 1202 2364 veraciter
1218 2319 1443 2365 damnasse

65 2405 241 2455 putatus
264 2403 343 2447 est,
367 2402 410 2437 et
427 2392 744 2437 absolutionem
762 2405 882 2434 suam
902 2388 1094 2433 fallendo
1114 2389 1284 2434 furatus
1303 2397 1382 2433 est.

123 2469 242 2509 XVI.
265 2463 381 2518 Quid
395 2464 510 2508 enim
528 2461 584 2507 ad
598 2477 704 2515 rem,
724 2460 778 2505 de
800 2476 886 2519 qua
904 2475 1021 2505 nunc
1038 2460 1219 2518 agimus,
1236 2460 1424 2519 pertinet
1440 2493 1449 2504 ,

115 2556 123 2572 ¹
146 2551 250 2582 For-te
268 2548 405 2580 niolitus.

204 2612 318 2642 cxm.
1212 2594 1225 2631 1
1241 2596 1255 2631 i
