1804 3205
504 225 556 251 nr:
590 225 728 252 oum-is
763 224 947 251 remon.
1346 214 1426 253 105

40 294 204 334 bamus.
233 308 252 331 «
281 289 416 333 Adam
441 290 667 334 mortaicm
696 289 875 343 factum,
899 289 974 348 qui
993 289 1081 332 sive
1103 298 1318 347 peccaret,
1339 291 1427 334 sive

38 377 122 405 non
148 370 360 420 peccaret,
380 361 615 404 moriturus
635 370 758 404 essct.
772 360 900 414 Quod
914 369 1138 419 peccatum
1159 360 1265 403 Adfe
1284 360 1424 418 ipsum

33 432 172 476 solum
211 432 392 485 lrcscrit,
427 440 469 474 ct
505 447 592 476 non
623 446 758 490 genus
793 432 1050 475 humanum.
1082 430 1213 484 Quod
1248 434 1335 475 Lex
1369 431 1427 475 sic

33 503 176 546 mittat
193 503 246 546 ad
272 516 478 560 regnum,
506 501 876 563 quemadmodum
901 511 944 546 ct
964 501 1268 561 Evangelium.
1294 501 1425 554 Quod

32 573 218 618 infantes
247 589 387 633 nuper
409 574 498 618 nati
522 574 564 616 in
594 572 669 618 illo
705 582 820 618 statu
842 573 956 627 sint,
981 574 1024 617 in
1056 588 1145 632 quo
1170 573 1309 616 Adam
1341 572 1425 617 suit

32 654 132 688 ante
158 645 570 703 prsevaricationcm.
597 645 726 698 Quod
750 660 892 704 neque
914 660 990 703 per
1008 653 1193 689 mortem
1216 644 1284 688 vcl
1308 660 1422 704 prae-

31 716 337 760 varicationem
361 715 466 760 Adae
481 731 610 761 omne
629 732 764 775 genus
779 716 1007 760 hominum
1031 716 1258 770 moriatur,
1281 731 1425 776 neque

31 802 107 846 per
129 787 488 830 resurrectionem
520 786 678 831 Christi
710 802 839 831 omne
861 801 995 844 genus
1032 787 1259 831 hominum
1284 802 1426 830 resur-

31 867 118 916 gat.
142 857 269 911 Quod
296 858 508 912 infantes,
534 860 609 902 ctsi
634 873 721 902 non
755 858 1057 917 baptizentur,
1083 858 1274 902 habeant
1291 858 1425 901 vitam

29 939 250 972 mter-nam.
284 929 413 981 Quod
446 929 601 973 divites
637 929 838 988 baptizati
865 929 944 971 nisi
973 929 1176 972 omnibus
1206 929 1426 972 abrenun-

31 1001 154 1054 timi,
171 1000 203 1043 si
226 1000 330 1060 quid
357 1001 459 1044 boni
480 1001 558 1044 visi
583 999 745 1044 fuerint
775 999 941 1054 facere,
970 1015 1057 1044 non
1080 999 1139 1043 eis
1167 1009 1394 1059 reputetur
1410 1035 1422 1055 ,

29 1087 170 1131 neque
206 1087 389 1129 regnum
423 1072 498 1115 Dei
538 1072 701 1130 possint
729 1071 905 1116 habere.
943 1072 1074 1124 Quod
1103 1072 1238 1130 gratia
1271 1072 1347 1115 Dei
1383 1081 1426 1116 et

30 1142 295 1202 adjutorium
319 1158 407 1187 non
442 1142 495 1187 ad
527 1142 722 1202 singulos
751 1152 872 1187 actus
909 1143 1039 1187 detur
1064 1164 1076 1201 3
1110 1142 1185 1187 sed
1214 1144 1258 1187 in
1287 1142 1426 1188 libero

30 1214 210 1258 arbitrio
231 1214 282 1258 sit
305 1249 315 1268 ,
350 1223 393 1258 et
421 1214 465 1258 in
499 1216 612 1272 Lege
645 1223 776 1274 atque
798 1213 1012 1258 doctrina.
1039 1214 1170 1268 Quod
1190 1215 1266 1258 Dei
1291 1215 1426 1273 gratia

32 1283 272 1328 secundum
305 1285 458 1328 merita
482 1293 626 1329 nostra
659 1285 787 1328 detur
812 1305 823 1341 3
855 1293 897 1328 et
921 1293 1150 1343 propterea
1175 1284 1264 1343 ipsa
1289 1285 1424 1342 gratia

28 1355 72 1398 in
89 1355 276 1398 hominis
294 1355 347 1398 sit
367 1355 504 1413 posita
533 1354 758 1398 voluntate
776 1390 787 1409 ,
812 1354 900 1398 sive
923 1354 1080 1411 dignus
1097 1355 1173 1398 fiat
1194 1357 1226 1409 ¹,
1251 1355 1338 1399 sive
1360 1355 1427 1398 in-

28 1424 200 1481 dignus,
234 1424 362 1477 Quod
394 1424 469 1467 filii
506 1425 582 1468 Dei
606 1440 692 1469 non
723 1425 889 1483 possint
919 1424 1096 1480 vocari,
1132 1425 1212 1468 nisi
1246 1426 1427 1469 omnino

27 1495 192 1554 absque
213 1503 392 1553 peccato
411 1493 576 1537 fuerint
595 1494 758 1539 effecti.
784 1495 914 1548 Quod
935 1494 1098 1540 oblivio
1123 1504 1166 1539 et
1180 1495 1426 1554 ignorantia

27 1581 114 1610 non
134 1566 389 1626 subjaceant
411 1575 614 1625 peccato3
631 1566 838 1625 quoniam
856 1581 945 1610 non
968 1567 1170 1611 eveniant
1185 1567 1428 1611 secundum

26 1636 300 1680 voluntatem
325 1671 335 1690 ,
371 1635 446 1680 sed
471 1637 712 1680 secundum
749 1637 1065 1681 necessitatem.
1097 1637 1226 1691 Quod
1256 1653 1345 1682 non
1376 1638 1429 1681 sit

27 1706 215 1750 liberum
236 1706 482 1760 arbitrium,
509 1708 543 1750 si
568 1705 762 1766 indigeat
780 1705 939 1752 auxilio
960 1707 1037 1751 Dei
1056 1728 1068 1765 3
1090 1708 1300 1767 quoniam
1324 1723 1428 1767 pro-

29 1778 164 1837 priam
186 1776 460 1822 voluntatem
479 1778 956 1838 habeatunusquisque
979 1788 1055 1822 aut
1077 1777 1219 1823 facere
1241 1778 1426 1838 aliquid,

30 1857 106 1892 aut
124 1863 213 1893 non
238 1848 396 1892 facere.
427 1849 553 1900 Quod
572 1849 751 1892 victoria
776 1857 921 1892 nostra
945 1863 994 1891 ex
1020 1849 1094 1891 Dei
1118 1863 1206 1892 non
1231 1849 1283 1892 sit
1307 1850 1431 1908 adju-

29 1922 159 1974 torio,
178 1921 254 1964 sed
271 1936 322 1964 ex
342 1920 482 1965 libero
497 1921 692 1964 arbitrio.
709 1920 837 1973 Quod
856 1935 907 1964 ex
923 1919 1014 1971 illo,
1034 1918 1154 1979 quod
1178 1919 1236 1963 ait
1259 1922 1428 1973 Petrus,

28 1990 187 2034 divinae
216 2006 294 2034 nos
316 2005 406 2034 esse
439 1999 662 2035 consortes
685 1999 853 2034 naturae
868 2025 879 2044 ,
906 2004 1176 2049 consequens
1199 1989 1275 2043 sit,
1300 1997 1350 2032 ut
1370 1989 1429 2032 ita

29 2062 162 2121 possit
190 2076 280 2106 csse
308 2062 449 2106 anima
479 2062 570 2105 sine
604 2070 809 2120 peccato,
844 2059 1220 2121 quemadmodum
1251 2062 1379 2104 Deus.
1403 2077 1424 2100 »

29 2135 123 2177 Hoc
143 2133 257 2176 enim
287 2133 332 2176 in
363 2131 595 2177 undecimo
626 2131 818 2192 capitulo
853 2132 977 2187 libri,
1007 2147 1096 2176 non
1129 2129 1308 2191 quidem
1346 2131 1428 2174 ha·-

27 2203 170 2248 bentis
194 2204 382 2248 auctoris
411 2204 477 2247 sui
506 2203 703 2259 titulum,
737 2204 813 2248 sed
839 2205 915 2263 qui
939 2204 1196 2263 perhibetur
1217 2217 1307 2246 esse
1329 2204 1429 2247 Coe-

29 2272 156 2329 lesui,
179 2273 244 2317 his
267 2274 409 2317 verbis
432 2275 623 2333 positum
646 2274 736 2332 ipse
754 2273 864 2332 legi:
892 2293 910 2315 «
933 2273 1168 2326 Quomodo
1191 2272 1425 2332 quispiam,

30 2345 191 2404 inquit,
218 2344 334 2389 illius
357 2346 417 2389 rei
444 2345 711 2389 consortium
735 2345 939 2403 suscepit,
956 2360 977 2387 a
994 2345 1118 2404 cujus
1139 2352 1253 2387 statu
1272 2352 1315 2386 et
1336 2343 1427 2386 vir-

34 2422 126 2457 tute
144 2429 233 2458 csse
256 2424 483 2459 extraneus
502 2416 736 2459 definitur?
755 2414 859 2458 Ideo
880 2412 1033 2458 fratres
1051 2414 1126 2474 qui
1147 2414 1241 2457 haec
1258 2413 1432 2472 obJ'ece-

34 2493 154 2539 runt,
175 2485 235 2528 sic
258 2484 689 2530 cumintcllexcrunt
711 2494 935 2544 ,tanquam
948 2483 1142 2543 ejusdem
1157 2493 1325 2528 naturae
1348 2483 1436 2526 ani-

81 2575 90 2590 ¹
113 2569 215 2601 Forte
234 2569 340 2601 fuerit.
