1804 3205
292 263 455 293 CONTRA
489 265 594 296 nus
627 269 757 298 misr.
793 272 1019 303 panorm.
1056 276 1138 302 Lus.
1176 279 1205 303 ι.
1356 269 1440 309 435

56 340 193 383 mum,
209 337 253 374 et
265 329 473 375 auxilium
491 333 936 383 misericordissimum
951 342 1287 388 commendavit.
1309 363 1327 386 «
1348 347 1441 391 Suf-

60 413 79 438 »
105 396 194 443 ficit
220 399 336 444 enim
364 403 471 446 scire
499 403 691 461 homini,
724 409 843 466 quod
884 424 972 455 non
1000 419 1063 456 est
1089 411 1296 472 iniquitas
1325 418 1442 474 apud

58 484 78 507 »
105 470 284 514 Deum¹.
309 488 328 511 »
349 474 444 516 Jam
469 476 690 532 quomodo
713 477 792 522 ista
812 479 1046 539 dispenset,
1067 482 1229 528 taciens
1247 484 1351 530 alios
1374 502 1443 531 se-

52 538 248 585 cundum
271 543 476 588 meritum
499 561 596 590 vasa
618 547 735 603 irae2,
761 548 865 595 alios
882 553 1124 598 secundum
1148 555 1330 613 gratiam
1345 572 1444 602 vasa

54 610 406 673 misericordiae³3
436 616 533 675 quis
561 619 767 677 cognovit
793 636 966 667 sensum
998 625 1193 681 Domini,
1233 637 1309 672 aut
1349 629 1445 687 quis

52 682 319 729 consiliarius
337 688 429 746 ejus
446 688 557 732 fuit?
581 690 624 735 Si
644 703 745 749 ergo
764 692 818 737 ad
842 694 1053 740 honorem
1077 698 1224 754 gratiae
1251 700 1444 757 pertine·

52 767 176 809 mus,
207 770 296 801 non
331 758 464 802 simus
500 760 682 819 ingrati,
712 763 945 811 tribuendo
978 767 1102 812 nobis
1131 768 1251 828 quod
1276 771 1446 830 accepi—

50 838 161 870 mus.
188 845 208 867 «
230 827 346 879 Quid
366 829 481 872 enim
506 831 730 888 habemus,
754 837 875 894 quod
896 852 985 882 non
1003 839 1305 898 accepimus⁴i¹
1332 859 1352 883 »

108 897 316 943 XXXIX.
345 900 552 956 Dicimus,
570 902 736 963 inquit,
758 924 779 947 «
803 916 974 953 sanctos
991 910 1157 955 Veteris
1182 912 1447 957 Testamenti

49 965 240 1025 perfecta
258 969 359 1014 hinc
381 972 548 1030 justitia
577 973 632 1018 ad
661 984 870 1021 aeternam
896 980 1094 1024 transisse
1116 980 1266 1034 vitam,
1288 980 1332 1025 id
1364 990 1445 1036 est,

48 1037 193 1084 studio
222 1040 394 1087 virtutis
417 1043 472 1088 ab
490 1044 696 1090 omnibus
719 1048 938 1092 recessisse
961 1050 1147 1108 peccatis
1173 1069 1182 1095 :
1207 1051 1309 1109 quia
1325 1060 1368 1096 et
1385 1050 1448 1096 illi

47 1124 157 1169 quos
188 1110 370 1170 legimus
404 1113 572 1174 aliquid
595 1130 796 1174 peccasse
814 1153 826 1175 ,
852 1127 1000 1177 postea
1030 1128 1176 1164 tamen
1198 1135 1272 1165 eos
1293 1136 1447 1166 emen-

44 1179 167 1226 dasse
189 1185 488 1242 cognovimus.
516 1204 535 1228 υ
562 1187 859 1240 Quantaelibet
890 1189 1022 1234 tuisse
1043 1191 1215 1236 virtutis
1244 1193 1446 1252 antiquos

50 1252 257 1312 praedices
274 1256 439 1315 justos,
457 1272 547 1302 non
569 1272 640 1302 eos
661 1258 800 1304 salvos
822 1258 924 1305 fecit
946 1262 1027 1306 nisi
1045 1261 1152 1307 fides
1174 1261 1442 1320 Mediatoris‚

48 1325 126 1384 qui
147 1325 194 1369 in
213 1327 507 1373 remissionem
524 1339 804 1388 peccatorum
818 1334 1073 1391 sanguinem
1092 1334 1224 1379 fudit.
1244 1338 1445 1395 Ipsorum

50 1395 168 1441 enim
191 1411 274 1442 vox
292 1407 361 1442 est·
382 1417 391 1444 :
431 1418 451 1440 «
480 1399 657 1445 Credidi
679 1411 857 1461 propter
878 1403 1000 1463 quod
1033 1403 1205 1450 locutus
1227 1421 1324 1451 sum
1354 1408 1388 1450 ⁰.
1423 1424 1444 1449 »

51 1466 176 1512 Unde
195 1469 255 1513 ait
277 1479 320 1514 et
337 1470 558 1530 apostolus
578 1472 738 1518 Paulus
759 1493 767 1518 :
790 1493 811 1516 «
832 1476 1054 1521 Habentes
1076 1486 1223 1522 autem
1239 1478 1444 1524 eumdem

52 1555 73 1580 »
97 1539 297 1598 spiritum
325 1539 454 1596 fidei,
482 1542 727 1588 secundum
752 1545 873 1605 quod
901 1547 1112 1605 scriptum
1134 1558 1198 1592 est
1224 1567 1233 1593 ς
1266 1547 1447 1594 Credidi

51 1625 71 1650 »
101 1619 280 1669 propter
301 1611 424 1671 quod
449 1611 625 1657 locutus
651 1628 748 1658 sum
777 1635 788 1672 3
811 1623 854 1659 et
887 1631 965 1661 nos
993 1615 1236 1672 credimus,
1262 1627 1440 1677 propter

51 1698 70 1721 »
93 1679 215 1740 quod
237 1690 282 1726 et
301 1680 526 1742 loquimur
543 1684 605 1727 ὓ.»
622 1683 741 1737 Quid
759 1693 840 1740 est,
864 1685 1070 1731 eumdem
1092 1687 1291 1746 spiritum
1313 1708 1324 1746 3
1357 1687 1439 1733 nisi

45 1766 175 1810 quem
194 1752 299 1811 justi
322 1768 501 1813 quoque
521 1752 584 1797 illi
605 1753 878 1810 habuerunt,
899 1756 975 1814 qui
993 1756 1051 1800 ita
1067 1755 1306 1802 dixerunt?
1328 1757 1441 1802 Dicit

44 1822 174 1866 etiam
195 1823 415 1882 apostolus
446 1826 599 1868 Petrus
626 1842 635 1868 ;
669 1843 685 1863 «
722 1823 840 1877 Quid
870 1824 1001 1870 vultis
1019 1827 1180 1886 jugum
1212 1827 1439 1887 imponere

48 1910 68 1934 »
94 1893 298 1950 gentibus
319 1928 330 1949 ,
355 1893 476 1954 quod
512 1909 656 1953 neque
691 1909 770 1938 nos
803 1904 977 1953 portare
1006 1898 1256 1956 potuimuS,
1295 1913 1438 1958 neque

46 1981 66 2005 »
91 1973 235 2022 patres
256 1964 426 2010 nostri?
447 1964 531 2010 Sed
552 1980 628 2024 per
653 1965 836 2024 gratiam
854 1967 1026 2012 Domini
1049 1970 1152 2013 Jesu
1169 1968 1331 2014 Christi
1348 1984 1438 2014 cre·

45 2052 65 2076 »
90 2033 233 2079 dimus
249 2035 359 2080 salvi
376 2035 486 2089 fieri,
511 2035 886 2095 quemadmodum
909 2046 952 2082 et
968 2037 1032 2086 illi
1048 2040 1078 2083 ⁷.
1095 2056 1115 2081 »
1136 2041 1230 2084 Hoc
1251 2054 1327 2084 vos
1344 2054 1436 2084 non

40 2104 170 2149 vultis
192 2106 355 2151 inimici
383 2106 485 2151 huic
516 2105 666 2165 gratiae
686 2141 696 2160 ,
719 2115 769 2150 ut
789 2107 943 2152 eadem
971 2109 1106 2167 gratia
1135 2111 1239 2154 Jesu
1272 2110 1433 2156 Christi

38 2175 143 2223 salvi
178 2175 284 2222 facti
313 2177 547 2222 credantur
581 2176 752 2236 antiqui
790 2196 800 2223 z
835 2177 911 2223 sed
943 2178 1199 2224 distribuitis
1235 2189 1432 2240 tempora

37 2246 280 2293 secundum
307 2248 531 2307 Pelagium
547 2282 558 2303 ,
584 2248 630 2292 in
650 2248 774 2307 cujus
793 2247 914 2294 libris
938 2251 1020 2295 hoc
1046 2251 1207 2310 legitur
1231 2272 1243 2309 3
1263 2261 1307 2295 et
1328 2259 1429 2297 ante

38 2321 197 2376 Legem
218 2318 361 2365 dicitis
377 2318 516 2364 salvos
531 2317 668 2364 iactos
681 2333 770 2362 esse
788 2328 960 2375 natura,
980 2320 1138 2365 deinde
1156 2336 1232 2380 per
1247 2324 1424 2381 Legem,

38 2398 231 2448 postrmo
258 2405 335 2450 per
354 2390 578 2436 Christum
599 2389 720 2449 quasi
742 2389 993 2436 hominibus
1014 2392 1204 2436 duorum
1226 2392 1426 2452 superio-

35 2475 135 2506 rum
156 2470 430 2522 temporum,
459 2470 560 2507 ante
584 2463 744 2519 Legem
766 2459 929 2507 scilicet
949 2471 993 2507 et
1019 2462 1064 2508 in
1086 2466 1224 2522 Lege,
1248 2463 1423 2523 sanguis

83 2568 95 2585 ¹
114 2564 205 2596 Rom.
222 2572 270 2604 xx,
292 2562 344 2605 ¹4·
360 2579 403 2586 —
418 2562 531 2596 ²1bid.
551 2569 606 2595 22.
622 2577 663 2585 —
682 2558 696 2582 3
721 2561 768 2594 Id.
788 2571 832 2603 xi,
852 2560 906 2601 34.
923 2580 964 2588 -
978 2561 994 2593 4
1016 2575 1028 2596 1
1051 2565 1123 2598 Cor.
1139 2545 1185 2603 ιῆ,
1205 2575 1237 2606 7.
1252 2580 1292 2588 —-
1305 2562 1320 2587 ⁵
1338 2563 1419 2597 Psal.

34 2628 108 2661 cxv,
124 2618 156 2652 3.
173 2616 246 2643 ..6
266 2626 287 2653 2
304 2620 378 2654 cor.
395 2629 442 2660 tv,
467 2618 518 2652 13.
534 2634 575 2643 —
590 2624 603 2651 7
619 2618 693 2651 Act.
714 2627 766 2658 u,
787 2628 827 2651 ιο
843 2622 876 2652 et
896 2629 948 2652 ιι.

1160 2673 1227 2712 28.
