1784 3205
330 268 413 306 356
760 275 792 299 s.
829 267 1059 296 Accessum
1093 265 1272 293 El‘lscol‘l

326 344 564 387 minaretur
591 339 636 382 in
668 337 882 395 baptismo
916 352 924 377 ε
960 341 1169 390 tanquam
1200 327 1435 373 moriturus
1477 322 1618 366 infans
1646 320 1707 364 ibi

326 420 489 472 pereat,
510 425 598 470 quo
622 405 887 453 currendum
909 411 972 446 est
992 415 1093 445 cum
1113 398 1188 442 illo
1214 412 1268 441 ne
1294 403 1455 455 pereat.
1477 392 1582 446 Quis
1605 403 1708 448 ergo

326 484 421 527 haec
447 481 579 525 verba
599 478 757 537 scripta
787 476 831 518 in
863 472 977 516 libro
1016 469 1243 528 Sapientiae
1264 502 1275 522 ‚
1307 466 1361 509 de
1400 461 1586 523 parvulis
1620 459 1709 503 sine

328 553 588 612 baptismate
611 548 791 594 mortuis
806 544 920 588 dicta
941 556 1031 586 esse
1053 539 1266 592 crederet,
1287 536 1465 588 diceret,
1487 531 1708 584 scriberet,

328 623 543 676 recitaret,
567 621 601 664 si
624 635 672 663 ea
691 619 802 662 sicut
825 620 1093 674 oportuerat,
1118 610 1324 667 cogitaret
1344 608 1362 650 P

386 694 483 735 XV.
517 689 615 735 Noli
639 689 838 740 credere,
864 699 944 727 nec
967 682 1109 725 dicere
1124 715 1135 734 ,
1164 693 1244 722 nec
1266 678 1422 722 docere
1450 708 1461 730 ‚
1496 691 1516 715 «
1537 671 1714 730 Aliquas

327 762 570 805 mansiones
588 773 677 802 esse
693 766 812 800 extra
830 767 1013 812 regnum
1027 750 1120 803 Dei,
1145 763 1250 808 quas
1264 762 1352 805 esse
1376 744 1584 790 Dominus
1605 740 1715 784 dixit

328 833 374 875 in
391 831 523 875 domo
557 828 691 872 Patris
714 827 779 870 sui
800 860 810 879 ,
837 825 870 868 si
891 823 954 867 vis
976 835 1065 865 esse
1094 819 1347 864 catholicus.
1378 818 1476 860 Non
1500 813 1615 857 enim
1638 811 1711 863 ait,

328 902 440 945 sicut
468 901 550 944 hoc
576 896 870 942 testimonium
894 894 984 951 ipse
1008 889 1187 950 posuisti
1209 907 1217 933 ι
1249 907 1275 929 «s
1297 885 1449 932 Multae
1474 882 1715 927 mansiones

331 980 432 1015 sunt
450 970 567 1027 apud
590 972 760 1014 Patrem
784 978 931 1010 meum
949 978 957 1004 :
979 981 998 1003 »
1016 960 1137 1020 quod
1156 959 1186 1003 si
1212 959 1270 1002 ita
1292 957 1478 1009 dixisset,
1501 967 1591 997 non
1612 950 1716 995 alibi

330 1049 471 1084 essent
493 1035 788 1095 intelligendae
804 1049 936 1093 quam
955 1033 1001 1075 in
1019 1030 1149 1074 domo
1173 1028 1308 1073 Patris
1325 1028 1418 1086 ejus
1445 1044 1453 1068 :
1480 1022 1555 1067 sed
1572 1028 1718 1080 aperte

331 1111 391 1152 ait
416 1128 425 1152 ε
465 1128 483 1149 «
510 1112 561 1151 In
587 1108 719 1150 domo
740 1104 876 1148 Patris
899 1103 984 1145 mei
1010 1100 1252 1143 mansiones
1279 1095 1429 1140 multae
1452 1102 1552 1138 sunt
1568 1094 1599 1135 1.
1615 1090 1719 1143 Quis

330 1179 478 1236 itaque
501 1176 658 1219 audeat
678 1175 843 1232 aliquas
872 1180 1014 1230 partes
1040 1169 1196 1213 domus
1219 1166 1296 1211 Dei
1313 1178 1510 1223 separare
1544 1177 1567 1205 a
1587 1174 1718 1218 regno

330 1247 408 1291 Dei
436 1267 446 1302 3
472 1254 521 1288 ut
545 1259 644 1288 cum
674 1257 792 1300 reges
815 1251 940 1285 terrae
976 1254 1063 1282 non
1097 1247 1264 1281 tantum
1296 1237 1340 1278 in
1360 1234 1491 1278 domo
1513 1247 1613 1285 sua,
1640 1244 1720 1273 nec

332 1325 502 1360 tantum
521 1316 565 1358 in
588 1314 724 1372 patria
748 1327 845 1366 sua,
870 1310 944 1354 sed
966 1308 1096 1366 longe
1117 1307 1290 1365 lateque
1310 1305 1440 1348 etiam
1462 1312 1578 1346 trans
1602 1314 1720 1344 mare

333 1400 512 1444 regnare
529 1383 806 1427 inveniantur
832 1401 842 1436 3
867 1395 939 1422 rex
968 1378 1044 1437 qui
1065 1377 1168 1421 fecit
1189 1374 1353 1421 coelum
1375 1385 1417 1417 et
1451 1381 1609 1416 terram
1640 1383 1720 1414 nec

334 1457 379 1498 in
396 1463 486 1499 tota
509 1453 641 1497 domo
663 1466 738 1495 sua
759 1463 938 1508 regnare
959 1447 1163 1491 dicatur?

391 1527 509 1567 XVI.
549 1522 633 1567 Sed
654 1521 765 1565 forte
789 1521 903 1563 dicas
929 1518 1073 1562 omnia
1102 1515 1279 1575 quidem
1308 1514 1523 1574 pertinere
1555 1510 1611 1554 ad
1643 1509 1722 1553 Dei

335 1609 535 1653 regnum,
561 1593 663 1651 quia
682 1599 831 1648 regnat
852 1590 897 1632 in
920 1587 1056 1642 coelis⁷
1078 1595 1230 1644 regnat
1250 1586 1294 1628 in
1314 1583 1452 1637 terris,
1476 1583 1522 1625 in
1541 1579 1718 1637 abyssis,

334 1666 379 1708 in
402 1664 616 1723 paradiso,
644 1662 689 1704 in
711 1660 901 1713 inferno,
927 1658 1021 1714 (ubi
1045 1657 1160 1700 enim
1180 1671 1268 1699 non
1290 1662 1457 1712 regnat,
1483 1652 1605 1710 cujus
1623 1650 1719 1693 ubi-

335 1750 420 1793 que
442 1748 608 1778 summa
629 1740 814 1790 potestas
829 1738 891 1773 est
902 1731 936 1786 ⁴3)
953 1727 1027 1771 sed
1048 1725 1166 1770 aliud
1183 1740 1271 1769 esse
1289 1738 1469 1782 regnum
1489 1721 1718 1774 coelorum,

337 1820 426 1863 quo
442 1803 504 1848 sas
518 1818 607 1847 non
622 1811 685 1845 est
702 1799 921 1854 accedere,
943 1798 1023 1841 nisi
1045 1796 1215 1839 lavacro
1239 1792 1571 1852 regenerationis
1592 1789 1720 1833 ablu-

340 1885 403 1920 tos
417 1910 428 1930 ,
468 1882 645 1933 propter
675 1870 944 1916 Dominicam
977 1881 1121 1911 veram
1156 1866 1372 1922 fixamque
1407 1860 1719 1915 sententiam23

339 1945 457 1991 aliud
478 1954 622 1989 autem
642 1957 729 1987 asse
752 1955 935 2000 regnum
958 1948 1191 1991 terrarum,
1217 1935 1287 1980 vel
1309 1934 1489 1978 aliarum
1516 1939 1724 1976 creaturae
1782 1953 1784 1969 ;

338 2017 550 2076 partium,
578 2015 652 2058 ubi
678 2020 858 2072 possunt
890 2025 977 2053 esse
1001 2008 1157 2066 aliquae
1180 2005 1421 2050 mansiones
1446 2003 1601 2046 domus
1626 1999 1720 2053 Dei,

340 2087 535 2146 quamvis
566 2084 833 2143 pertinentes
863 2080 917 2124 ad
948 2093 1127 2136 regnum
1151 2077 1251 2131 Dei,
1270 2091 1360 2120 non
1382 2084 1527 2118 tamen
1548 2070 1603 2115 ad
1626 2084 1723 2127 reg-
1782 2110 1784 2114 Α

341 2170 448 2199 num
465 2154 692 2206 coelorum,
707 2152 783 2195 ubi
797 2148 1073 2193 excellentius
1089 2156 1130 2189 et
1149 2146 1315 2189 beatius
1334 2153 1396 2187 est
1411 2155 1591 2200 regnum
1618 2140 1719 2184 Dei:
1782 2131 1784 2150 ³

340 2225 399 2269 ita
418 2224 532 2277 fieri,
557 2232 607 2266 ut
624 2236 703 2265 ncc
726 2220 882 2278 aliquae
904 2218 1058 2261 domus
1077 2216 1152 2259 Dei
1176 2223 1316 2273 partes
1332 2222 1460 2270 atque
1478 2210 1722 2255 mansiones
1782 2255 1784 2260 ,

342 2312 365 2339 a
389 2309 522 2352 regno
546 2292 621 2336 Dei
641 2290 803 2334 nefarie
826 2295 1102 2347 separentur3
1133 2294 1175 2328 et
1208 2293 1354 2328 tamen
1387 2298 1475 2326 non
1503 2295 1651 2325 omnes
1677 2281 1724 2322 in
1782 2275 1784 2295 ²

345 2380 478 2422 regno
500 2363 712 2406 coelorum
736 2359 977 2403 mansiones
994 2363 1315 2415 praeparentur3
1342 2362 1471 2411 atque
1493 2351 1538 2394 in
1554 2349 1604 2394 iis
1624 2363 1722 2408 quae

343 2435 388 2478 in
417 2448 548 2491 regno
575 2432 788 2476 coelorum
819 2445 908 2474 non
937 2437 1063 2482 sunt,
1102 2425 1264 2484 possint
1290 2422 1473 2466 feliciter
1503 2420 1719 2472 habitare,
1782 2447 1784 2450 -

342 2505 502 2564 quibus
525 2518 594 2547 eas
617 2503 746 2546 etiam
763 2515 851 2544 non
874 2497 1100 2557 baptizatis
1119 2499 1232 2541 Deus
1255 2493 1355 2538 dare
1377 2491 1584 2548 voluerit3
1607 2498 1657 2534 ut
1678 2489 1722 2532 in
1783 2482 1784 2485 ¹

392 2596 402 2610 ¹
423 2590 600 2627 Joan·x1v‚
625 2595 656 2618 2.
672 2602 709 2607 --
724 2584 867 2624 2Ιι1.ιιι,
890 2582 920 2614 5.
