1784 3205
296 190 376 227 136
714 203 745 227 s.
783 198 1012 227 AUGUSTINI
1047 200 1226 227 EPISCOPI

290 266 520 310 Christiani
545 281 633 310 non
655 275 777 319 sunt,
801 275 842 309 et
865 266 971 309 dicit
1001 284 1008 309 :
1039 285 1058 306 «
1089 266 1153 309 11Ιί
1175 267 1273 310 ideo
1292 265 1516 325 judicandi
1539 274 1669 324 atque

290 336 526 379 damnandi
549 346 665 390 sunt,
689 337 789 395 quia
807 351 904 379 cum
924 336 1115 379 habeant
1129 336 1313 380 liberum
1333 336 1576 390 arbitrium,
1594 351 1669 394 per

287 407 408 465 quod
431 406 485 449 ad
508 406 637 450 fidem
660 407 806 451 venire
825 415 1015 464 possent,
1042 415 1084 451 ct
1107 408 1179 450 Dei
1204 408 1385 465 gratiam
1407 407 1666 465 promereri,

289 476 396 519 male
429 486 617 520 utuntur
652 476 852 520 libertate
887 492 1100 521 concessa.
1141 479 1194 520 Hi
1227 492 1328 521 vcro
1365 476 1670 519 remunerandi

284 554 400 599 sunt,
439 546 515 606 qui
546 547 656 590 bene
680 547 817 590 libero
845 556 1014 590 utentes
1047 547 1224 591 arbitrio
1251 555 1473 590 merentur
1495 546 1671 590 Domini

285 617 482 675 gratiam,
509 626 550 660 et
573 619 664 676 ejus
695 616 898 661 mandata
927 618 1196 662 custodiunt.
1226 635 1245 658 »
1274 619 1440 676 Nempe
1465 617 1671 660 manifes-

288 696 379 729 tum
413 696 504 741 est,
550 703 649 731 eum
685 687 827 732 dicere
864 689 1042 746 gratiam
1079 689 1319 732 secundum
1353 689 1506 732 merita
1548 688 1670 741 dari,

285 758 529 816 quamlibet
555 773 648 801 eam
666 794 676 812 ,
701 759 769 802 vel
793 758 1077 817 qualemlibet
1103 760 1340 817 significet,
1367 774 1498 818 quam
1529 767 1672 802 tamen

286 836 433 885 aperte
455 842 543 871 non
568 828 780 886 exprimit.
807 831 914 873 Nam
945 844 1045 872 curn
1070 844 1141 873 eos
1166 828 1506 872 remunerandos
1537 828 1671 882 dicit,

287 898 361 956 qui
376 896 486 940 bene
503 907 689 941 utuntur
713 898 849 941 libero
878 898 1078 953 arbitrio,
1111 907 1153 942 et
1184 898 1283 942 ideo
1315 899 1469 942 mereri
1501 897 1676 942 Domini

290 968 491 1025 gratiani,
531 968 729 1011 debitum
764 969 823 1012 eis
852 968 974 1012 reddi
1010 969 1184 1012 fatetur.
1224 969 1305 1012 Ubi
1338 978 1401 1012 est
1430 983 1532 1027 ergo
1565 966 1675 1011 illud

291 1037 503 1095 Apostoli,
534 1058 552 1079 «
575 1039 806 1082 Justificati
825 1039 952 1096 gratis
969 1053 1044 1097 per
1068 1039 1247 1096 gratiam
1265 1039 1419 1098 ipsius¹
1439 1040 1456 1082 Ρ
1482 1056 1500 1079 »
1518 1037 1592 1081 ubi
1614 1045 1676 1080 est

292 1116 334 1150 et
357 1107 484 1163 illud,
520 1128 538 1150 α
564 1110 713 1153 Gratia
742 1109 847 1154 salvi
870 1110 972 1153 facti
996 1110 1148 1154 estis2?
1171 1113 1262 1153 «Et
1292 1125 1346 1153 ne
1373 1118 1579 1168 putarent
1600 1123 1677 1166 per

294 1193 441 1236 opera,
463 1179 645 1234 addidit,
666 1179 904 1238 perfidem.
930 1183 1093 1224 Rursus
1111 1196 1165 1224 ne
1181 1181 1317 1238 ipsam
1338 1181 1470 1223 fidem
1488 1181 1578 1223 sine
1601 1178 1677 1222 Dei

295 1248 431 1304 gratia
446 1249 526 1290 sibi
543 1259 747 1306 putarent
761 1265 850 1292 esse
867 1249 1145 1293 tribuendam
1164 1270 1171 1293 :
1192 1269 1210 1291 «
1228 1253 1282 1294 Et
1298 1250 1396 1305 hoc,
1414 1250 1573 1308 inquit,
1589 1263 1677 1293 non

294 1335 313 1357 »
340 1332 389 1359 ex
408 1317 545 1371 vobis,
571 1318 647 1361 sed
664 1319 740 1362 Dei
763 1319 928 1362 donum
946 1328 1009 1362 est
1024 1322 1055 1361 ³.
1084 1338 1102 1359 »
1124 1322 1287 1377 Nempe
1304 1334 1405 1377 ergo
1428 1319 1538 1362 illud
1560 1319 1678 1362 unde

291 1386 444 1445 incipit
477 1403 607 1431 omne
630 1389 749 1447 quod
773 1389 927 1432 merito
961 1389 1152 1448 accipere
1180 1388 1381 1443 dicimur,
1413 1389 1503 1432 sine
1525 1390 1679 1433 merito

294 1459 544 1516 accipimus,
566 1460 610 1502 id
630 1469 707 1513 est,
734 1460 867 1517 ipsam
888 1459 1034 1502 fidem.
1063 1463 1150 1503 Aut
1172 1462 1205 1503 si
1229 1470 1412 1519 negatur
1433 1461 1548 1517 dari,
1573 1460 1679 1520 quid

296 1538 359 1572 est
381 1529 500 1588 quod
523 1529 687 1573 dictum
716 1545 803 1584 est,
830 1549 849 1570 «
871 1530 992 1582 Sicut
1014 1532 1249 1590 unicuique
1272 1535 1384 1574 Deus
1415 1532 1598 1589 partitus
1619 1539 1681 1574 est

301 1618 320 1640 »
342 1615 585 1644 mensuram
603 1600 704 1644 fidei
720 1601 760 1643 ¹¹?
778 1620 796 1641 »
817 1602 858 1645 Si
877 1610 1021 1644 autem
1039 1602 1096 1645 sic
1113 1601 1270 1645 dicitur
1285 1600 1393 1655 dari,
1410 1610 1459 1645 ut
1475 1601 1683 1644 reddatur

298 1671 478 1725 meritis,
496 1687 583 1715 non
603 1671 812 1727 donetur,
834 1670 1021 1730 quidest
1041 1672 1162 1731 quod
1179 1672 1336 1715 iterum
1354 1671 1460 1715 dicit
1479 1691 1487 1715 2
1504 1690 1529 1729 f«
1548 1671 1682 1714 Vobis

302 1760 321 1781 >1
346 1740 557 1784 donatum
575 1751 635 1785 est
655 1757 731 1799 pro
747 1742 936 1796 Christo,
959 1758 1044 1786 non
1064 1742 1203 1786 solum
1229 1751 1276 1786 ut
1294 1741 1478 1786 credatis
1500 1743 1545 1784 in
1562 1756 1679 1795 eum,

301 1830 321 1851 »
350 1826 501 1855 verum
523 1811 652 1855 etiam
684 1821 732 1855 ut
756 1812 978 1870 patiamini
1002 1828 1080 1870 pro
1103 1815 1205 1857 eo⁵P
1231 1831 1250 1854 »
1285 1815 1528 1872 Utrumque
1568 1812 1680 1855 enim

299 1881 511 1926 donatum
537 1898 625 1926 esse
648 1891 828 1926 testatus
851 1893 929 1938 est,
956 1892 998 1926 et
1011 1884 1130 1942 quod
1153 1883 1291 1927 credit
1311 1884 1356 1926 in
1378 1884 1615 1937 Christum,
1642 1891 1685 1926 et

301 1952 420 2012 quod
446 1952 609 2012 patitur
631 1955 815 2013 quisque
836 1970 914 2013 pro
937 1955 1124 1998 Christo.
1146 1955 1221 1998 Isti
1243 1964 1387 1998 autem
1407 1954 1549 2002 ‚libero
1571 1954 1685 1997 arbi-

304 2025 385 2066 trio
408 2024 467 2067 sic
488 2024 708 2082 applicant
730 2024 883 2079 fidem,
908 2033 958 2068 ut
980 2025 1080 2068 fidei
1102 2024 1300 2068 videlicet
1322 2025 1447 2068 reddi
1468 2024 1683 2077 videatur,

303 2109 391 2137 non
421 2094 624 2151 gratuita,
655 2093 729 2137 sed
753 2094 897 2137 debita
921 2094 1052 2152 gratia
1078 2114 1085 2137 :
1111 2110 1159 2138 ae
1182 2110 1258 2153 per
1279 2095 1467 2153 hocjam
1485 2109 1564 2138 nec
1595 2109 1689 2152 gra-

304 2164 376 2216 tia,
403 2166 505 2222 quia
537 2164 616 2207 nisi
639 2164 842 2222 gratuita,
862 2179 950 2207 non
967 2173 1030 2207 est
1053 2164 1202 2221 gratia.

362 2235 542 2276 XXXV.
559 2233 641 2278 Sed
665 2234 719 2277 ab
737 2234 801 2277 bis
822 2233 972 2278 litteris
994 2233 1190 2292 Pelagius
1211 2233 1266 2277 ad
1291 2232 1393 2276 fidei
1415 2247 1503 2276 suae
1525 2231 1687 2275 librum

305 2304 397 2347 vult
435 2304 614 2348 transire
648 2304 883 2358 lectorem,
922 2305 1044 2362 cujus
1077 2303 1197 2347 vobis
1231 2302 1687 2348 commemorationem

303 2375 407 2418 fecit
424 2393 432 2418 ;
450 2376 495 2418 in
507 2390 595 2434 quo
610 2390 658 2418 ea
675 2375 730 2420 de
747 2375 906 2434 quibus
922 2390 1008 2419 non
1028 2375 1391 2433 interrogabatur,
1404 2373 1542 2417 multa
1562 2371 1687 2416 disse-

359 2487 368 2500 2
390 2481 480 2511 Rom.
501 2489 551 2518 111,
578 2478 684 2519 9⁴35.—
702 2485 713 2499 2
735 2477 904 2519 Ephes.1=,
928 2479 958 2510 8.
976 2495 1014 2502 -
1031 2475 1044 2498 3
1062 2476 1142 2509 Ibid.
1156 2476 1218 2505 -ls
1241 2478 1334 2509 Rom.
1364 2485 1420 2515 xn,
1439 2475 1468 2507 3.
1485 2473 1553 2498 —5
1572 2473 1686 2516 Philip.

306 2550 332 2575 1,
365 2547 417 2578 29.
