1804 3205
292 246 345 272 na
377 245 516 273 ΑΜΜΛ
549 248 600 273 m·
634 248 728 274 mus
761 249 954 285 ommim,
985 248 1070 274 Lux.
1109 250 1173 276 111.
1359 240 1443 277 359

54 302 203 370 postea
231 325 333 354 vero
365 312 413 355 in
435 313 749 357 resurrectione
770 322 1043 357 mortuorum
1075 314 1206 356 etiam
1240 314 1295 357 ad
1324 318 1445 373 regni

54 381 267 426 coelorum
289 381 607 427 beatitudinem
626 385 867 443 pervenire,
897 402 917 425 υ
937 384 972 428 si
987 383 1050 428 vis
1074 398 1163 427 esse
1187 384 1441 430 catholicus.

54 454 148 497 Hoc
170 452 286 496 enim
313 453 373 497 eis
395 452 500 497 dare
523 468 604 498 nec
630 453 855 513 Pelagiana
891 453 1062 498 haeresis
1089 469 1192 498 ausa
1214 463 1299 510 est,
1345 471 1445 515 quae

53 523 258 582 opinatur
279 523 481 583 parvulos
507 539 596 568 non
617 525 787 569 trahere
810 524 1017 584 originale
1041 533 1270 584 peccatum
1300 543 1311 570 2
1336 540 1446 584 quos

52 603 103 638 tu
125 594 323 654 quamvis
350 594 461 639 sicut
488 594 727 640 catholicus
759 611 859 640 cum
887 605 1065 655 peccato
1102 597 1219 641 nasci
1241 595 1415 641 fatearis
1431 631 1443 651 ,

52 664 197 710 nescio
209 680 297 725 qua
314 674 461 709 tamen
476 666 752 725 perversioris
766 668 956 712 novitate
973 668 1206 727 opinionis,
1229 667 1321 711 sine
1338 668 1448 726 bap-

53 735 224 780 tismate
250 735 452 789 salutari,
480 745 523 780 et
554 738 609 781 ab
642 738 725 782 hoc
752 747 930 797 peccato
961 753 1061 783 cum
1086 753 1176 797 quo
1210 747 1449 782 nascuntur

51 805 234 861 absolvi,
263 815 305 852 et
328 808 373 851 in
401 821 583 865 regnum
607 808 822 854 coelorum
850 809 998 854 asseris
1024 800 1271 853 introduci(
1295 811 1446 869 Neque

51 876 313 932 consideras,
337 878 385 922 in
405 879 487 923 hac
506 894 636 923 causa
655 890 823 939 quanto
845 879 1036 924 deterius
1057 880 1197 940 sapias
1218 894 1350 939 quam
1369 882 1450 923 Pe-

50 946 205 1006 lagius.
234 947 314 992 Ille
341 949 505 1008 quippe
529 950 800 994 Dominicam
831 944 1091 994 sententiam
1119 949 1448 1009 pertimescens,

50 1033 138 1078 qua
161 1033 252 1063 non
273 1019 481 1078 baptizati
510 1021 556 1063 in
577 1035 764 1078 regnum
786 1020 1002 1064 coelorum
1024 1034 1115 1064 non
1133 1019 1449 1078 permittuntur

50 1088 231 1143 intrare,
254 1088 357 1133 licet
379 1104 453 1133 eos
474 1104 584 1149 quos
602 1090 656 1133 ab
673 1090 793 1133 omni
808 1098 986 1149 peccato
1002 1088 1162 1133 liberos
1181 1089 1332 1144 credit,
1357 1104 1449 1133 non

48 1157 126 1203 illo
147 1158 280 1202 audet
302 1159 504 1218 parvulos
527 1160 700 1203 mittere
725 1178 734 1203 ε
762 1168 812 1203 tu
831 1174 934 1203 vero
968 1160 1027 1203 sic
1061 1158 1303 1203 contemnis
1325 1158 1448 1218 quod

50 1226 218 1272 dictum
237 1237 300 1273 est
325 1248 335 1273 ι
359 1247 380 1270 «
407 1229 451 1274 Si
469 1229 565 1288 quis
587 1243 675 1273 non
703 1238 879 1272 renatus
903 1227 1036 1272 fuerit
1058 1243 1108 1272 ex
1131 1243 1244 1288 aqua
1272 1237 1316 1271 et
1351 1229 1447 1287 Spi—

51 1316 73 1340 »
101 1299 206 1354 ritu,
234 1314 323 1342 non
344 1308 488 1359 potest
509 1300 689 1343 introire
716 1300 762 1342 in
783 1314 965 1356 regnum
988 1299 1065 1342 Dei
1083 1302 1121 1356 ¹3
1149 1317 1169 1339 »
1196 1307 1246 1342 ut
1268 1308 1448 1358 excepto

49 1383 210 1424 errore,
235 1384 345 1428 quos
365 1368 498 1413 audes
516 1385 539 1413 a
562 1384 695 1427 regno
716 1369 795 1412 Dei
821 1368 1069 1427 paradisum
1100 1383 1320 1427 separare,
1345 1369 1447 1428 qui-

51 1440 236 1484 busdam
254 1455 364 1499 quos
379 1456 472 1484 reos
490 1441 622 1495 nasci,
644 1441 754 1485 sicut
771 1439 1030 1495 catholicus,
1050 1437 1207 1494 credis,
1232 1439 1322 1483 sine
1345 1439 1449 1498 bap-

51 1511 218 1556 tismate
239 1512 439 1567 mortuis,
467 1520 511 1556 et
527 1510 643 1555 illius
659 1520 803 1555 reatus
826 1510 1165 1564 absolutionem,
1197 1519 1241 1554 et
1263 1524 1448 1568 regnum

51 1581 267 1627 coelorum
288 1597 378 1627 non
392 1581 565 1626 dubites
587 1582 764 1641 insuper
781 1579 978 1640 polliceri
1002 1600 1011 1625 :
1041 1579 1164 1640 quasi
1187 1588 1340 1624 contra
1362 1583 1446 1623 Pe-

50 1652 213 1712 lagium
235 1654 280 1697 in
299 1652 497 1711 originali
520 1661 698 1712 peccato
721 1650 961 1696 astruendo
983 1660 1089 1695 tunc
1110 1665 1200 1694 esse
1221 1649 1356 1709 possis
1378 1665 1451 1693 ca-

52 1721 239 1768 tholicus
262 1738 391 1768 verus
406 1758 418 1777 ,
450 1724 484 1768 si
514 1732 666 1768 contra
698 1723 936 1766 Dominum
959 1720 1092 1764 fueris
1116 1720 1162 1762 in
1184 1719 1449 1763 destruenda

51 1794 142 1852 ejus
163 1792 218 1837 de
239 1793 456 1852 baptismo
483 1792 697 1836 sententia
719 1791 950 1835 haereticus
971 1804 1125 1834 novus.
1157 1790 1244 1833 Nos
1275 1799 1340 1842 te,
1376 1788 1446 1831 di-

51 1862 299 1917 lectissime,
318 1878 408 1908 non
431 1863 491 1907 sic
509 1860 714 1906 volumus
730 1860 1033 1905 haereticorum
1050 1873 1138 1903 esse
1155 1858 1380 1912 victorem,
1398 1866 1449 1902 ut

52 1947 172 1978 error
190 1933 336 1977 vincat
353 1946 559 1986 errorem,
586 1940 646 1986 et,
670 1929 792 1990 quod
810 1938 872 1974 est
894 1929 1033 1988 pejus,
1060 1929 1198 1988 major
1214 1927 1445 1971 minorem.

53 2003 168 2048 Dicis
196 2003 313 2047 enim
340 2021 350 2047 ε
376 2021 398 2045 «
422 2005 511 2047 Aut
540 2002 574 2045 si
602 2001 716 2046 forte
745 2000 960 2060 quispiam
986 1999 1240 2053 reluctetur,
1272 1997 1452 2042 latronis

55 2077 212 2121 animae
225 2074 295 2120 vel
311 2074 556 2120 Dinocratis
569 2074 744 2118 interim
762 2072 1022 2132 temporarie
1043 2070 1251 2116 collatum
1268 2084 1358 2114 esse
1373 2085 1451 2128 pa-

55 2146 264 2201 radisum,
292 2160 394 2190 nam
416 2159 637 2205 superesse
657 2142 742 2187 illis
763 2143 907 2187 adhuc
927 2144 972 2186 in
997 2141 1313 2186 resurrectione
1335 2154 1451 2199 prae-

56 2218 196 2262 mium
212 2217 333 2276 regni
349 2215 589 2274 coelorum,
607 2229 860 2274 quanquam
883 2213 1098 2258 sententia
1114 2211 1188 2255 illa
1206 2209 1455 2270 principalis

56 2287 372 2341 obsistat‚Quia
388 2287 466 2346 qui
480 2300 571 2331 non
583 2292 760 2328 renatus
775 2281 908 2327 fuerit
920 2297 971 2326 ex
984 2297 1097 2340 aqua
1111 2289 1154 2324 et
1165 2280 1329 2339 Spiritu
1338 2293 1458 2323 sanc·

58 2366 122 2413 to,
137 2372 227 2402 non
250 2357 435 2402 intrabit
461 2357 507 2400 in
526 2369 711 2414 regnum
733 2353 947 2398 coelorum
966 2372 978 2409 3
996 2360 1144 2395 tamen
1160 2359 1307 2394 teneat
1329 2350 1459 2394 etiam

59 2442 207 2472 meum
230 2428 276 2471 in
295 2428 376 2472 hac
399 2435 527 2486 parte
547 2440 639 2470 non
663 2423 898 2468 invidentis
921 2436 1139 2466 assensum
1154 2455 1165 2476 ,
1187 2420 1320 2465 modo
1339 2420 1463 2463 mise-

64 2495 265 2542 ricordiae
280 2496 656 2556 praescientiaeque
674 2493 836 2537 divinae
858 2501 901 2536 et
918 2492 1123 2536 effectum
1144 2489 1377 2549 amplificet
1390 2522 1401 2541 ,
1421 2496 1464 2530 et

114 2587 122 2604 ¹
146 2582 239 2614 Joan.
257 2580 310 2622 ui,
328 2581 359 2612 5.
