1784 3205
337 188 420 227 186
750 197 782 226 s,
824 198 867 225 Αι
882 200 926 225 Gt
945 196 1055 224 s'rml
1092 196 1272 224 El'lsCOl’t

338 268 397 308 rie
415 266 558 325 potius
573 279 701 325 quam
725 264 935 308 veraciter
958 262 1065 317 fieri,
1083 277 1171 306 non
1194 271 1338 306 tamen
1360 261 1552 307 audeant
1575 274 1722 322 aperta

335 335 651 396 improbatione
680 349 910 394 respuere:
948 334 1066 392 ipsa,
1097 334 1272 393 inquam
1290 367 1301 388 ‚
1330 342 1489 377 sanctae
1520 334 1723 378 Ecclesiae

337 416 603 452 sacramenta
632 406 731 450 satis
753 404 948 448 indicant
966 439 976 459 ,
1002 404 1204 464 parvulos
1227 421 1249 448 a
1276 414 1402 464 partu
1426 406 1556 448 etiam
1580 420 1724 450 recen·

338 478 521 523 tissimos
551 493 626 537 per
664 477 843 535 gratiam
873 475 1033 520 Christi
1067 474 1120 518 de
1145 473 1307 519 diaboli
1339 475 1512 519 servitio
1534 474 1721 521 liberari.

339 553 531 609 Excepto
554 549 667 592 enim
695 546 810 607 quod
835 547 879 590 in
901 555 1176 605 peccatorum
1202 546 1519 601 remissionem,
1541 561 1630 591 non
1652 545 1727 590 fal-

340 620 453 674 laci,
479 618 553 663 sed
585 618 701 662 fideli
732 619 937 675 mysterio
966 617 1264 676 baptizantur,
1290 616 1420 660 etiam
1450 616 1569 676 prius
1602 631 1729 661 exor-

341 690 504 734 cizatur
524 689 567 732 in
593 689 651 732 cis
676 697 717 732 et
740 688 993 732 exsulllatur
1022 695 1209 746 potestas
1233 687 1476 744 contraria3
1503 687 1573 731 cui
1600 687 1729 731 etiam

347 761 487 806 verbis
501 775 650 804 eorum
664 776 684 803 a
698 759 857 820 quibus
871 766 1118 818 portantur,
1131 773 1174 802 se
1188 759 1435 801 renuntiare
1450 758 1727 817 respondent.

345 831 512 884 Quibus
526 829 728 875 omnibus
751 844 895 873 rerum
919 828 1189 873 occultarum
1210 829 1382 873 sacratis
1400 837 1443 873 et
1456 829 1732 873 evidentibus

345 903 476 961 signis
497 937 506 954 ,
551 918 574 946 a
606 901 869 959 captivatore
895 901 1078 960 pessimo
1101 901 1156 944 ad
1177 901 1391 959 optimum
1414 899 1732 959 redemptorem

345 973 524 1017 transire
547 980 844 1016 monstrantur
862 992 873 1029 3
888 972 962 1031 qui
981 987 1059 1030 pro
1082 971 1206 1015 nobis
1236 971 1486 1014 infirmitate
1509 980 1730 1029 suscepta,

346 1044 537 1103 alligavit
559 1043 728 1097 fortem,
752 1052 800 1087 ut
816 1058 913 1088 vasa
929 1044 1018 1103 ejus
1037 1044 1223 1102 eriperet
1242 1045 1251 1066 ¹
1272 1061 1279 1087 :
1297 1043 1398 1101 quia
1419 1042 1642 1086 infirmum
1658 1042 1734 1086 Dei

346 1131 431 1158 non
453 1114 592 1158 solum
616 1123 680 1158 est
699 1114 967 1168 hominibus,
984 1128 1135 1158 verum
1154 1121 1197 1157 et
1214 1112 1374 1170 angelis
1392 1111 1589 1157 fortius².
1613 1113 1735 1156 Libe-

346 1200 442 1228 rans
467 1185 612 1244 itaque
633 1188 746 1228 Deus
771 1184 947 1243 pusillos
979 1199 1079 1227 cum
1099 1184 1283 1242 magnis,
1306 1184 1351 1226 in
1376 1183 1573 1242 utrisque
1590 1191 1735 1226 osten-

346 1255 410 1298 dit
445 1255 563 1314 quod
590 1254 735 1299 locuta
768 1263 831 1298 cst
864 1270 938 1313 per
973 1253 1229 1313 Apostolum
1263 1254 1445 1299 Veritas,
1490 1255 1587 1299 Non
1619 1252 1735 1296 enim

345 1326 457 1370 solos
487 1335 613 1369 aetate
644 1326 822 1385 majores
843 1360 853 1379 ,
884 1324 957 1368 sed
984 1325 1113 1368 etiam
1138 1323 1316 1383 pusillos
1340 1324 1451 1368 eruit
1475 1341 1497 1368 a
1519 1332 1733 1383 potestate

351 1398 627 1440 tenebrarum
651 1432 660 1449 ‚
704 1405 751 1439 ut
797 1395 1023 1440 transferat
1066 1396 1110 1439 in
1159 1410 1339 1454 regnum
1380 1394 1480 1439 Filii
1516 1395 1735 1439 charitatis

347 1483 450 1511 suae.

406 1539 558 1581 LXVI.
591 1540 678 1582 Nec
710 1538 939 1597 quisquam
981 1538 1177 1591 miretur⁷
1221 1545 1263 1579 et
1304 1534 1418 1580 dicat
1440 1554 1447 1579 :
1473 1554 1492 1576 «
1530 1536 1619 1580 Cur
1652 1535 1736 1579 hoc

347 1617 464 1652 creat
495 1608 663 1652 bonitas
693 1608 785 1662 Dei,
825 1606 944 1667 quod
974 1606 1188 1666 possideat
1221 1605 1465 1665 malignitas
1494 1604 1689 1649 diaboli?
1714 1623 1734 1646 »

348 1681 441 1723 Hoc
469 1679 583 1722 enim
612 1694 700 1722 suae
728 1687 937 1722 creaturae
966 1678 1202 1721 seminibus
1224 1692 1273 1719 ex
1296 1675 1367 1720 illa
1389 1676 1584 1720 bonitate
1604 1676 1736 1734 largi-

349 1759 432 1805 tur7
461 1765 545 1809 qua
568 1751 695 1793 etiam
720 1749 824 1793 facit
847 1749 979 1793 solem
1003 1764 1129 1792 suum
1155 1748 1255 1792 oriri
1278 1762 1407 1806 super
1429 1747 1565 1791 bonos
1587 1756 1629 1791 et
1652 1762 1737 1791 ma-

348 1820 409 1864 los
430 1856 439 1873 ,
470 1829 511 1864 et
543 1819 652 1878 pluit
673 1835 801 1879 super
819 1821 957 1878 justos
980 1827 1023 1862 et
1044 1818 1227 1878 injustos
1250 1820 1282 1860 4.
1310 1820 1401 1862 Hac
1422 1817 1584 1877 quippe
1607 1816 1737 1862 boni-

346 1899 432 1934 tate
454 1891 582 1934 etiam
605 1891 693 1950 ipsa
715 1890 878 1934 semina
897 1888 1116 1933 benedixit
1135 1924 1144 1943 ‚
1165 1888 1234 1933 vel
1257 1887 1555 1932 benedicendo
1573 1887 1736 1932 consti-

349 1962 431 2006 tuit
458 1981 465 2005 :
494 1977 624 2021 quam
656 1960 1003 2004 benedictionem
1028 1969 1194 2004 naturae
1218 1958 1430 2004 laudabili
1458 1959 1588 2018 culpa
1612 1958 1738 2002 dam-

347 2031 501 2076 nabilis
524 2047 613 2075 non
636 2030 810 2075 ademit.
837 2034 945 2084 Quae
971 2031 1071 2075 licet
1095 2045 1169 2089 per
1190 2030 1266 2074 Dei
1287 2030 1508 2090 punientis
1526 2029 1739 2089 justitiam

347 2100 557 2155 valuerit,
595 2110 643 2144 ut
672 2101 869 2146 homines
893 2116 989 2144 cum
1018 2101 1184 2160 peccati
1208 2100 1427 2158 originalis
1454 2100 1559 2145 vitio
1590 2114 1739 2145 nasce-

348 2181 498 2215 rentur
524 2192 531 2217 :
561 2187 648 2216 non
677 2182 823 2215 tamen
851 2170 1003 2225 valuit,
1034 2179 1083 2214 ut
1108 2171 1306 2214 homines
1331 2186 1419 2216 non
1442 2179 1738 2216 nascerentur.

350 2243 469 2288 Sicut
497 2244 540 2286 in
565 2243 666 2302 ipsis
695 2251 821 2286 aetate
846 2242 1076 2302 majoribus
1099 2241 1308 2302 quaelibet
1333 2243 1434 2286 vitia
1457 2251 1740 2301 peecatorum

350 2329 436 2357 non
460 2331 508 2358 ex
532 2314 708 2358 homine
730 2314 953 2358 hominem
979 2311 1164 2370 tollunt3
1188 2312 1263 2356 sed
1286 2321 1511 2371 permanet
1534 2313 1610 2357 Dei
1631 2327 1741 2372 opus

349 2385 532 2438 bonum,
556 2386 600 2428 in
617 2386 982 2445 quantiscumque
999 2384 1122 2428 malis
1140 2383 1342 2444 operibus
1357 2384 1608 2443 impiorum.
1629 2385 1738 2429 Nam

399 2494 407 2508 ¹
443 2490 562 2521 Matth.
594 2501 659 2525 xn,
695 2498 747 2528 29.
764 2507 799 2512 ..‚
818 2496 829 2510 ²
872 2499 882 2520 1
914 2491 985 2520 Cor.
1018 2500 1029 2520 1
1047 2512 1054 2526 ‚
1088 2488 1198 2519 25.—
1216 2485 1229 2510 3
1253 2487 1372 2521 coloss.
1407 2498 1430 2526 ι,
1468 2486 1517 2517 13.
1535 2486 1603 2516 -4
1622 2486 1739 2518 Manli.

418 2545 428 2563 l

351 2558 382 2584 V,
414 2557 465 2578 Διί).
