1784 3205
341 234 397 276 90
784 249 816 274 s.
854 245 1082 275 AUGUs'riNt
1116 242 1296 274 nmscom

340 310 477 356 ritatis
505 309 735 356 illustratio
764 310 1020 367 deberetur,
1053 308 1108 353 ad
1149 323 1274 369 quos,
1311 308 1388 352 etsi
1417 306 1596 364 tardius,
1636 322 1727 353 non

343 382 580 426 diffidimus
616 382 804 441 propitio
838 383 926 423 Deo
958 379 1157 423 eamdem
1188 379 1368 439 gratiam
1396 378 1636 437 pervenire,
1649 379 1726 439 qui

340 452 436 497 vult
462 467 611 497 omnes
640 452 834 496 homines
858 449 995 494 salvos
1029 450 1120 493 fieri
1142 452 1172 505 ¹,
1213 459 1257 494 et
1286 449 1340 493 ad
1363 448 1628 507 agnitionem
1650 463 1721 493 ve-

341 524 477 568 ritatis
506 523 667 567 venire.
694 525 779 567 Nos
807 536 926 575 vero,
962 521 1041 564 etsi
1074 520 1175 565 olim
1205 520 1357 579 spiritu
1385 518 1620 574 charitatis,
1653 520 1729 580 qui

340 597 384 639 in
415 604 457 639 te
486 603 550 638 est
571 629 582 649 ,
613 593 730 637 docti
764 591 1082 652 subjectionem
1111 592 1202 651 ejus
1233 590 1516 651 abjecerimus
1544 590 1726 646 erroris,

340 666 386 708 in
427 666 509 708 hoc
533 664 664 707 etiam
693 677 809 706 nunc
834 663 990 721 gratias
1025 662 1206 720 agimus,
1233 662 1353 721 quod
1378 662 1472 705 haec
1495 676 1595 721 quae
1628 670 1729 705 ante

341 734 621 788 credidimus,
648 748 764 776 nunc
794 731 885 776 aliis
914 733 1078 791 aperire
1105 731 1352 786 didicimus,
1374 732 1489 776 viam
1511 730 1728 776 facilitatis

340 805 543 848 uberiore
562 803 798 847 tsanctiatis
819 813 909 846 tuae
933 818 1128 847 sermone
1146 803 1379 861 pandente.
1399 806 1455 847 Et
1476 802 1558 846 alia
1572 817 1725 848 manu:

343 874 613 918 Incolumem
636 873 951 918 beatitudinem
974 882 1111 927 tuam,
1137 873 1360 933 nostrique
1379 887 1631 928 memorem,
1652 874 1731 917 mi-

340 946 572 991 sericordia
599 946 676 991 Dei
698 946 832 990 nostri
855 945 1065 1003 glorificet
1086 945 1131 988 in
1153 953 1382 988 aeternum.

400 1019 559 1061 XLIX.
603 1017 646 1062 Si
668 1032 769 1075 crgo
792 1027 834 1060 et
860 1017 938 1060 iste
957 1017 1255 1070 confiteretur,
1281 1017 1338 1060 ita
1356 1016 1400 1059 in
1422 1016 1505 1059 hoc
1525 1029 1670 1063 errore
1687 1029 1731 1058 se

340 1085 470 1130 fuisse
503 1087 738 1148 aliquando
757 1123 767 1141 ,
794 1096 842 1131 ut
865 1088 1085 1131 hominem
1109 1094 1462 1146 praeoccupatum
1480 1119 1490 1139 ,
1517 1084 1591 1129 sed
1613 1100 1730 1129 nunc

343 1158 707 1202 anathematizare
730 1159 805 1219 qni
822 1160 915 1202 haec
934 1167 1085 1201 tenent
1105 1178 1116 1214 3
1141 1158 1336 1217 quisquis
1358 1157 1397 1200 ei
1419 1171 1509 1200 non
1536 1155 1728 1215 gratula-

340 1237 476 1282 retur,
503 1237 680 1272 tenente
696 1230 783 1288 jam
807 1229 882 1272 illo
904 1230 1017 1272 viam
1038 1229 1251 1283 veritatis,
1274 1228 1365 1287 ipse
1401 1227 1618 1271 amitteret
1644 1226 1731 1271 vis-

337 1313 432 1343 cera
452 1299 688 1344 charitatis.
714 1303 840 1345 Nunc
865 1316 965 1344 vero
994 1315 1149 1358 parum
1172 1309 1265 1355 est,
1292 1300 1413 1359 quod
1435 1314 1478 1342 se
1500 1313 1590 1342 non
1623 1313 1730 1342 con-

339 1367 475 1412 fessus
509 1380 571 1414 est
605 1371 659 1414 ab
695 1386 743 1414 ea
775 1381 893 1430 peste
930 1371 1163 1415 liberatum
1190 1406 1200 1425 ,
1245 1370 1320 1414 sed
1353 1369 1731 1414 anathematizavit

340 1435 516 1497 insuper
546 1441 775 1495 liberatos,
802 1443 877 1501 qui
901 1457 1001 1485 eum
1028 1443 1086 1486 sic
1116 1441 1322 1500 diligunt,
1354 1450 1404 1484 ut
1435 1440 1566 1484 etiam
1587 1440 1729 1498 ipsum

338 1511 517 1568 cupiant
534 1510 709 1554 liberari
732 1531 740 1556 z
766 1513 811 1554 in
832 1513 990 1571 quibus
1008 1522 1050 1556 et
1067 1513 1135 1556 isti
1150 1521 1266 1565 sunt,
1285 1512 1361 1571 qui
1383 1510 1726 1555 benevolentiam

339 1596 461 1624 suam
494 1597 595 1640 erga
624 1581 742 1626 illum
767 1583 1118 1641 significaverunt
1138 1619 1148 1637 ,
1176 1583 1240 1626 his
1265 1582 1319 1626 ad
1353 1597 1421 1625 me
1444 1580 1554 1625 datis
1576 1581 1729 1625 litteris

338 1652 423 1696 suis
450 1674 460 1708 3
486 1667 586 1696 nam
610 1661 652 1696 et
673 1653 811 1712 ipsum
848 1654 1065 1713 praecipue
1088 1653 1365 1710 cogitabant,
1386 1650 1725 1711 cumdicerent,

338 1721 422 1766 hoc.
445 1737 488 1764 se
519 1724 660 1778 affici,
686 1724 806 1783 quod
829 1723 951 1768 tarde
972 1723 1096 1767 illum
1120 1723 1283 1767 librum
1317 1723 1558 1782 scripserim
1580 1724 1598 1766 Ρ
1625 1741 1645 1764 «
1685 1722 1728 1768 Si

336 1793 513 1852 quidem
536 1795 741 1851 contigit,
764 1796 994 1855 inquiunt,
1016 1797 1214 1839 absentes
1235 1795 1327 1838 fieri
1349 1795 1561 1855 quosdam
1577 1828 1588 1848 ,
1614 1809 1727 1854 quo-

335 1878 432 1906 rum
463 1866 645 1909 caecitati
674 1867 752 1909 ista
783 1876 869 1909 tam
899 1867 1137 1925 perspicuae
1168 1866 1358 1910 veritatis
1389 1865 1620 1908 illustratio
1650 1864 1728 1908 de-

336 1933 512 1977 beretur
532 1970 542 1987 ,
574 1935 628 1978 ad
650 1951 759 1994 quos
783 1937 859 1979 etsi
881 1936 1067 1991 tradius,
1094 1937 1301 1996 inquiunt
1325 1970 1336 1990 ,
1369 1951 1457 1980 non
1487 1935 1726 1979 diffidimus

335 2005 524 2062 propitio
552 2009 641 2049 Deo
672 2005 871 2049 eamdem
892 2007 1073 2064 gratiam
1096 2008 1334 2066 pervenire.
1367 2009 1534 2054 Nomen
1563 2007 1726 2066 quippe

333 2073 403 2117 vel
432 2076 608 2118 nomina
640 2076 719 2133 ipsi
752 2091 930 2136 quoque
962 2076 1106 2120 adbuc
1135 2077 1319 2121 tacenda
1352 2086 1648 2136 putaverunt,
1676 2086 1725 2122 ut

334 2144 506 2189 vivente
525 2147 726 2199 amicitia,
743 2162 861 2190 error
884 2147 1027 2205 potius
1049 2155 1291 2191 moreretur
1309 2147 1563 2190 amicorum.

396 2217 444 2259 L.
461 2220 515 2259 At
537 2232 655 2260 nunc
674 2218 707 2260 si
727 2216 920 2275 Pelagius
940 2220 1075 2261 Deum
1095 2219 1272 2277 cogitat,
1291 2218 1324 2261 si
1340 2233 1428 2262 non
1446 2226 1510 2262 est
1532 2218 1723 2275 ingratus

336 2286 427 2344 ejus
464 2287 768 2331 misericordiae
789 2323 799 2342 ,
832 2289 907 2348 qui
953 2304 1052 2332 eum
1085 2289 1141 2333 ad
1174 2290 1473 2348 episcoporum
1504 2289 1723 2349 judicium

333 2366 559 2416 propterea
581 2359 800 2417 perduxit,
826 2369 873 2403 ut
895 2360 994 2404 haeo
1014 2361 1291 2404 anathemata
1312 2359 1550 2405 defendere
1572 2369 1721 2420 postea

333 2441 420 2470 non
439 2426 633 2481 auderet,
644 2430 824 2488 jamque
840 2430 1091 2474 detestanda
1106 2439 1148 2475 et
1166 2431 1405 2490 abjicienda
1420 2441 1716 2491 cognosceret,
1770 2467 1772 2470 s

332 2497 492 2553 gratius
515 2499 696 2558 accipiet
713 2500 896 2544 Litteras
916 2510 1097 2555 nostraS,
1123 2501 1300 2562 quando
1324 2516 1523 2561 expresso
1542 2503 1719 2547 nomine

382 2590 390 2605 ¹
417 2594 426 2614 1
449 2583 527 2618 Tim,
549 2594 583 2621 ιι,
602 2582 635 2625 lg.
