1804 3205
407 204 488 230 mu.
525 206 572 232 ιι.
603 205 655 232 uz
690 205 866 233 rzccxro
898 205 1136 232 ornarunt.
1384 195 1460 232 167

82 269 231 315 saltem
253 268 387 323 dixit,
419 267 572 313 eodem
600 278 897 327 sacrament03
920 267 1039 328 quod
1067 267 1246 327 quidem
1278 269 1309 311 si
1341 269 1467 313 dixis-

83 348 167 392 set,
192 339 337 385 adhuc
360 347 466 384 esset
491 339 745 398 ambiguum
772 359 780 384 2
805 339 880 384 sed
907 336 1112 390 «iisdem,
1139 338 1298 398 inquit,
1323 352 1467 383 sacra-

85 410 221 454 menti
242 409 407 466 verbis,
435 427 454 450 n
482 417 690 469 tanquam
708 408 948 455 infantibus
976 408 1169 452 remissio
1191 417 1467 467 peccatorum

82 480 316 525 verborum
346 480 489 524 sonitu
517 478 734 526 diceretur
768 496 855 524 non
890 494 1032 524 rerum
1062 487 1264 538 ageretur
1289 478 1464 524 effectu.

84 550 208 595 Visus
226 558 288 593 est
312 557 454 593 tamen
474 548 528 594 ad
555 559 741 609 tempus,
767 549 932 609 aliquid
960 550 1104 594 dicere
1134 547 1255 608 quod
1273 548 1373 593 fidei
1396 564 1470 593 ca-

85 620 257 665 tholicae
278 619 529 664 conveniret
555 639 564 664 ;
588 621 663 664 sed
690 620 808 664 illam
833 619 979 664 sedem
1003 633 1140 679 usque
1165 619 1209 662 in
1232 618 1363 663 finem
1387 617 1471 662 fal-

84 689 171 734 lere
194 705 282 734 non
304 689 547 748 prsevaluit.
582 694 680 734 Post
712 690 916 748 rescripta
941 690 1105 750 quippe
1141 688 1335 733 Africani
1363 704 1471 733 con-

82 760 186 816 cilii,
211 762 256 804 in
279 776 409 820 quam
444 761 709 819 provinciam
740 760 917 821 quidem
943 761 1139 805 doctrina
1171 758 1244 803 illa
1268 759 1470 819 pestifera

82 830 295 890 serpendo
318 840 598 890 pervenerat,
633 832 708 876 sed
732 847 825 875 eam
854 847 941 876 non
966 840 1053 874 tam
1076 830 1161 874 late
1182 839 1473 889 occupaverat

83 901 258 962 alteque
276 910 546 961 pervaserat,
571 903 652 946 alia
674 918 852 962 quoque
875 903 1008 960 ipsius
1025 903 1067 946 in
1090 901 1200 944 urbe
1224 903 1379 954 Roma,
1399 901 1474 944 ubi

82 971 322 1017 diutissime
344 973 534 1027 vixerat,
554 982 687 1032 atque
714 973 757 1016 in
788 973 853 1016 his
883 971 1025 1016 fuerat
1055 970 1173 1030 prius
1200 971 1474 1016 sermonibus

81 1044 523 1103 contentionibusque
539 1052 749 1098 versatus,
770 1058 873 1088 cura
890 1041 1087 1087 fidelium
1104 1041 1288 1086 fratrum
1309 1040 1476 1101 prolata

83 1122 334 1174 patuerunt,
358 1130 456 1173 quae
471 1114 625 1158 litteris
638 1115 740 1170 suis,
760 1129 868 1174 quas
882 1113 1139 1173 conscripsit
1155 1127 1232 1171 per
1244 1113 1396 1157 orbem
1409 1128 1480 1157 ca-

83 1183 294 1229 tholicum
332 1183 633 1244 perferendaS,
664 1200 773 1244 papa
807 1184 1030 1239 Zozimus,
1066 1182 1331 1237 execranda,
1366 1183 1476 1226 sicut

74 1254 218 1313 legere
250 1255 429 1314 potestis
446 1290 456 1309 ‚
500 1255 699 1299 attexuit.
738 1255 820 1300 Ubi
855 1254 1050 1312 Pelagius
1087 1252 1313 1312 epistolam
1353 1252 1475 1296 Pauli

78 1324 260 1384 apostoli
283 1324 339 1369 ad
358 1327 576 1369 Romanos
594 1323 714 1368 velut
733 1339 973 1383 exponens,
995 1330 1327 1381 argumentatur
1349 1330 1392 1366 et
1409 1320 1478 1366 di-

78 1395 137 1439 cit
165 1414 174 1440 ;
202 1413 221 1436 (ι
254 1395 294 1439 Si
330 1394 436 1439 Adae
471 1403 695 1454 peccatum
723 1395 851 1439 etiam
883 1409 972 1439 non
998 1392 1280 1452 peccantibus
1308 1393 1475 1448 nocuit,

83 1483 102 1506 »
123 1479 228 1524 ergo
253 1474 296 1510 et
311 1465 472 1511 Christi
488 1465 653 1524 justitia
671 1464 800 1509 etiam
824 1479 911 1508 non
936 1461 1213 1507 credentibus
1229 1462 1423 1521 prodest.
1453 1481 1474 1504 »

78 1536 134 1579 Et
151 1543 306 1578 caetera
325 1533 591 1594 hujusmodi,
608 1549 709 1594 quae
731 1533 877 1578 omnia
897 1533 1085 1578 Domino
1103 1531 1338 1591 adjuvante
1354 1532 1400 1575 in
1416 1531 1473 1575 li-

82 1605 184 1658 bris,
209 1619 319 1664 quos
334 1604 606 1662 scripsimus,
636 1603 691 1647 de
717 1603 937 1661 baptismo
952 1601 1260 1662 parvulorum,
1288 1601 1479 1646 refutata

86 1684 130 1720 et
152 1674 362 1720 dissoluta
382 1683 499 1720 sunt.
527 1677 585 1719 Et
606 1690 655 1719 ea
672 1674 850 1734 quidem
868 1674 912 1718 in
935 1674 1036 1733 ipsis
1051 1673 1176 1733 quasi
1197 1673 1478 1732 expositioni-

82 1745 168 1790 bus
182 1761 270 1790 non
281 1761 333 1790 ex
348 1761 424 1790 sua
441 1760 623 1804 persona
641 1755 705 1790 est
718 1760 844 1789 ausus
860 1744 1070 1805 objicere,
1089 1744 1164 1788 sed
1182 1743 1244 1788 ibi
1260 1743 1344 1788 hoc
1361 1742 1478 1788 dice-

82 1816 174 1870 bat,
192 1816 271 1860 ubi
285 1815 435 1860 multis
451 1815 697 1859 notissimus
717 1824 824 1869 erat,
845 1824 888 1859 et
909 1814 1018 1874 quid
1034 1814 1215 1858 sentiret
1231 1828 1279 1857 ac
1295 1812 1474 1868 diceret,

81 1885 218 1930 latere
240 1900 328 1929 non
347 1894 519 1943 poterat
542 1904 551 1929 :
573 1885 694 1944 quod
711 1884 756 1928 in
781 1884 900 1928 libris
917 1882 1022 1937 illis,
1048 1883 1103 1927 de
1123 1896 1312 1942 quorum
1336 1882 1479 1941 primo

81 1954 294 2015 quiddam
338 1969 467 2013 supra
505 1954 864 2008 commemoravi,
899 1968 988 1998 non
1024 1951 1366 2008 dissimulanter,
1399 1951 1473 1997 sed

83 2025 352 2085 apertissime
371 2025 542 2084 quantis
564 2032 707 2083 potest
730 2022 984 2082 disputandi
1006 2022 1172 2067 viribus
1191 2022 1302 2081 agit,
1324 2031 1374 2067 ut
1396 2037 1478 2066 na·-

84 2106 178 2141 tura
199 2097 390 2140 humana
411 2095 456 2138 in
471 2092 661 2152 parvulis
691 2092 813 2138 nullo
839 2092 971 2138 modo
994 2109 1047 2138 ex
1067 2093 1306 2153 propagine
1326 2092 1476 2138 vitiata

78 2166 302 2224 credatur3
322 2166 392 2211 cui
414 2164 659 2224 arrogando
681 2165 868 2210 salutem
884 2199 895 2220 ,
916 2163 1083 2210 invidet
1102 2163 1382 2209 salvatorem.
1482 2167 1486 2170 ’

144 2239 283 2283 XXV.
316 2238 420 2282 Haec
442 2251 543 2281 cum
564 2236 623 2281 ita
654 2237 762 2291 sint,
789 2249 979 2295 cumque
1003 2237 1094 2295 jam
1119 2244 1288 2280 constet
1317 2233 1477 2292 dogma

89 2308 277 2352 extitisse
313 2305 565 2366 pestiferum
599 2314 641 2350 et
681 2305 936 2355 haereticum
978 2319 1191 2358 errorem,
1228 2318 1360 2363 quem
1393 2306 1476 2347 Do-

86 2379 206 2422 mino
238 2377 471 2436 adjuvante
496 2377 683 2436 apertius
711 2377 801 2436 jam
838 2374 1003 2421 devitat
1039 2375 1252 2429 Ecclesia,
1299 2374 1472 2418 duobus

86 2449 198 2503 istis,
224 2446 396 2506 Pelagio
424 2447 586 2492 scilicet
607 2455 650 2491 et
671 2445 902 2500 Coelestio,
927 2454 1002 2491 aut
1019 2446 1064 2490 in
1084 2445 1231 2489 locum
1249 2444 1471 2503 poeniten-

90 2520 161 2563 tiae
183 2516 388 2573 redactis,
413 2526 488 2565 aut
508 2518 544 2564 si
564 2518 609 2563 id
635 2517 927 2563 recusaverint
947 2516 1127 2562 omnino
1144 2514 1379 2569 damnatis,
1397 2513 1474 2571 qui
