1804 3205
437 239 517 264 rin.
556 241 583 264 i.
622 242 671 266 ni:
703 244 855 270 nuum
889 247 1026 273 cunis·
1043 249 1068 272 ι.
1364 246 1440 280 129

64 315 176 354 mur,
213 310 261 344 ut
289 315 362 345 cor
395 312 590 347 nostrum
617 321 706 364 quo
745 308 929 354 voluerit
963 312 1052 369 ipse
1083 313 1287 358 declinet.
1323 321 1442 370 Quo-

63 370 194 415 modo
228 381 289 415 est
323 388 425 431 ergo
463 375 596 431 gratia
611 410 625 430 ,
660 378 692 420 si
734 393 819 423 non
853 381 981 438 gratis
1015 381 1144 426 datur
1161 386 1178 427 ἱ)
1213 386 1444 436 Quomodo

62 450 125 485 est
158 443 308 500 gratia,
340 444 372 487 si
397 459 446 487 ex
473 445 623 490 debito
652 447 874 493 redditur?
906 454 1132 504 Quomodo
1162 470 1311 500 verum
1341 458 1446 504 dicit

63 512 325 571 Apostolus:
351 534 366 552 «
390 517 483 559 Non
513 531 562 559 ex
595 518 733 568 vobis,
765 519 836 563 sed
865 522 936 565 Dei
960 522 1125 567 donum
1157 535 1242 584 est,
1278 543 1366 572 non
1395 546 1445 574 ex

66 600 86 623 »
122 583 340 640 operibus,
381 599 435 627 ne
458 585 570 629 sorte
603 588 700 646 quis
727 588 999 636 extollatur¹P
1024 611 1042 633 υ
1073 597 1127 638 Et
1154 595 1310 641 iterum
1333 618 1341 643 :
1365 619 1384 640 «
1415 601 1447 643 si

67 672 85 693 η
122 664 265 698 autem
298 656 430 713 gratia
449 691 459 710 ‚
492 658 655 716 inquit,
683 661 772 718 jam
799 677 886 706 non
915 679 965 707 cx
993 666 1228 724 operibus,
1256 668 1447 728 alioquin

68 742 86 764 »
121 725 253 780 gratia
271 725 361 783 jam
385 741 472 770 non
496 737 557 771 est
581 730 715 785 gratia
739 735 770 773 ².
801 749 820 771 »
847 734 1100 790 Quomodo,
1127 738 1304 796 inquam
1330 774 1340 791 ,
1366 740 1448 784 hot:

63 808 212 837 verum
236 804 299 838 cst
319 830 329 849 ,
355 796 387 839 si
411 812 541 855 opera
566 808 682 843 tanta
708 802 964 859 praecedunt
985 825 995 861 3
1020 821 1119 864 quae
1140 807 1265 851 nobis
1287 808 1448 867 adipis-

62 865 212 908 cendae
246 866 393 922 gratiae
422 868 626 912 meritum
653 870 832 926 faciant,
869 889 958 932 quo
988 876 1110 919 nobis
1143 892 1232 921 non
1263 877 1451 923 donetur

63 936 267 992 gratuito,
292 935 367 979 sed
390 936 596 982 reddatur
613 955 662 983 ex
681 941 864 985 debito?
887 946 1082 1002 Ergo-ne
1102 956 1151 990 ut
1173 949 1451 1005 perveniatur

64 1003 119 1047 ad
141 1005 404 1064 adjutorium
427 1007 524 1060 Dei,
550 1008 605 1052 ad
628 1012 763 1054 Deum
787 1012 978 1057 curritur
995 1015 1086 1058 sine
1106 1014 1323 1075 adjutorio
1342 1020 1417 1063 Dei
1439 1041 1448 1077 3

62 1083 106 1118 et
122 1083 172 1119 ut
190 1078 278 1120 Deo
295 1076 564 1122 adhaerentes
585 1079 841 1139 adjuvemur
859 1098 883 1126 a
902 1086 990 1128 Deo
1008 1119 1018 1138 ,
1044 1101 1066 1129 a
1090 1088 1180 1130 Deo
1201 1103 1288 1132 non
1314 1089 1450 1149 adjuti

63 1147 332 1192 adhaeremus
355 1151 472 1193 Deo?
494 1149 611 1202 Quid
633 1152 797 1197 homini
824 1156 978 1214 majus,
1001 1156 1162 1215 quidve
1186 1158 1270 1203 tale
1294 1163 1453 1219 poterit

63 1218 196 1274 gratia
226 1217 316 1276 ipsa
347 1229 576 1278 praestare,
611 1222 643 1265 si
667 1224 756 1281 jam
787 1224 877 1268 sine
906 1225 978 1270 illa
1005 1243 1116 1272 unus
1137 1244 1237 1273 cum
1269 1233 1452 1276 Domino

63 1286 239 1344 spiritus
262 1288 374 1331 ellici
399 1290 570 1348 potuit,
594 1306 683 1335 non
706 1293 787 1336 nisi
808 1293 862 1337 dc
883 1296 1048 1339 arbitrii
1070 1297 1303 1343 libertate?

123 1358 262 1400 XXV.
286 1357 368 1402 Sed
384 1360 540 1403 vellem
555 1370 604 1404 ut
619 1361 699 1405 iste
712 1362 890 1419 diceret,
912 1375 1057 1410 utrum
1078 1383 1150 1411 rex
1168 1369 1237 1412 ille
1255 1372 1454 1427 Assyrius

63 1427 184 1485 cujus
216 1428 368 1472 Esther
399 1439 546 1474 sancta
579 1432 735 1475 mulier
764 1437 1044 1480 execrabatur
1069 1438 1240 1493 cubile,
1276 1442 1454 1499 quando

65 1497 318 1541 considebat
336 1499 379 1542 in
397 1500 554 1544 throno
572 1504 692 1560 regni
715 1504 796 1558 sui,
820 1514 864 1549 et
886 1508 1003 1550 omni
1025 1508 1132 1551 stola
1156 1508 1452 1556 illustrationis

64 1582 153 1610 suae
172 1567 350 1612 indutus
371 1579 484 1624 erat,
505 1579 622 1615 totus
641 1587 746 1617 auro
763 1574 949 1619 variatus
967 1575 1272 1639 lapidibusque
1288 1583 1451 1639 pretio-

65 1639 136 1692 sis,
155 1647 197 1682 et
214 1648 305 1683 erat
322 1638 628 1687 formidolosus
644 1642 771 1688 valde
788 1679 798 1698 ,
819 1654 862 1689 et
881 1645 1045 1691 elevata
1062 1646 1169 1693 facie
1184 1665 1260 1695 sua
1278 1651 1453 1698 inflam-

64 1719 179 1753 mata
202 1709 246 1753 in
268 1709 462 1756 claritate
483 1713 664 1757 intuitus
685 1724 748 1758 est
773 1730 883 1770 eam,
904 1725 1110 1777 tanquam
1136 1729 1284 1765 taurus
1303 1723 1348 1766 in
1370 1724 1454 1766 ini-

64 1789 170 1838 petu
191 1781 500 1840 indignationis
517 1799 606 1828 suae
628 1806 639 1842 3
661 1794 705 1829 et
726 1786 868 1831 timuit
886 1791 1050 1846 regina,
1076 1800 1118 1834 et
1139 1806 1372 1837 conversus
1390 1804 1453 1838 est

65 1849 185 1894 color
205 1853 295 1910 ejus
318 1868 394 1911 per
418 1853 747 1899 dissolutionem
761 1891 772 1909 ,
797 1866 839 1900 et
860 1857 1085 1903 inclinavit
1105 1875 1149 1903 se
1171 1876 1299 1920 super
1320 1874 1453 1922 caput

47 1921 263 1966 -delicatae
284 1939 395 1977 suae,
421 1940 520 1982 quae
543 1925 816 1982 praecedebat
838 1942 932 1970 eam
957 1947 965 1972 2
988 1928 1143 1973 vellem
1166 1946 1269 1990 ergo
1290 1933 1451 1978 diceret

67 1991 146 2035 iste
167 1992 308 2044 nobis,
336 2002 481 2036 utrum
507 2008 577 2036 rex
598 1994 670 2038 ille
693 1995 745 2039 ad
770 1996 1105 2057 Dominumjam
1123 2012 1388 2058 cucurrerat,
1410 2014 1452 2048 et

67 2061 121 2104 ab
144 2075 195 2105 eo
220 2076 264 2104 se
282 2062 369 2120 regi
387 2062 611 2120 cupiverat
630 2098 640 2118 ,
662 2079 872 2124 suamque
895 2067 1164 2112 voluntatem
1186 2086 1236 2113 ex
1258 2073 1350 2130 ejus
1371 2089 1451 2118 vo-

68 2130 237 2175 luntate
252 2132 550 2191 suspenderat,
571 2143 614 2178 et
633 2135 671 2178 ei
678 2136 840 2194 jugiter
853 2137 1107 2183 inhaerendo
1127 2155 1240 2185 unus
1254 2157 1352 2186 cum
1375 2144 1451 2189 illo

68 2202 241 2260 spiritus
258 2204 398 2248 tactus
414 2214 520 2259 erat,
542 2220 631 2249 non
648 2206 728 2250 nisi
746 2206 800 2250 de
817 2208 982 2252 arbitrii
999 2209 1227 2254 libertate?
1242 2222 1390 2258 utrum
1407 2231 1451 2259 se

70 2281 211 2317 totum
245 2276 332 2317 Deo
372 2274 637 2329 tradiderat,
668 2291 932 2336 omnemque
968 2294 1088 2322 suam
1118 2282 1451 2329 mortificaverat

69 2342 336 2387 voluntatem
356 2379 367 2397 ,
388 2353 430 2388 et
451 2360 525 2388 cor
541 2360 668 2389 suum
686 2346 732 2389 in
749 2361 881 2390 manu
900 2349 972 2391 Dei
989 2353 1214 2406 posuerat?
1233 2354 1344 2398 Puto
1362 2370 1448 2400 non

70 2413 264 2472 desipere
284 2448 295 2468 ,
326 2415 401 2458 sed
430 2415 613 2459 insanire
641 2417 864 2461 hominem
885 2453 895 2472 ,
929 2420 1123 2478 quisquis
1151 2421 1206 2465 de
1229 2422 1304 2468 illo
1332 2440 1447 2484 rege,

70 2483 210 2544 qualis
228 2493 332 2529 tunc
347 2494 458 2541 erat,
478 2486 573 2530 haec
593 2488 773 2531 senserit
795 2506 803 2532 :
827 2497 869 2531 et
886 2497 1031 2533 tamen
1046 2494 1259 2538 convertit
1277 2498 1390 2540 Deus
1409 2506 1450 2540 et

120 2573 129 2590 ¹
156 2566 270 2609 Ephcs.
290 2579 326 2607 ιι,
346 2568 378 2601 8.
395 2585 435 2591 -
450 2576 461 2591 ²
482 2571 570 2602 Rom.
591 2581 634 2610 xi,
654 2569 687 2602 6.
704 2588 745 2595 -
761 2568 773 2595 3
792 2572 916 2614 Esther,
938 2585 969 2614 v,
986 2574 1078 2615 juxta
1093 2577 1190 2608 Lxx.

235 2631 349 2662 CXLI.
1252 2633 1275 2669 9
