1804 3205
280 229 330 255 niz
364 228 530 255 NUPTHs
566 227 615 253 Εἰ·
646 227 764 254 couci
785 223 1015 262 vrsctwriA,
1052 225 1134 251 Liri.
1175 226 1201 251 ι.
1358 215 1441 253 ‘217

59 316 77 338 »
101 296 261 341 tatibus
283 295 444 340 nostris
465 314 473 339 ;
501 313 520 334 »
542 293 616 338 scd
630 294 769 338 donec
794 294 865 338 frat
889 302 931 337 et
945 292 1065 352 quod
1088 292 1299 351 sequitur,
1319 295 1443 347 «Qui

58 386 77 409 »
102 376 225 412 sanat
242 380 391 410 omnes
408 365 638 425 languores
661 375 783 420 tuos,
804 365 879 425 qui
901 362 1074 408 redimit
1092 363 1147 406 de
1163 363 1444 421 corruptione

56 457 75 480 »
100 440 234 483 vitam
257 440 424 490 tuam¹;
455 458 471 479 »
500 446 646 482 manet
667 437 710 480 in
733 451 913 496 corpore
936 435 1085 480 mortis
1109 434 1237 494 hujus
1260 434 1443 478 carnalis

53 509 417 568 concupiscentia.
442 510 576 568 Cujus
597 509 759 553 vitiosis
777 507 998 553 desideriis
1029 505 1084 551 ad
1107 505 1255 551 illicita
1291 521 1444 566 perpe-

55 579 206 626 tranda
230 595 317 625 non
344 579 521 625 obedire
550 580 829 639 praecipimur
848 615 858 634 ,
894 594 947 624 ne
973 586 1123 637 regnet
1146 585 1370 635 peccatum
1398 577 1442 620 in

54 660 198 696 nostro
216 651 386 695 mortali
410 655 635 710 corpore‘2.
654 653 778 704 rQuae
802 660 946 694 tamen
969 649 1316 708 concupiscentia
1338 663 1441 708 quo—

55 722 156 767 tidie
181 723 394 766 minuitur
428 723 471 766 in
499 722 826 781 proficientibus
860 731 902 766 et
935 719 1291 774 continentibus,
1323 734 1443 764 acce·
1480 735 1483 740 ¹

51 793 181 838 dente
199 794 327 838 etiam
350 802 574 838 senectute
590 792 730 838 multo
748 794 946 838 maxime.
967 792 1055 844 Qui
1071 807 1174 836 vero
1188 791 1226 834 ei
1244 791 1444 851 nequiter

49 866 265 919 serviunt,
298 874 438 909 tantas
463 865 508 908 in
535 864 594 908 eis
628 865 737 908 vires
763 864 941 923 accipit,
980 872 1030 907 ut
1060 861 1319 922 plerumque
1352 863 1444 921 jam

49 945 175 981 aetate
194 936 497 981 deficientibus
520 935 746 989 membris,
773 934 1024 994 eisdemque
1036 933 1234 992 partibus
1251 933 1444 991 corporis

49 1007 102 1051 ad
124 1006 234 1052 illud
256 1023 364 1068 opus
391 1007 555 1052 moveri
578 1007 721 1050 minus
743 1004 1012 1059 valentibus,
1036 1003 1206 1063 turpius
1227 1013 1271 1048 et
1295 1018 1442 1063 proca-

48 1079 342 1139 ¹³i113-l!t§³.?ffl9
360 1093 450 1122 non
471 1070 671 1133 desinat2j
1071 1067 1085 1099 f

107 1151 271 1192 XXIX.
308 1151 358 1192 In
386 1149 445 1192 eis
475 1163 577 1207 ergo
611 1148 685 1208 qui
722 1155 1033 1206 regenerantur
1068 1146 1112 1189 in
1147 1145 1319 1190 Christo
1341 1159 1442 1188 cum

51 1219 344 1264 remissionem
372 1219 592 1279 accipiunt
614 1233 788 1278 prorsus
811 1218 1008 1263 omnium
1037 1225 1333 1276 peccatorum,
1360 1217 1443 1260 uti-

49 1306 134 1350 que
153 1305 322 1334 necesse
340 1300 419 1345 est,
439 1301 488 1335 ut
509 1300 653 1336 reatus
671 1290 799 1334 etiam
826 1290 956 1349 liujus
977 1288 1075 1332 licet
1099 1286 1242 1331 adhue
1265 1302 1441 1331 manen-

51 1361 99 1404 tis
117 1361 477 1420 concupiscentiae
497 1361 770 1413 remittatur,
798 1369 847 1403 ut
866 1360 909 1403 in
931 1367 1178 1418 peccatum,
1204 1359 1314 1402 sieut
1333 1357 1438 1413 dixi,

48 1446 136 1475 nou
159 1432 414 1491 imputetur.
443 1434 551 1477 Nam
586 1432 697 1475 sicut
730 1445 881 1474 eorum
913 1438 1187 1489 peccatorum
1216 1444 1314 1488 qum
1352 1443 1438 1473 ma-

49 1519 150 1546 nere
171 1519 259 1548 non
282 1514 461 1562 possunt
489 1504 697 1563 quoniam
720 1518 819 1547 cum
844 1502 956 1546 fiunt
979 1510 1269 1561 praetereunt,
1298 1509 1439 1545 reatus

51 1583 191 1617 tamen
218 1583 386 1630 manet,
412 1584 454 1619 et
478 1574 558 1618 nisi
596 1574 856 1627 remittatur,
884 1573 925 1615 in
960 1581 1173 1616 aeternum
1204 1571 1398 1615 manebit
1427 1590 1435 1616 ε
1474 1596 1475 1601 =

47 1644 105 1688 sic
141 1643 303 1699 illius³‚
337 1645 514 1705 quando
538 1645 773 1689 remittitur
792 1679 804 1699 ,
847 1652 988 1687 reatus
1018 1641 1230 1687 aufertur.
1259 1644 1350 1686 Hoc
1375 1651 1439 1686 est

48 1716 180 1769 enim,
207 1730 297 1759 non
320 1716 478 1760 habere
499 1724 742 1774 peccatum,
763 1730 884 1758 reum
909 1729 998 1759 non
1017 1729 1106 1758 esse
1128 1714 1308 1773 peceati.
1329 1715 1437 1758 Nam

46 1786 78 1829 si
118 1786 349 1846 quisquam
369 1822 380 1841 ‚
405 1786 527 1830 verbi
557 1786 692 1844 gratia
713 1820 724 1839 ,
760 1784 909 1829 fecerit
944 1783 1235 1839 adulterium,
1271 1783 1438 1827 etiamsi

48 1872 272 1916 nunquam
306 1857 509 1915 deinceps
545 1855 695 1910 faciat,
723 1871 820 1899 reus
849 1864 911 1898 est
933 1854 1160 1908 adulterii,
1181 1853 1321 1898 donec
1340 1868 1437 1896 rea·

48 1937 114 1972 tus
138 1928 268 1987 ipsius
297 1926 566 1986 indulgentia
597 1927 857 1970 remittatur.
893 1926 1036 1969 Habet
1058 1940 1161 1983 ergo
1182 1933 1435 1983 peccatum3

46 1999 242 2059 quamvis
270 1997 379 2041 illud
400 1996 519 2056 quod
548 1996 719 2041 admisit
736 1998 824 2055 jam
855 2011 944 2039 non
967 1996 1043 2050 sit,
1070 1996 1171 2055 quia
1199 2009 1299 2039 cum
1323 2004 1436 2038 tem—

46 2084 149 2128 pore
175 2084 263 2129 quo
299 2069 462 2112 factum
499 2076 561 2111 est
595 2068 819 2127 praeteriit.
854 2068 962 2112 Nam
996 2066 1029 2110 si
1059 2082 1082 2110 a
1111 2065 1333 2125 peccando
1363 2064 1436 2109 de-

45 2141 214 2194 sistere,
247 2141 330 2184 hoc
353 2148 566 2184 essetnon
595 2138 758 2182 habere
775 2147 969 2197 peccata,
1002 2138 1247 2190 sufficeret,
1280 2146 1329 2181 ut
1352 2136 1435 2181 hoc

45 2226 122 2255 nos
144 2220 343 2255 moneret
372 2210 594 2269 Scriptura
618 2229 626 2254 ε
657 2229 675 2250 «
702 2209 801 2264 Fili,
822 2209 1036 2269 peccasti?
1059 2224 1148 2253 non
1171 2207 1344 2267 adjicias
1359 2208 1436 2250 ite-

49 2300 68 2321 »
95 2296 206 2325 rum.
232 2299 251 2322 »
284 2283 382 2325 Non
407 2289 553 2324 autern
584 2279 742 2323 suflicit
763 2278 837 2323 sed
866 2277 1048 2333 addidit,
1074 2297 1092 2319 «
1115 2287 1156 2322 et
1175 2277 1228 2321 de
1246 2278 1436 2336 pristinis

50 2370 69 2392 »
96 2351 344 2410 deprecare,
361 2360 413 2396 ut
430 2351 507 2395 tibi
535 2350 858 2394 remittantur⁴.
889 2367 908 2390 »
933 2352 1113 2393 Manent
1130 2363 1256 2407 ergo,
1273 2346 1353 2391 nisi
1374 2363 1435 2392 re-

47 2423 289 2467 mittantur.
319 2423 401 2467 Sed
423 2422 645 2481 quomodo
679 2429 885 2474 manent,
911 2421 943 2463 si
962 2420 1176 2479 praeterita
1205 2428 1330 2476 sunt,
1355 2419 1435 2463 nisi

113 2523 203 2555 ῬεαΙ.
223 2534 273 2563 cn,
294 2523 323 2556 3,
345 2541 383 2549 ι-
402 2522 413 2545 ³·
436 2525 527 2555 Rom.
551 2534 595 2559 vr.
622 2531 670 2555 12.
689 2539 724 2545 -·
742 2521 754 2543 3
773 2520 926 2554 Subandi
938 2522 1215 2565 concupiscentiae.
1235 2540 1269 2545 --
1292 2521 1306 2551 4
1326 2521 1433 2552 Eccle.

47 2589 124 2620 xxi,
157 2587 210 2612 ρο.
