1804 3205
280 220 330 244 nxz
367 221 530 246 Ntv't'ttf·
566 221 614 245 Εἰ·
647 222 764 246 colvm
787 219 1015 255 i·1st.1·:tx''rtA,
1055 220 1132 244 ι.ιιι.
1174 222 1216 244 ιι.
1364 209 1442 245 277

60 294 180 343 perat
204 303 211 328 2
234 285 319 327 imo
351 285 447 342 ipsis
472 286 627 328 abditis
649 286 879 328 visceribus
903 295 943 328 et
968 285 1123 338 nervis,
1145 285 1304 344 quibus
1330 286 1442 328 idem

59 356 214 398 humor
240 356 503 407 continetur,
534 357 768 413 imperatur
801 365 846 398 ut
875 370 969 398 eum
993 354 1236 414 propellant
1256 391 1266 407 ,
1300 357 1444 413 expri-

58 434 193 479 mant,
210 426 455 485 ‹=jiciant,et
473 428 504 469 si
523 429 679 469 sanitas
705 428 840 480 adest,
867 427 958 470 sine
976 426 1235 470 difficultate
1253 427 1446 470 serviunt

57 496 285 540 voluntati.
321 500 494 550 Quanto
534 513 637 554 ergo
669 497 834 541 facilius
865 508 995 558 atque
1033 498 1309 556 tranquillius
1340 498 1445 541 obe-

54 567 274 611 dientibus
290 567 551 626 genitalibus
563 569 754 627 eorporis
773 570 966 627 partibus
979 578 1020 612 et
1037 570 1175 627 ipsum
1197 569 1444 612 membrum

58 640 349 697 porrigeretur
371 674 382 688 .,
418 650 460 683 et
491 641 620 683 bomo
649 641 935 684 seminaretur
957 676 966 693 ‚
992 641 1069 684 nisi
1093 641 1342 684 hominibus
1367 639 1446 683 illis
1466 683 1471 696 r,

60 711 408 754 inobedientibus
445 712 739 755 membrorum
776 713 953 756 istorum
996 711 1290 765 inobedientia
1315 712 1447 770 '‘justo

54 780 539 840 supplicidjredderetur
555 785 572 825 P
595 783 723 836 Quod
742 781 1003 842 supplicium
1020 783 1123 826 casti
1141 783 1351 835 sentiunt,
1373 783 1447 841 qui

56 851 204 910 procul
224 841 360 895 dubio
385 851 579 905 mallent,
606 855 637 896 si
665 863 852 912 possent,
874 853 1058 912 jubente
1075 852 1302 896 voluntate
1318 867 1470 912 quam<

54 923 274 980 pruriente
303 922 526 982 voluptate
556 925 664 967 tilios
696 925 920 967 seminare.
949 922 1170 984 lmmundi
1193 932 1338 966 autem
1371 923 1448 981 qui

55 1002 227 1051 propter
266 995 392 1038 istum
425 994 653 1044 morbum,
685 1010 773 1038 non
802 994 942 1038 solum
978 994 1244 1051 meretrices,
1272 1007 1450 1036 verum-

52 1065 178 1108 etiam
207 1067 412 1128 goiijuges
441 1074 610 1119 amant,
645 1065 699 1108 de
733 1067 813 1109 boe
842 1063 1055 1124 supplicio
1085 1065 1224 1108 earnis
1254 1065 1449 1122 graviore

51 1128 271 1194 supplicio
285 1137 440 1180 mentis
461 1136 673 1180 exultant.

113 1209 224 1249 LIV.
271 1207 393 1250 Absit
428 1223 530 1265 ergo
566 1218 612 1250 ut
651 1208 845 1251 dicamus
869 1242 878 1260 ‚
918 1206 1038 1266 quod
1079 1222 1156 1251 nos
1194 1207 1337 1250 dicere
1370 1207 1448 1251 iste

50 1278 288 1335 contingit,
323 1297 341 1318 (ι
368 1279 445 1322 ista
477 1279 680 1336 conjugia
708 1294 807 1338 quie
832 1294 947 1322 nunc
972 1286 1162 1336 aguntur
1183 1313 1193 1331 ,
1220 1294 1241 1320 a
1270 1276 1447 1321 diabolo

52 1349 239 1390 inventa.
270 1366 288 1387 »
313 1348 608 1407 l'rorsusipsse
632 1359 733 1391 sunt
756 1349 920 1406 nuptiae
939 1384 948 1402 ,
975 1364 1081 1407 quas
1107 1349 1160 1391 ab
1186 1348 1310 1391 initio
1338 1351 1448 1391 Deus

50 1418 250 1461 instituit.
280 1421 371 1463 Hoc
395 1420 508 1462 enim
532 1420 695 1462 bonum
718 1434 845 1462 suum
869 1418 923 1462 ad
949 1419 1178 1463 hominum
1202 1418 1444 1475 generatio·
1479 1455 1481 1460 .

50 1504 148 1532 nem
180 1490 426 1533 institutum
450 1490 578 1534 etiam
601 1489 816 1533 danmatis
838 1489 1090 1533 hominibus
1121 1505 1208 1533 non
1233 1488 1447 1542 detraxit,
1479 1495 1486 1503 ”’
1539 1494 1541 1497 ’
1580 1487 1582 1493 ’

49 1560 207 1620 quibus
224 1576 311 1605 non
329 1561 514 1605 detraxit
532 1562 659 1605 etiam
694 1576 843 1605 sensus
856 1562 994 1604 carnis
1023 1570 1065 1604 et
1097 1562 1317 1614 membra,
1343 1575 1448 1619 pro-

49 1629 120 1674 cul
156 1630 290 1674 dubio
316 1647 495 1675 munera
518 1647 610 1686 sua,
648 1632 845 1689 quamvis
863 1632 952 1690 jam
985 1631 1133 1674 debita
1171 1632 1477 1676 damnationes

50 1702 271 1746 moritura.
298 1705 418 1756 Istae,
443 1703 644 1762 inquam,
665 1711 768 1746 sunt
790 1702 954 1760 nuptiae
970 1737 980 1754 ‚
1008 1701 1062 1745 de
1091 1702 1252 1761 quibus
1279 1701 1445 1746 dictum

49 1783 134 1827 est,
160 1775 372 1832 (excepto
395 1773 515 1831 quod
540 1774 608 1816 hic
632 1773 865 1829 figuratum
892 1781 954 1814 est
988 1787 1147 1830 magno
1179 1771 1254 1816 illo
1287 1772 1449 1816 Christi

49 1852 91 1887 et
123 1843 324 1887 Ecclesiae
353 1847 662 1899 sacramento)
695 1863 702 1887 ι
740 1863 758 1884 «
793 1846 1023 1901 Propterea
1057 1843 1274 1902 relinquet
1311 1844 1444 1887 homo

54 1933 72 1955 u
93 1923 257 1972 patrem
277 1924 320 1957 et
336 1923 535 1968 matrem,
558 1922 601 1956 et
625 1913 865 1957 adhaerebit
884 1913 1004 1957 uxori
1020 1928 1124 1966 suae,
1142 1922 1184 1955 et
1207 1922 1336 1956 erunt
1358 1914 1448 1958 duo

55 1986 278 2028 »incarne
303 2000 388 2028 una
411 1987 438 2027 ¹.
471 2004 488 2023 »
517 1986 608 2027 Hoc
630 1984 745 2027 enim
769 1992 869 2027 ante
894 1992 1119 2042 peccatum
1146 1982 1310 2027 dictum
1341 1993 1405 2027 est
1432 2003 1443 2030 2

31 2065 93 2100 >et
114 2057 147 2099 si
171 2071 299 2100 nemo
325 2066 564 2114 peccasset,
590 2056 682 2098 sine
716 2054 918 2113 pudenda
954 2054 1134 2098 libidine
1163 2064 1306 2113 posset
1334 2056 1441 2099 fieri.

50 2129 107 2169 Et
125 2141 242 2170 nunc
258 2126 454 2184 quamvis
471 2126 562 2169 sine
577 2123 651 2168 illa
671 2140 760 2168 non
779 2125 853 2168 fiat
872 2125 916 2168 in
932 2140 1113 2184 corpore
1132 2126 1280 2169 mortis
1298 2126 1441 2184 liujus,

53 2198 194 2256 ipsum
219 2206 283 2240 est
306 2206 450 2240 tamen
473 2195 593 2255 quod
615 2211 704 2239 non
726 2205 862 2239 cessat
876 2196 983 2251 fleri,
1007 2206 1054 2239 ut
1070 2195 1289 2239 adhaereat
1311 2196 1445 2241 homo

53 2268 174 2312 uxori
205 2283 294 2312 suae
310 2303 320 2321 ,
348 2277 391 2311 et
412 2268 497 2311 sint
519 2266 608 2311 du'o
630 2267 673 2309 in
694 2282 823 2310 earne
840 2282 930 2310 sua.
953 2267 1248 2319 Quamobrem
1272 2267 1348 2310 etsi
1374 2266 1444 2310 di-

53 2338 183 2391 citur,
203 2353 322 2382 nunc
340 2338 442 2381 alias
463 2353 552 2382 esse
570 2336 759 2395 nuptias,
776 2335 878 2380 alias
901 2351 1002 2380 vero
1018 2337 1051 2380 si
1075 2351 1204 2381 nemo
1226 2347 1444 2396 peccasset

54 2423 144 2452 esse
166 2408 371 2467 potuisse,
394 2424 481 2452 non
499 2406 739 2452 secundum
761 2422 909 2450 earum
934 2416 1131 2451 naturam
1152 2441 1163 2460 ‚
1192 2406 1266 2451 sed
1285 2422 1442 2451 secun-

57 2479 160 2522 dum
185 2478 418 2538 quamdam
447 2480 489 2522 in
529 2478 718 2522 deterius
751 2487 958 2522 mutatam
989 2478 1150 2522 dicitur
1168 2479 1438 2538 qualitatem.

109 2559 114 2573 ¹
138 2554 217 2585 Gen.
236 2564 272 2591 ιι,
291 2553 342 2594 '²4-
