1804 3205
538 238 590 266 oz
623 240 763 268 ansus
795 241 980 270 ruffin.
1402 240 1454 277 97

75 299 156 343 boc
174 299 340 359 judicio
370 303 554 360 quaestio
584 305 698 360 suit,
727 309 849 367 quasi
877 309 1101 369 judicibus
1127 312 1256 356 ctiam
1295 313 1349 357 de
1374 316 1457 360 hoc

71 369 205 414 verbo
246 369 478 430 placuerit,
519 383 563 419 et
602 377 783 434 gratiam
818 380 892 422 Dei
936 381 1104 438 posuit,
1145 398 1276 442 quam
1317 387 1458 429 conli-

73 440 204 484 tendo
247 450 290 485 et
324 441 526 489 addendo
549 479 560 499 ,
605 461 782 505 poenam
824 449 1123 496 ecclesiasticae
1169 453 1461 500 damnationis

69 510 219 554 evasit.

132 583 267 625 LVII.
290 585 364 627 Est
387 593 429 628 et
451 584 570 629 aliud
596 588 715 646 quod
738 588 862 634 silere
892 607 979 635 non
1000 593 1155 638 debeo.
1186 598 1235 638 ln
1265 596 1462 640 chartula

71 650 334 696 defensionis
354 668 459 708 suae,
485 671 616 714 quam
647 658 751 702 mibi
782 674 856 718 per
883 661 1120 720 quemdam
1144 665 1336 709 Charum
1362 682 1461 711 nos-

73 731 186 766 trum
213 724 538 783 Hipponensem
562 728 721 783 civem,
748 730 1005 776 orientalem
1028 744 1174 778 autem
1207 737 1457 793 diaconum,

72 794 209 847 misit,
231 795 334 840 fecit
367 796 559 856 aliquid,
593 801 713 859 quod
743 801 866 846 aliter
896 820 940 847 se
970 805 1148 860 habeat,
1183 822 1313 866 quam
1334 809 1461 866 gestis

71 865 388 923 episcopalibus
402 868 664 914 continetur.
684 871 813 924 Quod
831 883 978 918 autem
995 875 1161 919 habent
1180 886 1314 934 gesta,
1332 876 1462 935 longe

70 933 223 978 melius
241 945 306 980 est
329 952 378 981 ac
401 938 581 993 firmius,
614 950 655 984 et
689 943 868 986 omnino
891 944 1119 988 enodatius
1146 961 1225 1004 pro
1248 946 1461 991 catholica

68 1005 249 1050 veritate
267 1017 418 1052 contra
446 1008 561 1053 illius
582 1010 753 1055 haeresis
771 1022 951 1071 pestem.
978 1017 1084 1059 Nam
1103 1050 1114 1070 ,
1141 1031 1241 1060 cum
1259 1017 1457 1062 eamdem

66 1076 308 1121 chartulam
331 1078 519 1138 legerem
538 1115 548 1135 ‚
576 1083 693 1141 prius
713 1099 845 1142 quam
872 1085 927 1128 ad
954 1101 1031 1130 nos
1063 1096 1182 1145 gesta
1207 1089 1456 1143 venissent,

67 1148 312 1192 nesciebam
331 1165 379 1194 ea
397 1151 486 1209 ipsa
503 1153 636 1197 verba
658 1155 849 1212 posuisse
867 1190 877 1211 ,
900 1157 1061 1216 quibus
1075 1193 1085 1213 ‚
1110 1174 1212 1203 cum
1233 1160 1312 1203 sibi
1331 1160 1457 1204 ades-

67 1227 146 1272 set,
167 1235 268 1264 usus
286 1230 349 1265 est
372 1222 594 1282 injudicio
615 1243 622 1268 :
642 1240 780 1284 pauca
803 1227 936 1283 enim,
956 1237 998 1273 et
1012 1244 1103 1274 non
1122 1230 1314 1274 multum
1332 1231 1459 1275 aliter

67 1304 111 1333 se
130 1290 294 1335 habent
310 1326 320 1346 ,
337 1292 392 1336 de
409 1293 570 1352 quibus
587 1310 676 1339 non
695 1297 822 1340 nimis
839 1313 959 1342 curo.
981 1299 1162 1345 Moleste
1180 1310 1324 1345 autem
1342 1302 1459 1346 fere-

66 1359 185 1415 bam,
197 1361 316 1420 quod
332 1362 576 1422 aliquarum
592 1368 905 1412 sententiarum
919 1370 1128 1427 Coelestii,
1142 1388 1248 1430 quas
1258 1387 1356 1416 eum
1369 1388 1456 1431 ges-

66 1430 118 1474 tis
141 1432 521 1479 anathematizasse
543 1437 821 1495 perspicuum
840 1448 919 1493 est,
941 1442 1455 1486 servassesibidefensio-

65 1515 182 1556 nem,
201 1511 342 1560 potest
359 1504 511 1548 videri.
525 1507 634 1551 Nam
651 1521 797 1551 earum
815 1509 1023 1568 quasdam
1042 1526 1139 1555 suas
1158 1513 1332 1571 negavit
1348 1528 1452 1568 esse,

65 1571 212 1616 dicens
235 1574 560 1630 tantummodo,
587 1595 606 1618 «
631 1592 710 1636 pro
742 1579 800 1623 eis
823 1594 913 1624 non
936 1595 979 1624 se
1007 1580 1167 1626 debere
1195 1582 1454 1628 satisfactio-

64 1656 164 1686 nem
194 1661 202 1687 :
232 1661 251 1684 »
277 1645 640 1691 anathematizare
661 1657 808 1692 autem
830 1650 874 1693 in
894 1650 1043 1695 eadem
1072 1653 1271 1698 chartula
1295 1654 1452 1708 noluit,

64 1728 164 1772 quae
177 1723 299 1759 sunt:
316 1715 487 1760 «Adam
504 1717 726 1762 mortalem
742 1734 832 1763 esse
842 1718 1022 1777 factum,
1040 1723 1117 1782 qui
1132 1723 1221 1768 sive
1236 1733 1450 1783 peccaret,

64 1783 151 1827 sive
173 1799 261 1828 non
283 1796 498 1844 peccaret,
525 1796 634 1832 esset
664 1790 915 1835 moriturus.
941 1793 1072 1845 Quod
1097 1803 1326 1852 peccatum
1346 1795 1454 1839 Adae

63 1852 202 1898 solum
219 1855 361 1914 ipsum
384 1858 596 1910 nocuerit,
622 1868 665 1902 et
683 1875 770 1902 non
798 1875 933 1918 genus
961 1862 1216 1906 humanum.
1239 1865 1367 1916 Quod
1385 1865 1453 1908 lex

62 1923 121 1967 sic
138 1924 282 1968 mittat
313 1926 367 1968 ad
393 1941 573 1984 rognum
593 1927 833 1985 coelorum3
855 1930 1227 1988 quemadmodum
1246 1942 1288 1977 et
1311 1937 1452 1978 Evan-

61 1993 380 2051 gelium.Quod
403 1995 592 2040 infantes
611 2012 750 2055 nuper
773 1999 922 2042 natiin
942 1999 1018 2044 illo
1037 2010 1153 2045 statu
1175 2002 1275 2057 sint,
1299 2003 1449 2062 inquo

62 2063 148 2108 fuit
170 2063 308 2108 Adam
326 2074 425 2109 ante
451 2067 864 2124 praevaricationem.
892 2069 1019 2122 Quod
1052 2086 1194 2130 neque
1226 2087 1302 2131 per
1331 2089 1450 2118 mor-

63 2142 150 2177 tem
164 2137 231 2178 vel
253 2135 652 2194 praevaricationem
670 2137 778 2181 Adae
792 2153 921 2182 omne
945 2154 1079 2198 genus
1097 2142 1340 2187 humanum
1355 2159 1450 2189 mo-

64 2205 214 2260 riatur,
239 2220 382 2265 neque
400 2221 475 2265 per
497 2209 858 2253 resurrectionem
876 2210 1034 2254 Christi
1058 2226 1187 2256 omne
1213 2229 1348 2272 genus
1371 2215 1449 2258 hu-

63 2289 242 2318 manum
284 2286 492 2334 resurgat.
532 2276 747 2332 Infantes,
784 2279 912 2323 etiam
947 2280 981 2324 si
1013 2296 1102 2324 non
1144 2282 1444 2341 baptizentur,

63 2345 222 2390 habere
245 2346 379 2391 vitam
413 2357 634 2392 aeternam.
676 2350 834 2394 Divites
869 2350 1122 2410 baptizatos,
1145 2354 1223 2398 nisi
1247 2356 1449 2400 omnibus

64 2416 489 2473 abrenuntiaverint,
517 2420 549 2462 si
580 2419 688 2478 quid
717 2420 819 2464 boni
837 2421 1042 2465 videntur
1063 2422 1221 2478 facere,
1255 2441 1346 2469 non
1368 2425 1449 2469 illis

66 2488 271 2544 reputari,
290 2503 432 2547 neque
447 2489 672 2533 habituros
692 2489 785 2534 illos
805 2506 986 2548 regnum
1002 2492 1233 2538 coelorum.
1254 2514 1272 2535 »
1290 2495 1354 2539 Ad
1370 2496 1446 2538 ista

65 2557 226 2615 quippe
254 2557 296 2600 in
320 2558 515 2602 chartula
541 2557 613 2602 illa
635 2559 694 2603 ita
719 2560 941 2618 respondit
966 2580 975 2605 :
1004 2564 1105 2606 Haec
1128 2564 1273 2607 omnia
1291 2579 1447 2608 secun-

252 2638 366 2669 chi.
1239 2635 1261 2671 7
