1804 3205
387 218 468 244 ιιι).
507 218 551 245 ιι.
593 218 643 245 oz
677 217 855 245 racemo
880 215 1117 243 oninium.
1367 204 1443 243 155

59 297 214 341 genera
241 282 384 328 facere
413 282 663 336 videamur,
689 291 731 326 ct
760 282 841 328 boc
863 281 1126 341 praemunire
1155 283 1443 326 necessarium

57 362 135 408 est,
177 369 231 397 ne
256 369 331 413 per
365 354 556 412 mysterii
595 354 888 409 occasionem,
922 352 974 397 ad
999 352 1213 396 Creatoris
1243 352 1441 412 injuriam

57 424 222 469 malum
259 434 492 487 antequam
523 425 598 470 fiat
626 425 680 469 ab
711 425 910 479 bomine,
946 423 1057 469 tradi
1080 422 1249 468 dicatur
1278 423 1443 467 homini

56 510 133 555 per
147 504 363 541 naturam,
389 515 407 538 »
436 498 564 541 Hunc
581 511 753 541 sensum
777 511 903 541 suum
927 495 1046 541 vobis
1065 495 1230 554 aperire
1249 494 1445 553 Pelagius

55 565 123 610 vel
148 567 309 622 timuit,
335 566 402 612 vel
429 566 634 623 erubuit,
662 582 793 628 quem
824 566 1061 626 discipulus
1082 567 1174 626 ejus
1194 564 1335 625 palam
1353 564 1444 609 sine

56 635 187 682 ullius
228 636 501 682 obscuritatis
537 638 793 696 ambagibus
828 636 946 697 apud
983 635 1129 682 sedem
1163 634 1442 696 apostolicam

55 707 248 766 profiteri
269 723 350 754 nec
373 708 532 764 timuit,
558 723 638 753 nec
655 708 846 752 erubuit.

115 780 212 823 vll.
245 778 329 825 Sed
355 778 543 824 multum
572 780 811 825 misericors
834 787 1084 824 memoratae
1106 776 1217 823 sedis
1239 777 1414 822 antistes
1430 811 1440 831 ‚

53 854 130 899 ubi
159 869 260 899 eum
285 853 392 897 vidit
414 852 516 896 ferri
539 861 658 897 tanta
676 852 1015 913 praesumptione
1038 850 1321 910 praecipitem,
1349 859 1443 894 tan—

51 941 185 986 quam
207 925 442 979 furentem,
464 923 604 968 donec
627 924 657 968 si
685 932 825 983 posset
843 922 934 966 lieri
953 957 964 977 ‚
988 921 1270 981 resipisceret,
1292 919 1444 964 maluit

51 1011 152 1042 eum
175 995 333 1040 sensim
350 994 435 1038 suis
457 993 870 1053 interrogationibus
895 1002 937 1036 et
958 991 1073 1036 illius
1092 990 1441 1050 responsionibus

50 1065 278 1125 colligare,
300 1079 431 1125 quam
457 1063 650 1109 districta
672 1062 872 1108 feriendo
899 1063 1109 1107 sententia
1127 1097 1137 1117 ,
1164 1063 1208 1105 in
1230 1060 1339 1105 illud
1364 1061 1442 1105 ab·

50 1146 231 1198 ruptum
249 1171 261 1191 ‚
286 1151 374 1196 quo
392 1136 482 1195 jam
502 1135 773 1195 propendere
801 1134 1053 1189 videbatur,
1078 1132 1316 1193 impellere.
1338 1132 1441 1176 Ideo

50 1219 196 1255 autem
219 1223 308 1253 non
332 1207 435 1261 dixi,
454 1216 601 1266 aperte
629 1206 859 1261 ceciderat,
885 1205 960 1250 sed
977 1205 1247 1265 propendere
1263 1202 1443 1271 videba-

49 1291 121 1326 tur
136 1301 146 1336 3
161 1280 263 1341 quia
278 1278 475 1338 superius
488 1278 532 1322 in
547 1277 698 1322 eodem
715 1276 865 1322 libello
878 1292 956 1321 suo
972 1276 1027 1321 de
1038 1275 1290 1335 hujusmodi
1303 1289 1441 1335 quaes-

49 1351 245 1396 tionibus
263 1349 493 1394 locuturus
512 1358 612 1392 ante
635 1347 918 1407 praedixerat:
948 1367 968 1388 «
991 1347 1033 1392 Si
1058 1346 1170 1391 forte
1192 1354 1240 1390 ut
1260 1345 1441 1390 homini--

49 1423 132 1466 bus
156 1420 371 1480 quispiam
398 1419 656 1477 ignorantiae
683 1433 801 1462 error
823 1417 1038 1476 obrepsit,
1070 1425 1210 1461 vestra
1227 1415 1438 1460 sententia

49 1491 306 1549 corrigatur.
332 1508 351 1530 »

109 1564 230 1606 VIII.
265 1562 387 1605 Hanc
416 1561 507 1619 ejus
529 1559 885 1618 praelocutionem
914 1557 1174 1603 venerabilis
1208 1571 1318 1617 papa
1356 1558 1440 1601 Zo-

49 1634 186 1677 zimus
207 1641 359 1676 tenens
382 1665 393 1686 ,
424 1631 512 1690 egit
541 1645 640 1675 cum
674 1630 879 1686 homine,
917 1644 1047 1689 quc-m
1083 1627 1202 1673 falsae
1231 1626 1440 1673 doctrinae

48 1712 204 1749 ventus
225 1702 468 1756 inflaverat,
500 1710 549 1746 ut
562 1716 611 1745 ea
628 1717 728 1762 quae
744 1699 805 1744 illi
821 1717 844 1745 a
859 1699 1042 1745 diacono
1062 1698 1245 1744 Paulino
1266 1698 1440 1743 fuerant

48 1774 221 1833 obJecta
239 1772 483 1828 damnaret,
509 1780 641 1832 atque
663 1782 709 1816 ut
728 1771 840 1816 sedis
863 1771 1110 1831 apostolicae
1133 1770 1285 1816 litteris
1302 1805 1314 1825 ,
1339 1786 1439 1830 quae

49 1859 73 1888 a
94 1852 254 1887 sanctae
270 1842 492 1886 memoriae
507 1858 585 1887 suo
602 1857 861 1902 praecessore
885 1850 1194 1896 manaverant,
1226 1840 1440 1900 praeberet

49 1928 286 1960 assensum.
307 1915 365 1957 At
385 1912 458 1956 ille
480 1912 623 1957 noluit
637 1912 814 1972 quidem
831 1911 1002 1956 diaconi
1024 1912 1193 1972 objecta
1206 1910 1435 1956 damnare:

47 1983 124 2029 sed
145 1985 261 2029 beati
274 1999 397 2043 papae
421 1983 667 2028 Innocentii
689 1982 842 2028 litteris
860 1998 948 2026 non
967 1991 1031 2026 est
1052 1997 1179 2027 ausus
1201 1982 1408 2026 obsistere
1426 2002 1437 2039 3

48 2055 137 2100 imo
162 2074 183 2098 «
214 2070 259 2098 se
284 2054 431 2099 omnia
459 2069 559 2114 quae
587 2053 708 2099 sedes
730 2052 802 2098 illa
835 2053 1062 2098 damnaret
1087 2087 1098 2108 ,
1116 2051 1439 2111 gdamnaturum

48 2141 138 2170 esse
161 2125 355 2185 promisit
377 2144 385 2170 z
409 2143 429 2166 »
453 2133 585 2184 atque
604 2125 663 2169 ita
691 2123 812 2169 velut
842 2124 1118 2183 phreneticus
1133 2159 1144 2178 ‚
1170 2133 1221 2168 ut
1243 2124 1438 2184 requies·-

48 2204 180 2251 ceret,
211 2205 419 2255 tanquam
439 2194 597 2240 leniter
618 2194 752 2250 fotus,
770 2211 794 2239 a
811 2193 997 2240 vinculis
1020 2203 1166 2239 tamen
1183 2209 1438 2239 excommu-

48 2266 276 2312 nicationis
297 2265 497 2311 nondum
520 2275 583 2311 est
605 2265 796 2311 creditus
817 2281 905 2310 esse
926 2265 1173 2311 solvendus.
1197 2264 1282 2310 Sed
1303 2265 1437 2310 intem

49 2338 189 2398 posito
205 2338 397 2383 duorum
418 2338 633 2382 mensium
660 2347 866 2397 tempore,
892 2336 1033 2382 donec
1063 2336 1372 2381 rescriberetur
1388 2352 1438 2380 ex

49 2408 194 2455 Africa
214 2444 225 2464 ‚
251 2409 526 2468 resipiscendi
551 2410 590 2453 ei
612 2409 733 2454 locus
756 2409 839 2453 sub
860 2408 1051 2468 quadam
1075 2407 1322 2453 medicinali
1343 2423 1438 2453 sen-

49 2481 196 2526 tentiae
218 2480 395 2526 lenitate
416 2496 644 2526 concessus
664 2489 743 2526 est.
766 2480 981 2534 Quoniam
1004 2495 1168 2535 revera,
1188 2480 1221 2524 si
1243 2478 1438 2539 deposita

50 2551 301 2609 pervicaciae
324 2552 529 2609 vanitate,
555 2552 676 2611 quod
698 2551 952 2610 promiserat
975 2550 1106 2597 vellet
1128 2550 1368 2600 attendere,
1395 2558 1435 2593 et
