1784 3205
333 254 415 294 334
763 264 796 292 s.
832 262 1062 293 Accus'rrm
1094 264 1275 292 Emscom

331 329 555 389 Numquid
583 330 627 374 in
662 330 743 374 hac
771 344 898 374 causa
927 329 1081 373 erroris
1109 328 1357 382 audaciam,
1394 327 1706 382 temeritatem,

330 402 713 461 praesumptionem
730 401 890 444 habere
911 400 1126 460 quispiam
1143 408 1285 460 posset
1308 398 1592 458 ampliorem?
1615 402 1710 458 Ipse

330 472 586 516 sententiam
602 471 865 515 dominicam
884 470 1148 525 recordatur,
1166 471 1256 530 ipse
1273 479 1598 523 commemorat,
1620 469 1711 528 ipse

331 542 416 585 suis
438 542 590 586 litteris
618 541 876 599 interponit,
903 541 993 599 ipse
1021 539 1149 595 dicit,
1179 559 1198 581 «
1223 554 1477 600 quanquam
1500 538 1712 582 sententia

331 612 404 656 illa
426 611 671 670 principalis
693 611 898 664 obsistat,
924 612 1071 663 «Quia
1099 611 1174 671 qui
1197 626 1284 654 non
1308 619 1482 653 renatus
1504 608 1636 652 fuerit
1662 624 1712 652 ex

335 697 479 740 »aqua
492 690 536 724 et
551 681 711 739 Spiritu
722 690 885 735 sancto,
900 695 988 724 non
1000 680 1177 724 intrabit
1191 680 1235 723 in
1252 694 1431 738 regnum
1449 678 1661 723 coelorum
1672 696 1709 723 ε»

332 760 374 795 et
397 750 528 795 audet
549 760 694 795 tamen
719 767 808 795 suae
830 766 1023 795 censurae
1041 751 1183 795 levare
1203 751 1414 795 cervicem
1436 759 1587 794 contra
1615 764 1714 793 sen-

332 822 510 866 tentiam
528 822 827 880 principalem.
856 840 876 864 «
902 824 1084 877 Teneat,
1112 822 1253 881 inquit
1270 856 1281 876 ,
1306 821 1436 865 etiam
1457 835 1603 864 meum
1625 834 1715 863 non

333 892 567 936 invidentis
605 907 823 936 assensum
850 912 859 936 ;
887 910 908 933 »
931 894 1006 952 qui
1039 892 1144 936 dicit
1166 892 1330 936 animas
1352 907 1441 936 non
1472 891 1714 951 baptizato-

336 978 430 1005 rum
449 963 706 1021 temporarie
730 963 883 1007 mereri
901 962 1170 1023 paradisum:
1194 971 1370 1022 propter
1386 963 1463 1006 has
1486 962 1625 1016 enim,
1649 961 1716 1005 la-

335 1042 503 1077 tronem
538 1042 669 1092 atque
691 1033 989 1088 Dinocratem‚
1022 1043 1245 1093 tamquam
1278 1032 1623 1092 praescribendo,
1648 1031 1716 1076 vel

335 1104 480 1160 potius
505 1102 829 1162 praejudicando
855 1113 1166 1148 commemorat
1192 1123 1202 1149 :
1233 1104 1278 1146 in
1308 1103 1619 1147 resurrectione
1641 1118 1719 1146 au-

339 1180 423 1214 tem
461 1172 505 1214 in
543 1172 720 1216 meliora
762 1174 984 1216 transferri
1021 1183 1063 1216 et
1100 1174 1219 1231 regni
1247 1172 1460 1218 coelorum
1494 1173 1718 1232 percipere

336 1241 564 1299 praemium
586 1260 594 1285 :
618 1260 638 1283 «
664 1256 915 1301 quanquam
931 1243 1158 1297 sententia,
1185 1244 1349 1302 inquit,
1377 1243 1624 1302 principalis
1636 1243 1718 1286 ob-

335 1311 469 1355 sistat.
498 1328 518 1351 »
544 1314 641 1355 Jam
673 1326 773 1369 ergo
791 1312 880 1371 ipse
902 1311 1140 1367 considera,
1167 1328 1314 1372 quaeso
1332 1321 1398 1367 te,
1430 1311 1584 1368 frater,
1604 1312 1719 1372 quis·

337 1381 432 1440 quis
453 1381 639 1440 cuipiam
661 1382 827 1439 praebet
844 1397 1062 1426 assensum
1081 1381 1283 1427 adversus
1306 1383 1606 1427 auctoritatem
1627 1398 1721 1427 sen-

338 1451 485 1495 tentiae
509 1451 770 1510 principalis,
797 1468 927 1512 quam
952 1453 1208 1497 sententiam
1232 1453 1469 1497 merebitur
1491 1453 1720 1512 principis?

397 1523 540 1564 XVII.
566 1514 773 1566 'Novellos
798 1523 1022 1567 haereticos
1048 1523 1297 1581 Pelagianos
1315 1523 1545 1582 justissime
1575 1523 1722 1568 conci-

339 1590 496 1635 liorum
522 1592 834 1637 catholicorum
862 1602 906 1637 et
928 1593 1038 1637 sedis
1061 1593 1308 1652 apostolicae
1330 1593 1550 1638 damnavit
1572 1603 1722 1638 aucto-

339 1661 461 1716 ritas,
487 1677 538 1705 eo
559 1661 678 1721 quod
707 1663 798 1707 ausi
829 1663 993 1708 fuerint
1025 1679 1113 1707 non
1142 1663 1367 1722 baptizatis
1402 1664 1590 1723 parvulis
1620 1664 1722 1709 dare

339 1731 495 1790 quietis
517 1744 559 1775 et
580 1731 726 1776 salutis
743 1732 906 1788 locum,
931 1734 1061 1777 etiam
1083 1742 1239 1792 praeter
1258 1749 1440 1793 regnum
1462 1734 1718 1779 coelorum¹.

340 1802 465 1854 Quod
482 1803 572 1846 ausi
590 1818 678 1847 non
698 1803 878 1848 luissent
893 1838 904 1858 ,
925 1803 1006 1846 nisi
1023 1813 1229 1861 negarent
1247 1819 1317 1848 eos
1335 1805 1495 1856 habere
1516 1804 1723 1863 originale

342 1882 590 1930 peccatum,
611 1875 732 1934 quod
754 1891 862 1934 opus
885 1884 994 1919 esset
1012 1875 1177 1919 absolvi
1199 1891 1275 1934 per
1297 1876 1565 1935 baptismatis
1579 1891 1722 1921 sacra-

341 1953 554 1988 mentum.
586 1949 672 1990 Iste
695 1956 838 1991 autem
861 1947 972 1991 sicut
993 1946 1230 1991 catholicus
1251 1947 1378 2001 dicit,
1404 1947 1606 2007 parvulos
1638 1948 1724 1991 ori-

343 2014 473 2072 ginali
490 2017 718 2061 obstrictos
739 2033 828 2061 esse
849 2026 1046 2076 peccato,
1068 2026 1111 2061 et
1141 2027 1285 2062 tamen
1307 2033 1378 2062 eos
1395 2020 1450 2063 ab
1475 2018 1725 2079 hujusmodi

341 2085 519 2130 vinculo
540 2087 630 2131 sine
651 2088 821 2133 lavacro
850 2089 1186 2146 regenerationis
1216 2089 1401 2134 absolvit
1423 2099 1466 2134 ct
1488 2099 1586 2150 post
1608 2105 1725 2134 mor-

344 2163 431 2198 tem
459 2157 504 2199 in
530 2157 774 2215 paradisum
797 2158 1033 2203 misericors
1054 2159 1213 2215 mittit,
1251 2169 1348 2217 post
1368 2162 1724 2206 resurrectionem

344 2240 447 2269 vero
470 2226 597 2270 etiam
620 2227 663 2271 in
683 2244 867 2287 regnum
893 2229 1104 2272 coelorum
1128 2228 1446 2274 misericordior
1466 2230 1719 2275 introducit.

347 2295 458 2339 Talis
480 2297 560 2340 sibi
578 2298 681 2342 Saiil
697 2299 934 2343 misericors
950 2299 1066 2343 visus
1088 2301 1192 2353 est2,
1210 2300 1388 2358 quando
1404 2301 1596 2360 pepercit
1614 2300 1720 2359 regi,

344 2380 474 2422 quem
504 2371 616 2411 Deus
638 2370 844 2428 praecepit
867 2369 1032 2414 occidi:
1057 2368 1132 2413 sed
1151 2369 1302 2413 merito
1319 2370 1573 2415 inobediens
1596 2371 1724 2415 mise-

346 2434 544 2490 ricordia,
569 2437 636 2481 vel
651 2439 887 2483 misericors
905 2439 1195 2484 inobedientia
1216 2441 1445 2498 reprobata
1460 2451 1592 2502 atque
1608 2440 1726 2485 dam-

346 2513 446 2548 nata
468 2514 531 2550 est
557 2525 565 2550 :
592 2516 640 2551 ut
662 2519 811 2553 caveat
831 2511 984 2564 homo,
1012 2524 1066 2553 ne
1088 2508 1143 2553 ab
1174 2508 1249 2554 illo
1271 2510 1608 2557 misericordiam
1635 2525 1726 2555 me-

399 2596 406 2612 ·
426 2591 501 2624 Vide
519 2592 616 2634 Epist.
637 2604 702 2635 cxc,
716 2594 755 2626 ad
772 2597 936 2636 Optatum.
951 2612 991 2619 --
1006 2601 1018 2617 ²
1043 2606 1054 2626 1
1075 2596 1151 2636 ch.
1173 2606 1228 2636 xv,
1247 2606 1280 2637 9.
