1784 3205
301 202 356 239 96
734 206 767 236 3.
805 202 1032 235 ΑυαυείἹΜ
1068 203 1249 233 Erlscom

305 279 419 323 tione
453 284 684 329 noverant,
712 275 877 333 gratia)
902 296 913 331 3
944 289 993 317 ac
1016 271 1176 316 deinde
1204 271 1512 330 conjungeret,
1542 288 1561 312 «
1588 272 1685 314 Non

302 359 447 394 autem
465 348 672 402 diximus,
690 345 809 406 quod
824 345 1069 389 inveniatur
1086 343 1240 403 aliquis
1252 378 1262 398 ,
1280 342 1334 386 ab
1352 341 1532 385 infantia
1547 357 1685 401 usque

301 421 356 465 ad
387 429 626 473 senectam,
652 419 728 478 qui
758 432 983 477 nunquam
1021 415 1285 475 peccaverit3
1316 413 1390 457 scd
1424 413 1628 473 quoniam
1661 428 1685 456 a

300 491 487 550 peccatis
504 504 752 543 conversus,
773 488 947 547 proprio
970 487 1118 531 labore
1138 495 1181 530 et
1197 485 1273 529 Dei
1296 485 1427 542 gratia
1447 484 1579 543 possit
1596 498 1685 527 esse

301 561 392 604 sine
413 569 606 620 peccato.
631 578 650 600 »
676 558 805 612 Quod
828 558 955 602 etiam
974 573 1049 602 sua
1072 556 1284 600 sententia
1299 554 1591 608 declararunt,
1615 553 1684 596 di-

301 641 463 684 centes,
502 645 600 674 eum
636 638 751 673 recte
790 627 1057 687 respondisse
1075 662 1086 681 ,
1129 646 1148 668 «
1185 625 1407 670 hominem
1439 640 1539 669 cum
1563 624 1686 683 adju-

302 701 412 745 torio
433 700 510 744 Dei
541 710 583 743 et
614 699 747 758 gratia
770 713 894 758 posse
911 713 999 742 esse
1021 698 1111 741 sine
1134 705 1313 756 peccato
1341 715 1348 739 ε
1387 714 1406 737 »
1440 693 1547 754 quid
1566 693 1686 738 aliud

300 778 569 824 metuentes,
606 769 687 811 nisi
710 784 765 811 ne
800 769 882 811 hoc
910 766 1136 825 negando,
1174 782 1263 810 non
1298 765 1571 824 possibilitati
1605 765 1686 808 ho-

301 841 450 895 minis,
482 840 557 885 sed
596 840 677 899 ipsi
701 840 776 883 Dei
810 839 958 898 gratiae
996 837 1135 882 facere
1173 837 1425 881 viderentur
1462 835 1689 895 injuriam?

300 913 389 957 Nec
407 921 553 955 tamen
571 910 801 954 definitum
824 919 901 964 est,
929 907 1107 968 quando
1130 909 1204 951 fiat
1225 908 1356 951 homo
1386 907 1478 950 sine
1492 915 1686 965 peccato,

301 982 424 1042 quod
445 982 538 1026 fieri
556 996 680 1040 posse
703 980 938 1040 adjuvante
963 979 1037 1023 Dei
1061 980 1209 1036 gratia,
1231 977 1475 1036 judicatum
1492 987 1580 1021 est:
1601 991 1690 1020 non

302 1062 381 1108 est,
404 1053 603 1112 inquam,
629 1050 861 1095 definitum
883 1052 965 1107 (4),
991 1059 1138 1093 utrum
1158 1050 1202 1092 in
1220 1049 1301 1092 hac
1314 1063 1443 1092 carne
1461 1048 1692 1106 concupis-

302 1133 427 1167 cente
449 1124 653 1168 adversus
675 1122 890 1181 spiritum,
916 1120 1070 1174 fuerit,
1097 1119 1167 1164 vel
1182 1120 1235 1163 sit
1255 1119 1324 1163 vel
1350 1119 1523 1162 futurus
1540 1119 1593 1162 sit
1611 1117 1689 1161 ali-

302 1194 415 1251 quis,
440 1195 526 1253 jam
550 1193 716 1236 ratione
745 1201 869 1236 utens
891 1200 933 1234 et
958 1190 1194 1235 voluntatis
1221 1190 1422 1243 arbitrio,
1443 1189 1532 1233 sive
1554 1189 1599 1231 in
1614 1189 1692 1231 ista

302 1262 548 1322 fsequentia
570 1263 823 1316 hominum,
849 1263 937 1306 sive
952 1262 997 1305 in
1015 1260 1250 1305 solitudine
1272 1261 1604 1313 monachorum,
1622 1258 1693 1302 cui

303 1348 392 1376 non
426 1334 479 1377 sit
502 1334 592 1392 jam
618 1332 905 1376 necessarium
924 1366 934 1385 ,
970 1347 1058 1374 non
1087 1340 1265 1389 propter
1303 1330 1429 1384 alios,
1455 1329 1530 1373 sed
1563 1328 1692 1372 etiam

303 1404 481 1461 propter
505 1417 548 1446 se
572 1403 715 1461 ipsum
743 1401 886 1446 dicere
908 1402 954 1445 in
972 1402 1188 1455 oratione,
1223 1419 1243 1442 «
1267 1400 1444 1443 Dimitte
1467 1399 1593 1443 nobis
1614 1399 1694 1442 de-

305 1491 326 1515 »
354 1474 443 1517 bita
466 1483 611 1518 nostra
632 1476 643 1498 ¹
668 1494 676 1518 :
713 1492 731 1514 »
757 1489 812 1518 an
845 1489 946 1518 vero
976 1482 1078 1516 tunc
1107 1472 1356 1530 perficiatur
1382 1472 1465 1514 hoc
1495 1471 1660 1514 donum
1681 1504 1691 1523 ,

304 1545 482 1603 quando
513 1543 673 1588 similes
697 1546 734 1587 ei
757 1545 938 1598 erimus,
961 1544 1139 1603 quando
1163 1541 1404 1586 videbimus
1422 1557 1544 1596 eum,
1570 1540 1695 1585 sicuti

304 1617 395 1659 est²
415 1637 425 1673 3
451 1614 630 1675 quando
647 1615 842 1668 dicetur,
863 1631 951 1659 non
971 1631 992 1658 a
1012 1613 1332 1673 pugnantibus,
1362 1632 1380 1653 «
1408 1611 1547 1656 Video
1569 1610 1697 1655 aliam

308 1705 328 1728 ))
341 1686 481 1745 legem
504 1687 549 1730 in
565 1687 768 1730 membris
790 1686 894 1730 meis
910 1694 1224 1745 repugnantem
1238 1683 1323 1743 legi
1337 1683 1492 1727 mentis
1506 1684 1657 1739 meae33
1674 1700 1693 1722 »

306 1757 381 1802 sed
404 1774 424 1802 a
444 1758 838 1817 triumphantibus,
865 1776 885 1798 «
907 1758 989 1801 Ubi
1012 1766 1102 1811 est,
1129 1771 1243 1799 mors
1259 1791 1269 1809 ,
1295 1755 1473 1799 victoria
1496 1755 1597 1799 tua?
1622 1753 1698 1795 ubi

308 1847 328 1869 >›
353 1838 437 1883 est,
459 1845 574 1874 mors
592 1864 603 1884 ,
629 1828 805 1873 aculeus
824 1838 924 1872 tuus
939 1829 953 1852 4
972 1830 988 1869 ²?
1009 1846 1027 1868 »
1060 1827 1190 1880 Quod
1217 1842 1304 1870 non
1329 1827 1440 1869 inter
1463 1824 1698 1869 catholicos

307 1909 350 1943 et
380 1900 629 1956 haereticos,
655 1900 730 1944 sed
754 1901 865 1944 inter
899 1901 1009 1958 ipsos
1041 1897 1277 1942 catholicos
1312 1896 1489 1940 fortasse
1521 1895 1698 1954 pacifice

309 1970 623 2029 requirendum
645 1981 723 2014 est.

368 2041 482 2083 LVI.
509 2039 741 2092 Quomodo
762 2040 894 2095 igitur
912 2038 1029 2081 credi
1051 2045 1194 2096 potest
1212 2036 1449 2094 Pelagium,
1476 2037 1531 2090 (εἰ
1554 2044 1700 2078 tamen

310 2109 402 2152 haec
418 2108 597 2168 epistola
619 2110 708 2168 ejus
730 2111 836 2164 est,)
859 2116 901 2150 et
926 2107 1001 2150 Dei
1030 2106 1234 2163 gratiam,
1257 2120 1356 2164 quae
1380 2120 1523 2163 neque
1545 2112 1701 2148 natura

312 2188 374 2223 est
389 2195 489 2223 cum
506 2178 645 2223 libero
662 2179 854 2232 arbitrio,
872 2192 1015 2236 neque
1029 2176 1135 2235 legis
1152 2175 1344 2229 scientia,
1366 2190 1508 2234 neque
1530 2183 1699 2218 tantum

313 2250 502 2293 remissio
513 2258 807 2309 peccatorum,
821 2247 895 2291 sed
910 2262 956 2290 ea
972 2262 1071 2306 quae
1087 2246 1134 2288 in
1153 2244 1329 2303 singulis
1346 2244 1500 2288 nostris
1519 2253 1580 2288 est
1596 2243 1702 2287 acti-

312 2319 394 2363 bus
412 2319 664 2374 necessaria,
682 2319 889 2363 veraciter
904 2316 1033 2360 fuisse
1044 2314 1302 2361 confessum,
1321 2323 1364 2358 et
1377 2314 1584 2358 veraciter
1598 2328 1702 2357 ana-

313 2390 609 2433 thematizasse
630 2389 826 2448 quisquis
844 2397 994 2432 contra
1009 2387 1088 2431 ista
1110 2387 1309 2441 sentiret,
1327 2384 1503 2444 quando
1522 2385 1567 2428 in
1589 2384 1702 2442 epis—

315 2459 403 2504 tola
417 2475 493 2503 sua
512 2469 554 2503 et
569 2459 818 2503 facilitatem
836 2458 980 2518 posuit
998 2473 1086 2501 non
1104 2455 1330 2515 peccandi,
1347 2454 1400 2499 de
1413 2471 1499 2515 qua
1514 2454 1633 2497 nulla
1657 2454 1703 2496 in

367 2551 375 2567 ¹
397 2545 515 2576 Matth.
535 2554 580 2585 vi,
604 2554 654 2576 12.
672 2560 712 2567 —-
727 2550 739 2566 ²
757 2545 849 2577 Joan.
868 2554 915 2584 111,
936 2553 1018 2576 2.—
1036 2540 1049 2565 3
1064 2544 1157 2575 Rom.
1174 2551 1229 2582 vn,
1249 2541 1302 2573 23.
1317 2538 1385 2569 -4
1407 2551 1419 2572 1
1441 2542 1513 2573 Cor.
1530 2549 1582 2579 xv,
1602 2537 1654 2571 55.
