1804 3205
286 239 338 265 nr.
371 239 537 266 nimus
573 239 622 264 ππ·
654 238 1021 276 (τοΝοιφῐςςῐζΝτῐκ,
1057 239 1138 266 Lin-
1177 241 1222 265 11.
1361 229 1444 266 5220

61 306 123 350 tui
157 305 403 365 vaniloquia
444 305 631 362 reperire
650 339 659 358 ,
700 304 753 348 ad
791 320 839 349 ea
879 303 1142 364 respondere
1162 339 1172 359 ‚
1214 305 1444 363 adjuvante

62 376 258 430 Domino,
280 384 442 435 quanta
461 389 632 434 possum
657 376 837 420 veritate
860 385 902 420 et
928 375 1248 435 Scripturarum
1273 375 1443 419 divina-

62 463 157 492 rum
176 448 448 502 auctoritate,
470 448 690 506 proposui.

121 517 395 563 ll.Cliartula
410 519 478 562 cui
494 533 611 561 nune
628 518 884 577 respondeo,
911 519 994 562 hoc
1011 518 1139 562 titulo
1155 527 1443 577 praenotatur:

65 609 82 631 ι(
110 589 310 648 Capitula
333 589 387 632 (le
410 590 520 633 libro
547 590 777 648 Augustini
802 605 931 649 quem
951 590 1147 650 scripsit,
1174 600 1324 635 eontra
1349 606 1450 650 quae

60 660 114 704 tle
138 660 255 704 libris
279 676 414 719 pauca
439 661 648 719 decerpsi.
674 680 693 702 »
723 662 802 704 Hie
819 661 963 715 video,
986 676 1084 705 eum
1108 663 1183 721 qui
1207 671 1294 706 tuae
1314 677 1450 721 pries-

61 732 208 775 tantiae
224 733 300 776 ista
318 733 472 791 scripta
491 732 660 786 direxit,
677 732 731 776 de
750 733 894 776 neseio
907 733 1067 793 quibus
1086 747 1133 776 ea
1148 732 1282 787 libris,
1303 749 1447 788 eausa,

60 812 273 861 quantum
293 803 504 855 existimo,
531 802 746 846 celerioris
771 804 1075 862 responsionis,
1095 819 1148 846 ne
1168 813 1287 847 tuam
1308 804 1453 848 differ-

60 882 125 916 ret
152 874 398 917 instantiam
420 909 430 926 ‚
466 873 651 917 voluisse
684 873 930 933 decerpere.
970 875 1054 928 Qui
1088 884 1232 919 autem
1266 876 1351 918 sint
1385 876 1453 919 isti

60 942 157 986 libri
186 959 284 987 cum
315 945 578 1001 cogitarem,
605 959 676 987 eos
712 960 800 987 esse
834 944 1066 988 arbitratus
1100 959 1194 987 sum
1221 979 1231 1000 ‚
1262 960 1452 1004 quorum

60 1015 328 1058 mentionem
369 1014 566 1058 Julianus
602 1014 706 1059 fecit
740 1015 782 1058 in
818 1014 1011 1073 Epistola
1049 1017 1059 1040 ¹
1096 1030 1228 1074 quam
1267 1018 1455 1059 Romam
1474 1039 1491 1048 -ι

63 1086 176 1130 misit
197 1122 206 1139 ‚
235 1087 356 1145 eujus
379 1085 625 1145 exemplum
655 1084 784 1128 simul
807 1084 861 1129 ad
884 1101 954 1129 me
976 1101 1116 1146 usque
1137 1087 1351 1146 pervenit.
1387 1086 1454 1130 lbi

60 1156 224 1216 quippe
242 1157 299 1200 ait
314 1176 321 1201 ;
339 1175 357 1198 «
375 1156 532 1200 Dicunt
547 1156 675 1200 etiam
698 1157 812 1210 istas,
839 1172 939 1216 quae
960 1156 1090 1201 modo
1118 1167 1322 1215 aguntur,
1340 1172 1455 1216 nup-

60 1227 138 1270 tias
162 1243 183 1270 a
211 1229 296 1271 Deo
327 1227 542 1271 institutas
566 1242 654 1270 non
677 1226 807 1271 fuisse
829 1263 838 1281 ‚
867 1227 987 1287 quod
1011 1229 1056 1271 in
1085 1227 1196 1271 libro
1224 1228 1454 1286 Augustini

60 1297 234 1356 legitur,
257 1307 405 1342 eontra
422 1313 552 1357 quem
574 1312 652 1355 ego
666 1297 797 1342 modo
815 1308 1002 1356 quatuor
1023 1298 1180 1342 libellis
1201 1298 1451 1358 respondi.»

61 1367 203 1412 Credo
238 1382 287 1410 ex
321 1367 386 1411 his
415 1366 571 1411 libellis
614 1368 692 1411 ista
727 1367 930 1427 decerpta
963 1378 1065 1412 sunt
1102 1389 1109 1413 z
1153 1371 1270 1412 unde
1302 1368 1456 1412 melius

62 1438 240 1482 fortasse
260 1438 422 1492 fuerat,
440 1448 487 1482 ut
507 1438 708 1482 universo
726 1439 804 1496 ipsi
828 1440 947 1497 operi
974 1440 1087 1498 ejus,
1114 1438 1233 1497 quod
1266 1448 1456 1498 quatuor

60 1508 358 1553 voluminibus
380 1508 630 1567 explicavit,
657 1507 960 1566 redarguendo
978 1518 1020 1552 et
1042 1507 1285 1552 refellendo
1310 1517 1455 1552 nostra

58 1580 274 1624 laboraret
297 1579 480 1623 intentio
502 1601 512 1636 3
539 1579 619 1623 nisi
642 1589 684 1623 et
706 1594 787 1639 ego
818 1581 1146 1639 responsionem
1171 1579 1348 1622 differre
1372 1595 1455 1623 no-

60 1650 231 1695 luissem
253 1672 263 1708 3
289 1651 399 1695 sieut
421 1666 501 1695 nee
523 1659 570 1694 tu
597 1651 964 1695 transmissionem
993 1651 1271 1709 scriptorum,
1296 1650 1455 1710 quibus

61 1721 413 1781 respondendum
436 1730 524 1776 est,
550 1721 771 1765 distulisti.

119 1795 200 1837 ΠΙ.
230 1794 373 1837 Verba
406 1808 506 1850 ergo
536 1793 590 1836 de
621 1792 734 1836 libro
764 1807 862 1836 meo
887 1792 964 1835 tibi
988 1807 1010 1835 a
1034 1807 1104 1836 me
1130 1793 1259 1835 misso
1287 1791 1455 1850 tibique

61 1864 284 1908 notissimo
302 1864 380 1907 ista
403 1863 564 1921 posuit,
589 1878 688 1921 quae
711 1862 901 1906 refutare
917 1872 1098 1906 conatus
1117 1871 1194 1906 est.
1219 1881 1237 1903 «
1266 1865 1454 1905 Damna—

64 1944 175 1979 tores
192 1950 268 1978 nos
284 1949 374 1978 esse
395 1934 645 1993 nuptiarum
664 1934 894 1992 operisque
917 1932 1067 1987 divini,
1093 1949 1181 1992 quo
1199 1949 1249 1976 ex
1265 1933 1456 1977 maribus

62 2015 104 2049 et
128 2003 317 2049 foeminis
342 2008 454 2048 Deus
478 2005 674 2049 homines
699 2013 834 2061 creat,
852 2003 1183 2048 invidiosissime
1203 2002 1452 2048 clamitant:

62 2077 267 2135 quoniam
291 2076 474 2120 dicimus
498 2090 586 2132 eos,
608 2076 683 2135 qui
702 2075 756 2118 de
776 2075 851 2118 tali
868 2075 1175 2119 commixtione
1197 2083 1453 2129 naseuntur,

62 2146 231 2190 trahere
253 2146 463 2205 originale
484 2155 712 2204 peceatum
746 2165 757 2202 3
783 2159 943 2205 eosque
959 2180 969 2200 ,
996 2145 1050 2189 de
1068 2144 1320 2204 parentibus
1342 2160 1455 2205 qua-

61 2215 368 2276 libuscumque
405 2225 639 2260 nascantur
660 2251 670 2272 a
707 2230 795 2258 non
823 2230 1033 2274 negamus
1069 2215 1213 2259 adhue
1250 2230 1338 2258 esse
1371 2215 1454 2259 sub

62 2285 256 2344 diabolo,
281 2287 360 2331 nisi
383 2295 663 2330 renascantur
677 2287 722 2329 in
737 2286 909 2330 Christo
929 2290 961 2329 ⁶².
983 2303 1003 2326 »
1026 2289 1078 2329 In
1098 2286 1162 2329 his
1183 2285 1325 2329 verbis
1347 2286 1453 2330 meis

64 2357 359 2400 testimonium
383 2356 577 2416 Apostoli
600 2356 719 2416 quod
748 2356 987 2415 interposui
1012 2356 1310 2414 praetermisit,
1330 2357 1473 2416 eujus.

63 2441 106 2469 se
132 2427 269 2484 premi
290 2441 445 2484 magna
462 2425 577 2471 mole
599 2426 826 2470 sentiebat.
853 2429 947 2484 Ego
973 2427 1086 2469 enim
1110 2440 1209 2470 cum
1232 2425 1448 2479 dixissem,

64 2497 262 2540 homines
285 2505 409 2541 natos
432 2497 604 2540 trahere
624 2493 834 2554 originale
854 2505 1082 2555 peceatum
1111 2517 1119 2525 ·
1155 2511 1254 2540 mox
1277 2496 1360 2540 hoe
1382 2497 1449 2539 in-

1111 2533 1121 2554 7

117 2587 124 2603 ¹
146 2581 223 2613 Vide
239 2580 295 2613 lib.
320 2594 330 2614 ι
355 2583 456 2624 Opera*
476 2582 603 2625 imperf.
624 2592 695 2624 cap.
722 2581 771 2614 18.
785 2587 848 2605 -2
868 2580 947 2614 vide
965 2591 1072 2624 supra,
1091 2581 1147 2613 lib.
1168 2593 1190 2615 ι,
1210 2592 1279 2622 cap.
1303 2592 1322 2612 ι.
