1804 3205
424 236 504 262 Lm.
544 236 572 260 ¹.
610 235 662 261 DF.
695 234 847 261 GRA‘HA
881 235 1061 261 cunis'rl.
1361 230 1440 266 119

55 301 214 344 honum
230 308 309 351 ost,
327 314 457 359 quam
485 303 639 357 Legem
663 310 793 360 atque
816 300 1151 344 (loctrinainPln
1176 304 1290 359 Lego
1314 319 1438 347 nam-

50 387 135 432 que
168 380 210 415 et
240 370 437 415 doctrina
467 380 715 415 sanctarum
750 373 1070 431 Scripturarum
1100 372 1260 416 futurae
1293 374 1440 431 gloriae

50 451 181 502 atque
211 442 488 501 praemiorum
511 443 780 502 promittitur
803 441 1074 501 magnitudo.
1106 442 1175 486 Ad
1197 443 1439 488 doctrinam

50 513 236 572 pertinet
268 514 394 556 etiam
429 513 548 573 quod
582 513 790 572 sapientia
820 514 1034 557 revelatur
1057 548 1068 568 ‚
1108 513 1161 557 ad
1198 516 1441 559 doctrinam

50 583 237 642 pertinet
254 598 354 626 cum
386 583 595 627 suadetur
617 598 746 627 omne
769 583 887 643 quod
908 583 1072 627 bonum
1090 593 1167 628 est.
1190 586 1246 628 Et
1268 586 1301 628 si
1330 584 1441 630 inter

47 652 203 697 docere
225 662 267 697 et
288 653 484 707 suadere,
513 653 579 698 vel
601 655 742 713 potius
761 655 991 709 exhortari,
1015 655 1173 698 distare
1187 654 1352 715 aliquid
1371 655 1438 700 vi-

48 723 198 781 detur3
219 723 346 767 etiam
367 725 448 769 hoc
466 733 606 768 tamen
626 726 836 769 doctrinre
848 724 1126 783 generalitate
1141 726 1436 782 concluditur,

50 810 148 855 quae
169 795 421 856 quibusque
455 797 727 841 sermonibus
761 797 831 841 vel
854 796 1005 842 litteris
1026 798 1276 842 continetur
1302 817 1309 842 ε
1338 813 1438 842 nam

49 875 91 910 et
104 876 263 911 sanetae
282 867 514 927 Scripturae
528 877 570 911 et
589 868 748 913 docent
762 877 804 912 et
819 870 1118 924 exhortantur,
1135 879 1178 913 et
1197 878 1440 928 potestesse

50 937 92 980 in
109 937 310 982 docendo
328 948 370 982 et
388 939 656 984 exhortando
671 940 798 983 etiam
823 940 1008 983 hominis
1030 940 1238 998 operatio.
1256 939 1339 984 Sed
1363 955 1441 985 nos

48 1023 142 1052 eam
163 1009 341 1066 gratiam
364 1009 568 1054 volumus
589 1011 670 1054 iste
693 1009 930 1070 aliquando
946 1010 1150 1066 fateatur,
1175 1026 1261 1070 qua
1279 1010 1441 1055 futurae

47 1078 195 1138 gloriae
232 1080 490 1139 magnitudo
525 1096 613 1126 non
648 1081 788 1126 solum
820 1081 1090 1141 promittitur
1107 1117 1118 1138 ‚
1154 1083 1439 1127 verumetiam

45 1149 236 1194 creditur
266 1160 309 1195 et
335 1160 530 1211 speratur
552 1170 562 1201 3
594 1167 674 1196 nec
696 1152 837 1197 solum
875 1152 1092 1198 revelatur
1113 1154 1344 1213 sapientia,
1369 1168 1440 1198 ve-

44 1236 141 1265 rum
170 1231 213 1266 et
235 1232 435 1281 amatur3
460 1238 541 1267 nec
566 1223 708 1267 solum
735 1224 944 1268 suadetur
965 1239 1095 1268 omne
1127 1224 1248 1284 quod
1270 1225 1439 1269 bonum

44 1301 106 1336 est
130 1327 141 1348 ,
166 1308 318 1337 verum
342 1303 384 1338 et
403 1293 704 1353 persuadetur.
731 1297 828 1340 Non
851 1295 966 1338 enim
991 1295 1187 1339 omnium
1210 1303 1274 1339 est
1302 1294 1408 1338 fides
1424 1330 1434 1350 ,

41 1365 117 1423 qui
150 1365 337 1409 audiunt
364 1381 443 1424 per
468 1366 714 1426 Scripturas
748 1366 983 1410 Dominum
1006 1381 1190 1426 regnum
1224 1366 1438 1411 coelorum

41 1435 318 1494 pollicentem
338 1472 348 1492 ,
375 1447 449 1481 aut
485 1438 688 1482 omnibus
724 1438 1056 1497 persuaderetur
1079 1438 1435 1498 quibuscumque

40 1507 270 1563 suadetur,
304 1518 351 1552 ut
369 1509 546 1552 veniant
569 1508 624 1552 ad
654 1524 752 1551 eurn
783 1509 857 1568 qui
888 1507 995 1553 dicit
1028 1527 1036 1553 z
1063 1509 1259 1553 «Venite
1290 1508 1343 1553 ad
1368 1524 1438 1554 me

43 1596 64 1619 n
89 1593 239 1622 omnes
278 1578 355 1638 qui
381 1577 588 1623 laboratis
621 1582 653 1622 ².
679 1596 698 1619 n
726 1581 924 1632 Quorum
954 1587 1099 1623 autem
1126 1579 1179 1624 sit
1207 1579 1316 1624 fides
1342 1615 1352 1634 ,
1392 1589 1435 1625 et

39 1648 200 1708 quibus
219 1649 528 1708 persuadetur,
547 1658 595 1693 ut
611 1649 664 1693 ad
682 1664 782 1693 eum
797 1651 992 1705 veniant,
1013 1651 1111 1694 satis
1129 1650 1220 1709 ipse
1237 1649 1438 1694 demons-

40 1719 184 1774 travit,
211 1718 288 1763 ubi
306 1720 364 1763 ait
396 1738 404 1764 z
435 1738 455 1761 «
483 1722 622 1765 Nemo
650 1721 770 1764 venit
792 1721 845 1764 ad
861 1735 946 1776 me,
973 1720 1052 1764 nisi
1073 1723 1199 1765 Pater
1220 1721 1297 1780 qui
1319 1720 1435 1764 misit

44 1807 63 1830 »
85 1804 171 1845 me,
200 1790 376 1835 traxerit
409 1805 509 1834 eum
529 1791 560 1834 ³.
595 1809 614 1832 »
647 1793 703 1835 Et
733 1791 865 1851 paulo
887 1800 1006 1851 post,
1037 1806 1138 1836 cum
1159 1791 1214 1835 de
1231 1807 1321 1836 non
1338 1805 1434 1836 cre-

40 1860 247 1905 dentibus
276 1861 532 1921 loqueretur
559 1880 567 1906 :
603 1879 623 1902 «
652 1862 771 1916 Dixi,
795 1862 971 1922 inquit,
997 1863 1120 1907 vobis
1138 1895 1150 1917 ‚
1180 1863 1282 1922 quia
1304 1877 1433 1906 nemo

43 1951 62 1974 n
87 1942 229 1992 potest
243 1933 392 1976 venire
412 1933 467 1976 ad
489 1947 573 1988 me,
595 1933 674 1976 nisi
693 1932 825 1977 fuerit
847 1934 886 1976 ei
908 1933 1059 1977 datum
1074 1948 1096 1977 a
1113 1936 1239 1977 Patre
1254 1947 1351 1977 meo
1367 1935 1398 1976 ⁴.
1411 1951 1431 1974 «

42 2007 164 2049 Hanc
183 2003 316 2049 debet
339 2003 536 2062 Pelagius
555 2005 734 2062 gratiam
759 2005 955 2049 confiteri
977 2040 986 2060 ,
1008 2005 1040 2050 si
1061 2005 1158 2049 vult
1181 2019 1271 2057 non
1291 2004 1433 2050 solum

40 2077 184 2121 vocari
206 2111 216 2131 ‚
242 2076 525 2120 verumetiam
547 2091 637 2120 esse
665 2076 950 2121 Christianus.

99 2149 202 2191 XII.
230 2147 345 2201 Quid
363 2155 508 2191 autem
531 2145 673 2191 dicam
703 2146 758 2191 de
781 2147 1046 2193 revelatione
1068 2147 1325 2208 sapientiae?
1343 2151 1431 2195 Ne-

41 2233 128 2279 que
145 2219 260 2263 enim
281 2218 405 2263 facile
422 2219 652 2279 quisquam
671 2219 906 2279 speraverit
922 2220 967 2262 in
986 2220 1065 2263 hae
1087 2222 1174 2265 vita
1192 2235 1315 2280 posse
1333 2236 1432 2279 per-

41 2289 188 2334 venire
212 2287 267 2333 ad
290 2289 636 2347 magnitudinem
668 2288 980 2334 revelationum
1004 2289 1187 2349 apostoli
1210 2289 1332 2334 Pauli
1354 2310 1361 2335 :
1388 2299 1431 2334 et

42 2363 195 2422 utique
215 2362 261 2406 in
277 2362 335 2406 eis
358 2362 464 2422 quid
489 2361 607 2406 aliud
626 2361 894 2407 credendum
917 2371 979 2406 est
1004 2363 1041 2405 ei
1065 2361 1244 2405 revelari
1274 2362 1427 2418 solere,

44 2432 123 2476 nisi
146 2431 266 2493 quod
289 2432 343 2476 ad
365 2431 615 2491 sapientiam
641 2433 908 2492 pertineret?
928 2434 984 2478 Et
1005 2441 1151 2477 tamen
1174 2431 1305 2488 dicit,
1335 2452 1351 2473 «
1380 2436 1432 2477 ln

48 2520 68 2544 »
95 2502 395 2563 magnitudine
425 2504 737 2549 revelationum
767 2519 962 2548 mearum
985 2519 1040 2548 ne
1064 2503 1272 2559 extollar,
1305 2503 1432 2548 datus

102 2593 109 2609 ¹
137 2595 156 2618 2
178 2587 286 2619 Thess.
307 2597 355 2626 in,
375 2598 405 2619 2.
424 2605 463 2611 —
482 2595 494 2610 ²
515 2587 632 2619 Mattli.
651 2598 695 2623 xi,
716 2588 769 2620 23.
785 2605 826 2610 —
844 2586 855 2611 3
875 2590 964 2619 Joan.
986 2599 1032 2628 vr,
1057 2587 1110 2628 44.
1129 2604 1168 2610 -
1183 2587 1198 2616 4
1216 2587 1296 2619 lbid.
1316 2587 1370 2617 66.
