1804 3205
300 210 352 237 DE
386 210 552 238 merus
585 211 637 237 E'l·
668 208 1037 246 coNcl'PISCENTlA,
1075 208 1157 235 12113.
1197 210 1243 235 11.
1380 197 1463 234 233

81 285 225 322 autem
245 276 303 319 ita
326 290 417 319 sese
436 276 586 319 habet¹
606 295 644 321 z«
659 279 878 330 Doctores,
897 274 1054 334 inquit,
1082 274 1217 317 nostri
1237 276 1462 332 temporis,

82 348 212 392 frater
232 346 489 400 beatissime,
514 355 557 389 et
579 346 753 390 nefariae,
777 360 875 404 quse
898 344 1042 389 adhuc
1066 344 1220 398 fervet,
1245 344 1467 388 seditionis

80 427 275 462 auctores
292 452 303 472 ‚
327 417 380 462 ad
405 419 656 472 hominum,
682 432 867 477 quorum
892 417 1048 461 sanctis
1070 415 1224 460 studiis
1249 424 1462 470 uruntur,

79 487 366 533 contumelias
398 497 439 533 et
474 488 648 532 exitium
689 487 975 531 decreverunt
1012 501 1089 546 per
1128 487 1296 530 ruinam
1337 487 1468 530 totius

80 559 282 604 Ecclesiae
304 559 529 617 pervenire
557 578 564 602 :
599 573 685 602 non
724 558 1013 616 intelligentes
1035 567 1250 618 quantum
1273 558 1339 601 his
1361 571 1469 601 eon-

70 630 258 674 tulerint
293 630 490 684 lionoris,
519 645 708 689 quorum
733 630 1018 673 ostenderunt
1049 629 1230 688 gloriam
1261 629 1339 672 nisi
1369 643 1468 671 cum

79 699 291 744 catholica
315 700 524 758 religione
547 715 635 744 non
660 700 846 759 potuisse
864 699 1066 744 convelli.
1095 702 1201 744 Nam
1222 700 1254 743 si
1277 700 1372 758 quis
1396 708 1471 742 aut

80 769 266 814 liberum
289 770 334 813 in
365 770 616 814 hominibus
636 771 862 814 arbitrium
882 806 892 824 ‚
922 780 996 814 aut
1026 773 1163 814 Deum
1185 785 1274 814 esse
1296 784 1470 814 nascen-

79 840 188 884 tium
212 840 483 884 conditorem
507 841 676 895 dixerit,
694 841 982 885 Coelestianus
1004 850 1047 884 et
1072 840 1329 898 l’elagianus
1342 854 1471 883 voca-

80 922 164 957 tur.
190 914 254 956 Ne
276 912 407 969 igitur
420 922 630 957 vocentur
653 913 860 965 haeretici,
890 912 1000 954 liunt
1019 912 1247 955 Manichaei
1268 932 1278 967 3
1304 920 1346 954 et
1365 911 1470 953 dum

80 983 229 1027 falsam
249 993 456 1027 verentur
472 983 712 1036 infamiam,
726 998 876 1026 verum
894 982 1056 1026 crimen
1070 983 1322 1039 incurr'unt3
1339 982 1473 1025 instar

79 1053 284 1108 ferarum,
310 1070 408 1114 quae
431 1053 759 1098 circumdantur
780 1054 938 1112 pinnis,
960 1062 1009 1097 ut
1031 1062 1247 1111 cogantur
1269 1053 1314 1096 in
1337 1052 1470 1109 retia3

78 1125 236 1185 quibus
258 1126 466 1184 quoniam
495 1124 616 1169 deest
638 1125 746 1169 ratio
766 1159 777 1181 ,
801 1125 845 1168 iu
873 1138 1026 1168 verum
1049 1124 1226 1168 exitium
1249 1138 1359 1167 vana
1383 1122 1473 1167 sor-

79 1195 241 1239 midine
256 1196 600 1240 contruduntur.
620 1215 640 1238 »

139 1268 262 1310 VIII.
290 1269 386 1311 Non
410 1276 473 1311 est
495 1268 553 1310 ita
584 1276 632 1311 ut
655 1267 867 1326 loqueris,
895 1266 1165 1325 quicumque
1188 1266 1266 1308 ista
1291 1264 1434 1307 dixisti
1458 1284 1469 1320 3

79 1352 167 1380 non
201 1346 264 1380 est
281 1338 339 1381 ita
368 1357 375 1381 ε
403 1337 592 1381 multum
624 1337 783 1381 falleris
804 1372 814 1391 ,
840 1336 908 1381 vel
926 1336 1076 1380 fallere
1104 1336 1356 1380 meditaris:
1384 1350 1472 1378 non

80 1406 498 1467 liberum'negamus
531 1408 758 1451 arbitrium
787 1429 796 1463 3
825 1407 924 1462 sed,
955 1427 973 1449 «
995 1408 1045 1452 .Si
1062 1422 1137 1451 vos
1157 1405 1290 1450 Filius
1314 1405 1472 1449 libera·

82 1496 101 1518 »
128 1479 238 1521 verit
258 1513 268 1532 ‚
294 1479 352 1521 ait
374 1479 539 1522 Veritas
557 1513 567 1532 ‚
596 1487 702 1522 tunc
724 1494 822 1522 vere
845 1478 969 1521 liberi
1003 1478 1119 1522 eritis
1143 1479 1174 1520 3.
1200 1495 1219 1518 n
1244 1479 1372 1521 Hunc
1396 1491 1472 1521 vos

78 1548 278 1591 invidetis
317 1547 593 1592 liberatorem
621 1583 632 1602 ,
671 1548 834 1607 quibus
873 1548 1053 1606 captivis
1088 1562 1244 1592 vanam
1280 1546 1470 1590 tribuitis

78 1619 339 1664 libertatem.
369 1638 388 1660 «
417 1623 453 1664 A
483 1635 571 1679 quo
607 1621 723 1664 enim
746 1622 842 1680 quis
874 1619 1071 1664 devictus
1099 1628 1187 1673 est,
1226 1619 1339 1663 sicut
1367 1618 1472 1662 dicit

83 1709 102 1731 »
131 1691 351 1749 Scriptura
368 1725 379 1745 ,
403 1691 507 1734 huic
528 1706 675 1735 servus
694 1691 893 1735 addictus
922 1699 984 1734 est
1005 1692 1021 1714 ²
1049 1709 1057 1734 :
1087 1708 1107 1730 »
1130 1704 1210 1733 nec
1239 1689 1471 1748 quisquam

81 1761 160 1804 nisi
183 1776 260 1820 per
279 1761 460 1819 gratiam
478 1761 723 1805 liberatoris
744 1762 825 1805 isto
843 1761 1024 1805 solvitur
1042 1759 1220 1805 vinculo
1234 1759 1468 1812 servitutis,

81 1845 102 1873 a
126 1846 214 1889 quo
235 1840 298 1874 est
320 1831 548 1874 hominum
573 1830 720 1873 nullus
742 1830 963 1873 immunis.
997 1849 1014 1870 α
1042 1833 1123 1872 Per
1144 1844 1282 1872 unum
1308 1828 1471 1887 quippe

85 1919 104 1940 »
126 1900 346 1945 hominem
366 1902 592 1958 peccat'um
612 1900 787 1943 intravit
804 1900 848 1942 in
871 1900 1087 1942 mundum
1109 1932 1120 1952 ‚
1145 1907 1188 1941 et
1209 1913 1285 1956 per
1313 1912 1470 1956 pecca-

85 1987 104 2010 »
127 1979 220 2014 tum
244 1985 379 2024 mors,
405 1980 447 2013 et
469 1971 527 2013 ita
556 1971 600 2013 in
623 1985 773 2013 omnes
795 1970 992 2014 homines
1015 1969 1289 2028 pertransiit,
1316 1969 1358 2011 in
1382 1983 1471 2027 quo

82 2055 231 2084 omnes
267 2049 559 2098 peccaverunt
590 2042 620 2083 ⁴.
660 2059 679 2080 »
720 2041 786 2083 Sic
825 2049 888 2083 cst
921 2054 1023 2098 ergo
1063 2042 1175 2083 Deus
1203 2038 1471 2082 nascentium

82 2109 297 2165 conditor,
316 2120 366 2154 ut
381 2125 531 2155 omnes
553 2125 603 2154 ex
622 2125 711 2154 uno
735 2120 835 2154 eant
858 2111 903 2154 in
921 2110 1347 2161 condemnationem,
1367 2124 1471 2168 quo-

84 2196 179 2224 rum
203 2196 292 2225 non
313 2180 445 2225 fuerit
463 2181 779 2224 renascentium
796 2179 1016 2225 liberator.
1039 2184 1134 2238 Ipse
1152 2181 1314 2241 quippe
1330 2179 1471 2224 dictus

83 2250 312 2308 estfigulus
332 2285 343 2305 ,
369 2265 419 2294 ex
438 2249 586 2294 eadem
611 2266 746 2294 massa
769 2249 930 2294 faciens
953 2249 1070 2293 aliud
1090 2266 1163 2294 vas
1186 2250 1230 2293 in
1261 2251 1470 2293 honorem

83 2319 321 2364 secundum
342 2320 694 2373 misericordiam,
708 2319 827 2363 aliud
846 2320 887 2362 in
905 2319 1212 2363 contumeliam
1228 2319 1469 2363 secundum

79 2390 293 2450 judicium
310 2392 323 2415 ⁵
347 2409 355 2434 :
381 2390 452 2434 cui
473 2400 618 2435 cantat
634 2390 825 2434 Ecclesia
850 2409 857 2433 :
889 2410 907 2431 α
927 2389 1264 2434 Misericordiam
1293 2399 1335 2433 ct
1351 2390 1470 2448 judi-

132 2498 141 2514 ¹
160 2493 237 2524 Vide
254 2492 310 2524 lib.
329 2504 340 2525 ι
357 2495 454 2535 Oper.
473 2493 600 2535 imperf.
621 2504 691 2535 cap.
714 2493 766 2533 73.
779 2510 818 2516 ——-
831 2499 842 2513 ²
862 2494 954 2523 Joan.
970 2503 1039 2534 vni,
1055 2492 1108 2524 36.
1126 2510 1163 2517 —
1182 2490 1195 2515 3
1216 2500 1234 2524 2
1253 2494 1340 2525 Petiu
1360 2503 1394 2532 n,
1417 2502 1466 2531 ¹9-

87 2546 154 2577 --4
174 2549 265 2579 Rom.
287 2558 321 2588 v,
345 2558 395 2580 12.
412 2546 480 2572 ——5
502 2548 546 2579 111.
569 2559 613 2588 ix,
638 2556 691 2578 21.
