1804 3205
350 263 401 288 nn
436 262 573 292 mum
607 267 659 294 ετ
692 268 788 296 mus
819 270 1015 310 orimum,
1052 273 1133 300 Lm.
1172 276 1230 303 iv.
1401 270 1479 306 371

97 337 220 369 nosse
243 328 383 384 potuit
405 332 547 376 anima
571 334 833 380 extrinsecus
856 352 933 396 per
949 338 1099 384 oculos
1116 341 1250 400 ipsius
1269 347 1482 404 corporis,

95 409 226 453 quam
251 397 508 446 intrinsecus
529 418 607 462 per
625 419 668 448 se
691 407 840 465 ipsam.
859 408 976 462 Quid
993 411 1107 455 enim
1128 422 1191 456 est
1211 413 1255 458 in
1274 415 1485 461 intestinis

93 467 304 525 corporis,
332 469 406 514 ubi
439 487 529 517 non
554 483 616 518 cst
639 476 760 534 ipsa?
788 481 842 522 Et
868 487 1013 525 tamen
1044 483 1175 528 etiam
1198 501 1387 547 quaeque
1416 489 1484 532 in-

94 543 214 580 terna
236 548 368 599 atque
389 543 536 589 vitalia
560 546 696 591 oculis
718 551 914 609 corporis
935 552 1177 613 inquisivit,
1203 565 1246 601 et
1267 558 1484 619 quidquid

91 621 141 650 ex
164 608 223 652 eis
241 608 406 656 discere
427 616 571 673 potuit
586 651 596 670 ‚
623 633 700 676 per
722 620 870 665 oculos
892 625 1083 683 corporis
1105 626 1272 672 didicit.
1295 631 1348 672 Et
1368 640 1485 675 certe

90 676 147 721 ibi
170 689 286 735 erat,
318 683 446 728 etiam
477 688 656 746 quando
683 688 755 734 illa
775 693 1006 739 nesciebat.
1032 698 1087 740 Et
1109 711 1209 741 cum
1233 697 1394 745 viscera
1412 701 1484 745 in-

91 748 301 796 trinsecus
325 764 468 800 nostra
491 771 579 802 non
603 760 767 818 possint
784 762 875 806 sine
893 765 1033 810 anima
1052 768 1194 811 vivere
1210 803 1220 823 ,
1246 768 1415 815 facilius
1433 787 1483 816 ea

89 820 233 876 potuit
254 822 395 868 anima
416 826 635 872 vivificare
651 846 782 890 quam
803 848 942 878 nosse.
966 839 1031 880 An
1057 836 1168 882 forte
1188 839 1240 882 ad
1260 841 1351 899 ejus
1374 857 1481 901 cog-

87 889 297 936 nitionem
330 894 456 941 altius
490 907 554 943 est
581 916 738 959 eorpus
769 905 860 962 ejus
882 940 892 960 ,
923 922 1054 965 quam
1084 909 1203 967 ipsa,
1245 921 1287 954 et
1321 911 1418 956 idco
1447 913 1482 957 si

87 961 192 1006 velit
224 964 445 1024 inquirere
468 978 598 1030 atque
627 973 857 1030 disserere,
893 977 1071 1036 quando
1108 995 1255 1024 semen
1293 982 1481 1028 hominis

85 1043 365 1080 convertatur
393 1038 437 1082 in
466 1042 744 1098 sanguinem,
779 1045 958 1104 quando
988 1048 1033 1090 in
1061 1048 1242 1094 solidam
1275 1067 1476 1108 carnem,

84 1105 261 1160 quando
280 1121 372 1151 ossa
388 1108 553 1165 durari,
571 1113 750 1171 quando
767 1115 974 1174 incipiant
991 1119 1221 1163 medullari
1239 1142 1249 1178 3
1267 1132 1376 1181 quot
1392 1123 1479 1169 sint

84 1186 240 1229 genera
262 1191 470 1223 venarum
494 1191 628 1241 atque
649 1199 881 1229 nervorum
902 1221 912 1240 ,
945 1188 1106 1246 quibus
1137 1189 1399 1237 discursibus
1433 1203 1478 1238 et

82 1242 350 1291 anfractibus
379 1249 630 1296 universum
658 1268 816 1313 corpus
841 1255 926 1300 illae
951 1257 1153 1317 irrigent,
1184 1260 1247 1305 illi
1272 1261 1473 1323 alligent3

80 1321 227 1358 utrum
254 1315 298 1359 in
329 1319 470 1362 nervis
501 1321 753 1381 deputanda
786 1326 841 1369 sit
873 1328 1011 1383 cutis,
1049 1339 1196 1375 utrum
1229 1333 1273 1376 in
1308 1335 1475 1380 ossibus

77 1381 254 1444 dentes,
284 1387 446 1434 distant
475 1392 614 1448 enim,
641 1395 759 1454 quod
791 1397 981 1443 medulla
1014 1411 1186 1459 carent3
1216 1413 1259 1448 et
1286 1406 1394 1464 quid
1417 1406 1473 1451 ab

79 1455 272 1517 utrisque
302 1459 508 1507 differant
546 1480 737 1524 ungues,
778 1469 986 1527 quoniam
1022 1472 1085 1515 his
1118 1472 1278 1518 duritia
1313 1477 1472 1522 similes

75 1536 198 1582 sunt,
224 1531 400 1587 praecidi
435 1543 581 1579 autem
604 1546 647 1580 et
676 1553 887 1594 crescere,
915 1556 1150 1587 commune
1172 1543 1255 1588 illis
1283 1555 1346 1589 est
1369 1563 1470 1592 cum

75 1597 260 1655 capillis,
292 1602 491 1660 quisnam
520 1606 575 1650 sit
606 1622 705 1651 usus
732 1623 969 1666 venarum,
1002 1628 1090 1657 non
1119 1616 1363 1674 sanguinis,
1393 1618 1470 1662 sed

74 1668 206 1727 aeris,
243 1686 349 1730 quas
387 1675 561 1720 arterias
598 1688 758 1723 vocant
792 1696 803 1723 .·
839 1681 934 1725 haec
968 1692 1099 1741 atquc
1129 1685 1380 1744 hujusmodi
1413 1687 1468 1732 de

72 1747 226 1785 natura
253 1746 446 1802 corporis
467 1747 533 1790 sui
556 1749 590 1791 si
616 1750 758 1794 anima
782 1766 906 1795 nosse
934 1752 1164 1810 desideret,
1194 1765 1380 1803 tunc-ne
1398 1759 1466 1804 di-

72 1809 261 1854 cendum
302 1823 365 1858 est
394 1814 583 1871 homini,
620 1838 636 1859 n
670 1819 834 1865 Altiora
866 1830 907 1865 te
936 1838 990 1866 ne
1016 1825 1264 1883 quaesieris,
1298 1837 1341 1872 et
1370 1829 1464 1873 for-

75 1899 92 1919 »
118 1880 222 1925 tiora
247 1891 289 1926 te
308 1899 362 1928 ne
385 1895 599 1932 scrutatus
623 1889 755 1934 fueris
781 1910 789 1935 :
810 1894 821 1916 ¹
847 1910 865 1931 »
892 1893 925 1936 si
953 1903 1097 1938 autern
1122 1896 1176 1940 de
1199 1913 1273 1942 sua
1296 1900 1463 1958 origine

69 1951 188 2009 quod
211 1955 347 1998 nescit
364 1956 577 2016 inquirat,
611 1975 700 2004 non
720 1970 784 2005 est
805 1962 931 2007 altius
954 1979 1099 2025 neque
1120 1965 1274 2013 fortius
1290 2005 1300 2024 ‚
1326 1986 1460 2029 quam

66 2030 117 2066 ut
144 2022 188 2067 id
207 2025 338 2082 possit
361 2030 716 2086 apprehendere?
744 2035 801 2076 Et
825 2034 1064 2080 absurdum
1087 2039 1302 2084 existimas
1326 2050 1458 2101 atque

65 2092 353 2153 incongruum
387 2100 564 2155 rationi,
595 2111 643 2145 ut
671 2104 834 2148 nesciat
861 2106 1027 2162 anima,
1060 2117 1312 2154 utrumnam
1342 2111 1456 2156 divi-

65 2164 180 2208 nitus
202 2167 418 2213 insufflata
435 2170 511 2225 sit,
538 2187 594 2214 an
611 2174 666 2216 de
690 2175 939 2232 parentibus
960 2186 1114 2233 tracta,
1140 2195 1239 2224 cum
1265 2182 1348 2225 hoc
1363 2187 1454 2242 jam

63 2237 330 2292 praeteritum
359 2255 448 2284 non
483 2242 754 2297 meminerit,
791 2254 835 2288 et
864 2246 977 2290 inter
1005 2247 1078 2290 illa
1107 2248 1288 2307 deputet
1312 2287 1322 2308 ,
1353 2268 1453 2312 quae

62 2303 427 2364 irrevocabiliter,
463 2311 575 2356 sicut
609 2312 838 2358 infantiam
859 2350 870 2369 ‚
903 2325 947 2360 et
983 2326 1138 2362 caetera
1177 2323 1358 2366 recentis
1395 2324 1450 2367 ab

63 2383 187 2420 utero
221 2378 358 2422 aetatis
390 2379 524 2425 oblita
554 2391 638 2436 est,
671 2384 705 2426 si
727 2392 873 2428 tamen
897 2401 995 2431 cum
1027 2403 1153 2433 sensu
1180 2391 1270 2449 ejus
1300 2391 1447 2452 aliquo

60 2444 224 2491 factum
242 2458 305 2492 est
321 2451 499 2510 quando
518 2450 683 2497 factum
701 2464 764 2499 est
784 2475 793 2499 :
815 2472 896 2501 nec
913 2468 1038 2516 putas
1061 2461 1300 2506 absurdum
1316 2474 1448 2523 atque

59 2515 373 2579 incongruum,
408 2531 455 2567 ut
482 2538 639 2583 corpus
672 2526 754 2570 sibi
775 2528 1002 2574 subditum
1037 2533 1219 2588 nesciat,
1253 2544 1299 2582 et
1323 2537 1445 2594 quod

109 2607 120 2623 ¹
139 2602 238 2636 Eccli.
260 2615 306 2646 ιιι,
328 2613 381 2639 22.

1164 2671 1229 2710 2⁷⁴.
