1784 3205
326 253 406 289 280
763 262 793 285 s.
832 260 869 284 Λι
889 259 932 282 αι
950 257 1059 281 &rim
1094 254 1273 280 EPISCOI‘I

322 327 553 387 Apostolus
574 362 583 380 ,
617 326 719 384 quia
752 334 792 367 et
822 324 863 365 in
895 319 1100 379 Apostolo
1121 298 1225 378 {ipsc
1259 318 1450 377 loquitur
1485 317 1696 360 Christus.

321 397 491 444 Clamat
523 405 566 440 et
587 396 692 439 dicit
714 393 768 437 de
801 397 889 436 Deo
925 394 1083 434 Patre:
1115 408 1133 430 «
1169 390 1251 442 Qui
1282 388 1457 447 proprio
1492 386 1581 430 filio
1614 400 1701 429 non

324 490 343 512 »
369 469 562 529 pepercit
581 502 591 522 ,
622 466 696 510 sed
726 480 802 524 pro
828 463 952 507 nobis
984 460 1185 506 omnibus
1208 459 1385 504 tradidit
1411 473 1510 501 eum
1535 461 1563 500 ¹.
1591 460 1703 501 Puto

320 541 440 601 quod
462 542 520 583 ita
539 539 654 582 dicat
675 536 893 581 Christum
923 532 1129 577 traditum
1155 547 1235 591 pro
1258 529 1460 574 omnibus
1490 528 1634 582 nobis,
1656 537 1705 571 ut

320 613 365 656 in
392 611 472 654 hac
510 610 634 652 causa
665 604 832 666 parvuli
865 620 954 648 non
980 611 1235 662 separentur
1263 616 1284 643 a
1316 599 1454 642 nobis.
1485 597 1567 642 Sed
1599 596 1705 657 quid

321 696 429 739 opus
465 688 527 722 est
562 679 664 723 hinc
694 685 913 733 satagere,
953 674 1070 716 unde
1102 674 1190 731 jam
1225 685 1304 714 nec
1333 670 1411 713 iste
1446 666 1703 711 contendit:

321 748 679 810 quandoquidem
693 763 781 792 non
795 745 934 790 solum
951 745 1185 788 confitetur
1199 750 1422 785 mortuum
1436 739 1567 782 fuisse
1578 738 1706 781 etiam

321 836 400 881 pro
417 819 607 879 parvulis
625 819 845 863 Christum
874 837 884 872 3
906 814 1191 859 verumetiam
1208 811 1308 855 inde
1326 826 1402 855 nos
1421 811 1576 866 arguit,
1590 808 1711 868 quod

320 891 491 936 eosdem
531 888 734 949 parvulos
770 903 862 931 reos
883 887 1068 930 dicimus
1088 920 1099 939 ,
1120 900 1199 943 pro
1228 882 1388 943 quibus
1420 889 1618 924 mortuus
1647 887 1710 922 est

321 962 516 1007 Christus
544 963 561 1004 P
599 963 695 1003 Jam
729 960 878 1017 itaque
916 955 1149 1015 Apostolus
1190 955 1265 1013 qui
1302 952 1444 1006 dixit,
1477 966 1556 1010 pro
1587 950 1713 993 nobis

325 1033 528 1077 omnibus
562 1029 770 1074 traditum
799 1028 1019 1072 Christum
1043 1062 1052 1079 ⁷
1085 1027 1200 1069 dicat
1237 1025 1365 1067 etiam
1389 1037 1523 1082 quare
1555 1021 1608 1064 sit
1635 1035 1714 1079 pro

326 1104 450 1147 nobis
476 1101 660 1144 traditus
694 1100 905 1144 Christus.
943 1118 959 1136 α
998 1096 1198 1139 Traditus
1221 1104 1310 1145 est,
1344 1093 1513 1152 inquit,
1539 1099 1716 1150 propter

329 1192 350 1215 n
375 1172 532 1216 delicta
557 1180 716 1222 nostra,
740 1180 782 1213 et
805 1169 1034 1212 resurrexit
1054 1163 1593 1225 propterjustificationem
1617 1175 1718 1204 nos—

330 1261 350 1283 »
377 1252 485 1285 tram
519 1246 549 1283 2.
576 1260 594 1281 »
625 1241 667 1284 Si
688 1241 842 1297 igitur,
869 1240 980 1281 sicut
1009 1237 1088 1280 iste
1117 1246 1158 1279 et
1187 1235 1443 1287 confitetur,
1469 1241 1512 1275 et
1539 1232 1718 1290 profite-

332 1322 399 1356 tur
417 1348 427 1366 7
454 1321 496 1354 ct
518 1311 643 1363 dicit,
669 1318 712 1353 et
729 1308 905 1367 objicit⁷
930 1308 971 1349 in
995 1307 1052 1348 eis
1071 1314 1172 1348 sunt
1201 1314 1243 1347 et
1265 1302 1434 1362 parvuli
1459 1317 1536 1360 pro
1559 1301 1718 1361 quibus

333 1383 512 1427 traditus
536 1390 597 1444 est
618 1381 831 1433 Christus,
855 1388 895 1423 ct
921 1387 1097 1436 propter
1113 1376 1271 1419 delicta
1289 1383 1434 1428 nostra
1458 1372 1641 1416 traditus
1659 1381 1722 1416 est

302 1455 509 1499 -=Chrisus
529 1448 736 1515 {jiabent
764 1449 961 1508 profecto
992 1456 1034 1491 et
1072 1445 1238 1506 parvuli
1275 1444 1432 1489 delicta
1465 1441 1689 1501 originalia
1709 1476 1720 1496 ‚

333 1540 412 1583 pro
429 1524 588 1582 quibus
611 1521 795 1565 traditus
813 1529 876 1563 est
898 1518 1097 1563 Christus
1121 1537 1128 1560 z
1150 1517 1282 1560 habet
1300 1514 1421 1575 quod
1437 1514 1480 1556 in
1503 1514 1561 1557 eis
1585 1521 1721 1566 sanet,

335 1597 409 1655 qui
429 1630 438 1648 ‚
460 1595 570 1641 sicut
589 1593 680 1651 ipse
703 1592 759 1634 ait
779 1626 787 1645 ‚
812 1605 900 1634 non
920 1598 982 1633 est
1005 1604 1113 1646 opus
1134 1587 1246 1631 sanis
1271 1585 1491 1638 medicus,
1517 1582 1592 1627 sed
1614 1582 1726 1626 male

335 1664 600 1708 habentibus
623 1663 637 1687 ³
667 1681 675 1705 ;
701 1661 834 1704 habet
868 1675 945 1704 cur
978 1673 1050 1702 eos
1082 1658 1219 1701 salvos
1256 1656 1383 1699 faciat
1404 1690 1414 1709 ,
1445 1653 1520 1714 qui
1546 1653 1727 1697 venitin

338 1735 552 1779 mundum
573 1769 583 1787 ,
609 1734 720 1777 sicut
742 1731 846 1775 dicit
869 1729 1088 1789 apostolus
1114 1726 1295 1781 Paulus,
1321 1734 1568 1785 peccatores
1590 1722 1727 1768 salvos

337 1806 477 1850 facere
505 1806 520 1829 4
543 1824 551 1848 ι
579 1805 710 1847 hahet
739 1801 858 1861 quod
886 1801 930 1844 in
964 1801 1021 1843 eis
1054 1798 1244 1842 remittat
1262 1832 1272 1851 ‚
1300 1796 1375 1855 qui
1407 1795 1661 1851 sanguinem
1685 1809 1728 1836 se

339 1876 499 1920 fudisse
514 1883 695 1918 testatur
710 1873 753 1916 in
770 1871 1063 1915 remissionem
1081 1877 1358 1928 peccatorum
1378 1864 1535 1910 :habet
1553 1872 1729 1923 propter

339 1948 460 2007 quod
489 1962 559 1990 eos
580 1954 770 2004 quaerat,
794 1943 871 2002 qui
894 1943 1033 1996 venit,
1055 1949 1104 1984 ut
1121 1939 1251 1993 dicit,
1280 1951 1477 1997 quaerere
1499 1944 1542 1978 et
1563 1933 1729 1978 salvum

344 2018 484 2061 facere
501 2016 620 2075 quod
634 2015 820 2074 perierat
834 2015 849 2039 ⁵
868 2012 1022 2056 :habet
1044 2010 1165 2070 quod
1186 2011 1230 2053 in
1249 2009 1307 2052 eis
1325 2006 1461 2051 solvat
1481 2004 1616 2049 Filius
1637 2005 1726 2059 Dei,

342 2088 417 2147 qui
442 2095 667 2145 propterea
696 2084 840 2137 venit,
875 2083 985 2126 sicut
1019 2080 1124 2124 dicit
1164 2078 1385 2138 apostolus
1426 2080 1638 2131 Joannes‚
1680 2083 1731 2118 ut

346 2158 483 2203 solvat
506 2171 636 2216 opera
652 2153 816 2198 diaboli
835 2154 865 2195 ὓ.
886 2153 998 2195 Huic
1016 2166 1118 2209 ergo
1136 2149 1418 2209 parvulorum
1437 2146 1563 2192 saluti
1585 2146 1731 2190 inimi-

324 2254 325 2257 *
345 2245 420 2273 cus
438 2237 522 2281 est,
544 2228 619 2287 qui
637 2239 785 2269 eorum
809 2224 866 2268 sic
889 2222 1035 2266 asserit
1053 2219 1344 2264 innocentiam
1359 2253 1369 2273 ‚
1388 2227 1437 2262 ut
1467 2216 1662 2261 sauciatis
1688 2225 1731 2261 et

345 2299 580 2345 vulneratis
598 2305 726 2355 neget
744 2293 1022 2338 necessariam
1038 2291 1311 2336 medicinam.

406 2372 541 2412 LVII.
588 2371 680 2411 Jam
716 2365 834 2426 quod
864 2365 1059 2425 sequitur
1090 2372 1132 2407 et
1162 2361 1392 2421 adjungit,
1419 2359 1609 2403 attende.
1639 2377 1658 2400 «
1688 2358 1729 2402 Si

350 2450 448 2484 ante
479 2446 732 2496 peccatum,
753 2437 911 2496 inquit,
937 2449 1011 2494 per
1034 2437 1173 2477 Deum
1195 2440 1384 2476 creatum
1416 2439 1479 2474 est
1512 2429 1629 2473 unde
1650 2430 1730 2473 hon

399 2549 405 2564 ¹
440 2544 528 2572 Rom.
548 2552 618 2581 vni,
641 2541 693 2571 32.
711 2556 751 2561 ——
770 2539 919 2575 2l‹1.1v‚
943 2537 996 2568 25.
1021 2553 1057 2558 —
1086 2534 1099 2557 3
1121 2535 1230 2568 Matth.
1262 2546 1304 2575 ix,
1331 2542 1380 2565 12.
1398 2532 1467 2562 -4
1498 2544 1508 2564 1
1529 2532 1607 2564 Tim.
1633 2544 1653 2569 ι,
1678 2531 1726 2562 15.

353 2616 393 2622 --
407 2597 419 2619 5
437 2599 512 2630 Luc.
538 2608 601 2637 xix,
625 2607 675 2629 ιο.
693 2613 732 2619 -κ
749 2594 763 2614 ‘3
787 2606 797 2626 1
818 2597 975 2634 Joau,111‚
996 2596 1025 2623 8.
