1804 3205
387 226 463 250 riu.
501 226 544 250 ιι.
584 225 635 250 uk:
670 226 845 252 macerie
879 225 1113 252 onnijm.
1157 204 1162 208 ⁷
1365 218 1433 254 1³7

60 290 140 333 hoc
163 291 273 333 inter
298 298 451 333 caetera
491 288 562 332 ille
596 290 847 334 rescriberet
875 293 882 315 ¹
914 309 922 334 ;
952 309 970 331 ι(
995 293 1105 335 (jum
1129 291 1242 343 sint,
1269 291 1437 350 inquit,

57 361 199 421 aliqua
223 362 266 404 in
289 361 388 420 ipsis
412 361 546 420 posita
574 362 698 419 gestis
715 396 725 415 ,
757 377 855 421 quse
877 361 1045 420 objecta
1064 397 1073 415 ,
1100 362 1256 420 partim
1282 361 1352 405 ille
1374 365 1439 405 vi-

56 432 188 476 tando
220 431 476 491 suppressit,
502 433 657 490 partim
682 432 817 474 multa
850 433 892 475 in
920 447 963 475 se
987 433 1115 476 verba
1148 433 1440 491 retorquendo

57 511 142 546 tota
163 503 425 546 obscuritate
448 501 664 556 confudit,
691 502 831 562 aliqua
862 503 995 561 magis
1027 502 1160 556 falsa,
1185 518 1315 562 quam
1341 519 1439 546 vera

54 574 218 618 ratione
237 609 248 627 ,
268 583 316 617 ut
348 574 401 617 ad
426 582 595 632 tempus
630 583 798 632 poterat
828 575 963 617 videri
1000 574 1216 633 purgavit,
1239 573 1439 632 negando

52 643 150 697 alia,
170 643 250 688 alia
269 642 370 687 falsa
389 644 742 702 interpretatione
757 643 982 687 vertendo.
1012 643 1095 688 Sed
1114 644 1299 697 utinam,
1318 643 1438 702 quod

51 715 293 774 optandum
325 715 461 774 magis
483 724 561 768 est,
583 716 671 773 jam
695 731 738 759 se
762 715 832 758 ille
855 715 908 758 ad
927 731 1070 759 veram
1090 714 1316 759 eatliolieae
1338 714 1437 758 fidei

49 785 162 829 viam
183 786 235 829 ab
255 786 328 829 illo
346 801 424 830 suo
444 801 587 829 errore
611 795 851 839 convertat,
882 795 923 829 et
947 786 1094 844 cupiat
1116 785 1307 844 velitque
1330 800 1434 843 pur-

49 857 442 915 gari‚considerans
458 857 754 916 quotidianam
777 857 848 900 Dei
869 857 1065 914 gratiam,
1084 856 1437 915 adjutoriumque

48 943 324 986 cognoscens,
350 937 399 971 ut
421 928 618 971 videatur
638 943 753 980 vere,
781 937 824 970 et
846 928 1112 986 approbetur
1134 926 1189 968 ab
1213 925 1433 973 omnibus,

48 999 275 1043 manifesta
293 1000 458 1042 ratione
481 1008 726 1054 correctus,
751 1013 838 1042 non
855 1007 1070 1054 gestorum
1090 995 1360 1052 Judieio,sed
1382 994 1436 1038 ad

46 1069 306 1114 catholicam
347 1070 476 1113 {idem
508 1069 639 1113 corde
666 1083 889 1113 converso.
931 1067 1053 1112 Unde
1084 1082 1171 1110 non
1210 1081 1435 1125 possumus

46 1138 219 1183 illorum
239 1155 319 1184 nec
349 1141 591 1198 approbare
611 1155 690 1182 nec
708 1139 884 1198 culpare
903 1137 1133 1198 judicium,
1155 1152 1253 1180 cum
1271 1136 1436 1180 nescia-

46 1224 142 1253 mus
164 1219 310 1253 utrum
334 1225 433 1253 vera
457 1210 542 1254 sint
563 1219 696 1269 gesta,
716 1219 791 1252 aut
811 1209 843 1252 si
861 1223 960 1252 vera
985 1208 1086 1261 sint,
1109 1215 1280 1251 constet
1303 1208 1435 1264 magis

45 1280 354 1338 subterfugisse
375 1315 386 1335 ,
420 1295 550 1340 quam
578 1295 621 1323 se
651 1289 738 1324 tota
763 1280 944 1323 veritate
968 1293 1181 1338 purgasse.
1212 1295 1231 1317 »
1269 1276 1434 1320 Videtis

45 1360 160 1395 certe
184 1351 226 1395 in
253 1351 316 1394 his
346 1351 502 1405 verbis,
528 1350 901 1411 quemadmodum
926 1365 1035 1409 papa
1068 1348 1334 1392 beatissimus
1358 1350 1433 1390 ln-

45 1421 272 1467 nocentius
303 1437 391 1466 non
415 1430 623 1481 tanquam
656 1422 710 1464 dc
738 1421 960 1479 incognito
983 1419 1103 1479 loqui
1135 1418 1346 1462 videatur.
1367 1417 1435 1460 Vi-

44 1491 154 1536 detis
165 1491 336 1551 qualem
355 1492 503 1535 tulerit
518 1491 572 1535 de
585 1491 699 1535 illius
714 1491 971 1550 purgatione
989 1486 1441 1533 sententiamvidetis.

43 1562 149 1623 quid
169 1578 386 1607 successor
407 1564 497 1622 ejus
519 1571 693 1606 sanctus
715 1577 825 1621 papa
844 1561 1040 1605 Zozimus
1053 1560 1242 1604 recolere
1264 1558 1432 1601 debue-

46 1634 116 1688 rit,
136 1634 247 1678 sicut
271 1634 531 1688 recoluit‚ut
548 1634 593 1677 in
608 1649 659 1678 eo
671 1634 737 1677 sui
757 1633 1026 1692 praecessoris
1043 1630 1433 1691 judiciumremota

44 1705 322 1750 cunctatione
344 1706 550 1749 firmaret.

102 1777 178 1819 XI.
209 1778 305 1819 ,lam
329 1791 446 1819 nune.
475 1773 708 1833 diligenter
734 1773 968 1825 attendite,
1000 1771 1118 1816 unde
1142 1779 1430 1823 monstretur,

43 1844 163 1905 quod
187 1844 435 1889 Palaestinos
460 1843 656 1902 Pelagius
676 1842 1069 1900 lefelleritjudices,
1086 1850 1134 1884 ut
1149 1840 1230 1884 alia
1248 1849 1436 1892 taceam,

43 1916 88 1959 in
112 1916 192 1959 hac
207 1915 296 1973 ipsa
311 1915 550 1974 quaestione
564 1913 618 1956 (le
642 1913 900 1971 baptismate
918 1910 1199 1970 parvulorum
1218 1929 1226 1953 :
1243 1924 1298 1952 ne
1319 1908 1432 1952 forte

42 1986 246 2045 cuipiam,
264 1986 308 2029 in
322 2001 373 2029 eo
393 1983 512 2044 quod
529 1983 730 2037 diximus,
756 1998 854 2026 eum
872 1997 1062 2036 sensum,
1078 1983 1121 2025 in
1145 1996 1234 2040 quo
1256 1980 1432 2023 liberior

44 2055 273 2101 Coeles-tius
302 2054 383 2098 fuit
405 2089 415 2109 ,
441 2054 562 2098 vobis
593 2053 829 2097 occultasse
863 2052 1081 2110 Pelagium
1103 2086 1113 2104 ,
1145 2065 1244 2094 cum
1279 2049 1433 2107 etipse

45 2142 133 2170 non
157 2126 279 2170 aliter
301 2127 457 2168 sentiat
477 2159 487 2178 ,
513 2123 768 2168 calumniari
789 2124 932 2182 potius
951 2123 1019 2166 vel
1042 2121 1274 2180 suspicari,
1300 2135 1433 2179 quam

45 2207 211 2242 certum
252 2195 415 2255 aliquid
448 2195 826 2253 comprehendisse
866 2193 1107 2237 videamur.
1152 2195 1316 2250 Nempe
1344 2191 1434 2248 jam

45 2269 241 2327 superius
261 2267 360 2311 satis
381 2266 551 2320 claruit,
578 2273 805 2324 propterea
827 2263 1081 2309 Coelestium
1102 2261 1289 2305 noluisse
1310 2259 1435 2304 dam-

47 2355 149 2383 nare
163 2339 283 2398 quod
297 2337 478 2382 dicitur:
508 2355 526 2378 «
547 2337 654 2380 Adae
669 2344 895 2394 peccatum
919 2334 998 2393 ipsi
1018 2332 1096 2377 soli
1114 2330 1318 2385 obfuisse,
1343 2346 1433 2374 non

47 2409 192 2467 generi
212 2409 405 2452 humano
439 2416 518 2465 ,et
539 2405 725 2450 infantes
761 2406 838 2465 qui
870 2412 1136 2455 nascuntur,
1170 2403 1216 2445 in
1237 2417 1288 2445 co
1317 2409 1432 2444 statu

47 2494 134 2523 csse
155 2514 166 2533 ,
201 2480 246 2522 in
274 2494 363 2538 quo
392 2477 528 2521 Adam
559 2475 643 2519 suit
673 2483 773 2518 ante
807 2473 1205 2533 praevaricationem
1232 2490 1241 2515 :
1278 2489 1296 2512 »
1330 2471 1432 2530 quia

95 2569 105 2586 ¹
127 2562 266 2605 Epistola
285 2560 473 2599 Innocentii,
493 2559 574 2593 inter
600 2557 839 2601 Augustinianas
857 2568 1010 2599 eLxxxni,
1038 2569 1068 2589 n.
1090 2556 1108 2590 3
1128 2559 1161 2588 et
1178 2555 1209 2597 s..
