1784 3205
329 184 383 225 94
756 191 790 222 s.
826 191 1055 222 anensium
1088 191 1270 220 znscom

326 262 438 321 ejus,
465 259 541 320 qui
556 259 855 318 Capitulorum
890 266 1091 312 vocatur,
1115 272 1205 302 non
1226 252 1600 317 quemadmodum
1623 252 1707 297 ob-

319 331 435 390 jecta
451 339 552 375 sunt
568 330 612 373 in
629 330 791 389 judicio
807 364 817 384 ‚
841 328 910 373 vel
933 329 1024 388 ejus
1047 328 1176 371 etiam
1205 325 1481 385 responsione
1505 323 1702 383 repetita.

324 403 433 447 Nam
457 411 499 446 et
530 402 591 445 illi
623 402 699 460 qui
721 401 1002 460 objecerunt,
1033 399 1178 443 nescio
1216 413 1302 457 qua
1341 395 1529 450 incuria,
1563 395 1708 439 minus

326 482 564 531 posuerunt
596 473 778 516 verbum
799 507 810 526 ,
836 471 887 515 de
919 486 1006 530 quo
1034 485 1123 514 non
1150 485 1282 530 parva
1308 477 1371 512 est
1397 466 1704 511 controversia.

327 546 571 587 Posuerunt
588 544 701 586 enim
725 557 826 587 eum
841 541 994 586 dixisse
1015 560 1024 586 ε
1055 561 1073 582 «
1102 544 1228 585 Posse
1258 538 1504 592 hominem,
1529 537 1563 581 si
1576 535 1706 591 velit,

326 628 415 657 esse
436 613 527 657 sine
554 623 752 672 peccato,
774 622 816 657 et
837 613 914 656 Dei
937 611 1140 656 mandata
1162 609 1379 656 custodire
1396 608 1430 653 si
1451 607 1557 653 velit
1576 626 1585 651 :
1612 625 1633 649 n
1654 606 1710 651 de

325 683 531 728 facilitate
552 684 661 727 nihil
690 695 754 728 est
786 684 967 728 dictum.
1004 682 1170 726 Deinde
1196 682 1286 741 ipse
1315 679 1581 739 respondens
1610 678 1669 721 ait
1697 696 1707 722 ι

278 778 280 781 v
330 771 349 794 «
376 757 501 797 Posse
523 754 700 812 quidem
716 755 939 798 hominem
965 767 1055 796 esse
1083 753 1174 796 sine
1196 760 1397 810 peccato,
1418 760 1462 793 et
1488 748 1564 794 Dei
1585 762 1712 791 man-

325 823 425 867 data
458 823 704 878 custodire,
741 824 775 867 si
807 823 933 877 velit,
965 821 1151 866 diximus
1177 840 1184 865 :
1223 840 1243 863 »
1276 835 1420 879 neque
1448 819 1540 877 ipse
1564 817 1706 872 dixit,

330 911 350 935 «
370 892 494 937 facile
524 893 741 937 custodire
762 914 773 950 3
795 912 814 934 η
841 891 916 937 sed
939 891 1244 936 tantummodo
1265 926 1275 945 ,
1302 910 1321 931 «
1348 889 1583 934 custodire.
1607 906 1627 929 i»
1649 890 1711 932 Ita

325 961 409 1006 alio
423 963 520 1007 loco
543 964 655 1007 inter
672 962 744 1007 illa
765 962 819 1006 de
836 963 996 1022 quibus
1018 977 1086 1005 me
1105 960 1293 1006 Hilarius
1314 960 1554 1013 consuluit,
1580 967 1710 1017 atque

327 1035 549 1093 rescripsi,
574 1036 631 1078 sic
660 1035 882 1094 objectum.
905 1043 966 1078 est
994 1053 1002 1078 ε
1028 1053 1047 1076 «
1085 1037 1212 1077 Posse
1245 1032 1468 1076 hominem
1499 1045 1587 1075 esse
1621 1030 1711 1073 sine

325 1114 524 1162 peccato,
556 1105 588 1149 si
623 1105 741 1149 velit.
766 1124 785 1146 »
807 1104 874 1149 Ad
901 1104 1020 1164 quod
1049 1106 1138 1164 ipse
1162 1107 1220 1148 ita
1251 1102 1497 1162 respondit:
1538 1120 1557 1143 «
1584 1103 1711 1144 Posse

325 1176 502 1234 quidem
525 1177 615 1220 sine
636 1187 814 1235 peccato
827 1191 932 1230 esse,
952 1177 1115 1220 dictum
1138 1185 1202 1220 est
1217 1175 1457 1235 superius.»
1470 1175 1623 1231 Neque
1640 1171 1711 1214 hic

325 1260 441 1302 erg0‚
462 1247 531 1289 vel
551 1247 605 1289 ab
633 1247 691 1289 eis
707 1247 782 1305 qui
807 1247 1078 1305 objecerunt,
1100 1246 1169 1290 vel
1187 1246 1240 1290 ab
1262 1246 1354 1305 ipso
1369 1245 1444 1304 qui
1467 1240 1708 1301 respondit,

325 1315 523 1359 additum
545 1326 624 1370 est,
654 1335 673 1357 α
691 1315 860 1359 facile.»
884 1317 1089 1374 Superius
1102 1316 1229 1360 etiam
1247 1316 1291 1359 in
1314 1314 1561 1358 narratione
1575 1311 1711 1356 sancti

325 1386 504 1429 Joannis
529 1386 715 1444 episcopi
737 1394 1128 1429 commemoratum
1145 1394 1208 1429 est
1231 1405 1240 1430 2
1270 1404 1285 1424 «
1310 1384 1399 1428 Illis
1417 1419 1428 1438 ,
1448 1383 1608 1442 inquit,
1640 1382 1710 1425 in-

324 1456 537 1499 stantibus
564 1465 607 1499 et
623 1455 868 1499 dicentibus
895 1475 904 1500 :
931 1456 1044 1509 Quia
1067 1456 1297 1500 haereticus
1318 1464 1383 1498 est
1402 1488 1414 1510 ‚
1439 1453 1544 1498 dicit
1566 1453 1708 1507 enim,

325 1527 530 1585 quoniam
547 1536 702 1586 ⁴potest
736 1528 866 1570 honio
887 1562 897 1581 ‚
922 1527 956 1571 si
972 1526 1173 1581 voluerit,
1200 1542 1290 1570 esse
1318 1526 1408 1569 sine
1429 1532 1608 1584 peccato
1634 1542 1643 1567 :
1668 1531 1712 1567 et

324 1596 378 1640 de
406 1597 489 1640 hoc
517 1596 884 1654 interrogantibus
907 1595 1032 1641 nobis
1053 1611 1151 1640 eum
1168 1631 1178 1650 ‚
1199 1595 1423 1655 respondit
1443 1613 1452 1638 :
1476 1596 1574 1639 Non
1591 1592 1678 1637 dixi
1696 1627 1708 1648 ,

323 1667 530 1726 quoniam
550 1668 710 1726 recepit
736 1677 890 1712 natura
914 1668 1101 1712 hominis
1119 1703 1130 1722 ‚
1151 1677 1200 1711 ut
1224 1665 1514 1726 impeccabilis
1532 1665 1600 1719 sit,
1635 1662 1722 1708 sed>

322 1737 431 1792 dixi,
458 1739 662 1796 quoniam
683 1739 759 1797 qui
777 1738 961 1782 voluerit
985 1753 1063 1798 pro
1090 1738 1261 1797 propria
1292 1737 1429 1781 salute
1451 1735 1650 1780 laborare
1667 1743 1712 1778 et

324 1809 550 1866 agonizare
571 1845 580 1864 ‚
606 1819 655 1853 ut
683 1825 771 1853 non
795 1819 945 1868 peccet
965 1845 976 1864 ,
997 1819 1039 1854 et
1062 1810 1257 1853 ambulet
1278 1810 1323 1852 in
1345 1806 1574 1867 praeceptis
1597 1805 1676 1850 Dei
1695 1839 1706 1860 ,
1773 1796 1777 1799 ⁵

322 1878 482 1923 habere
507 1895 605 1923 eum
630 1881 742 1924 hanc
765 1879 1092 1938 possibilitatem
1119 1896 1141 1923 a
1176 1883 1279 1923 Deo,
1303 1881 1425 1923 Tunc
1446 1877 1710 1937 quibusdam

323 1951 647 1993 susurrantibus
665 1985 675 2004 ,
712 1959 754 1993 et
776 1950 1021 1995 dicentibus
1042 1985 1052 2004 ,
1078 1949 1200 2010 quod
1229 1949 1320 1993 sine
1349 1949 1426 1994 Dei
1455 1948 1618 2007 gratia,
1645 1945 1714 1990 di-

322 2030 439 2064 ceret
458 2021 656 2079 Pelagius
671 2057 680 2075 ‚
707 2037 829 2080 posse
857 2022 1078 2065 hominem
1100 2021 1250 2079 perfici
1272 2041 1281 2065 2
1307 2020 1516 2079 Culpam,
1547 2018 1708 2077 inquit,

322 2105 450 2148 super
479 2091 562 2135 hoc
579 2094 707 2136 etiam
732 2091 882 2145 intuli,
909 2093 1006 2149 <quia
1028 2100 1071 2135 et
1094 2090 1314 2150 apostolus
1340 2090 1498 2135 Paulus
1520 2089 1710 2133 multum

320 2159 538 2214 laborans,
555 2163 627 2206 sed
646 2179 733 2206 non
752 2162 991 2206 secundum
1004 2177 1125 2205 suam
1142 2162 1364 2214 virtutem,
1380 2160 1453 2204 sed
1467 2159 1712 2204 secundum

323 2232 501 2288 gratiam
527 2234 615 2285 Dei7
636 2233 740 2276 dixit
766 2252 774 2277 ε
800 2252 820 2274 «
840 2232 1037 2290 Amplius
1056 2232 1256 2276 omnibus
1273 2231 1356 2276 illis
1377 2230 1594 2285 laboravi,
1621 2244 1712 2274 non

325 2319 344 2342 »
372 2317 451 2359 ego
474 2312 618 2346 autem
639 2338 650 2357 ‚
681 2302 756 2346 sed
786 2304 919 2360 gratia
943 2302 1017 2346 Dei
1039 2317 1209 2347 mecum
1235 2304 1246 2326 ¹
1277 2321 1285 2346 ε
1315 2320 1334 2343 »
1355 2311 1399 2346 et
1418 2311 1577 2347 caetera
1607 2315 1708 2360 quae
1763 2312 1766 2313 ⁷

316 2386 404 2429 Jam
428 2387 779 2417 commemoravi.

382 2445 469 2486 LV.
497 2443 614 2497 Quid
625 2443 707 2488 sibi
722 2458 825 2502 ergo
837 2442 948 2499 vult,
964 2443 1141 2503 quodin
1157 2443 1238 2488 hac
1251 2442 1431 2502 epistola
1447 2443 1507 2487 ita
1525 2439 1706 2501 gloriari

374 2534 381 2550 ¹
410 2538 421 2560 ι
444 2531 517 2561 Gor.
537 2540 589 2568 xv,
619 2537 667 2562 ιο.
