1784 3205
312 205 333 239 8
342 201 365 240 4
751 217 784 240 s.
820 207 1048 240 AUGUSTIM
1085 209 1264 240 Emscom

308 287 351 322 ct
371 278 596 322 inveniens
617 293 718 322 eum
737 278 889 322 dixisse
910 297 917 322 :
941 297 960 319 «
980 279 1077 322 Non
1098 292 1193 321 sum
1213 277 1371 336 dignus
1394 278 1535 320 vocari
1558 279 1691 336 Apos-

310 368 330 391 »
367 349 503 404 tolus,
532 349 635 409 quia
658 358 908 408 persecutus
937 363 1033 392 sum
1056 347 1292 392 Ecclesiam
1322 348 1423 402 Dei,
1457 347 1532 391 scd
1561 347 1693 405 gratia

310 439 330 461 »
366 420 442 464 Dei
465 435 560 464 sum
583 419 628 464 id
651 420 770 480 quod
792 434 914 470 sum3
947 438 966 460 »
999 434 1087 464 non
1109 419 1246 474 vidit,
1273 434 1361 463 non
1386 433 1429 461 se
1452 417 1594 462 dicere
1616 418 1693 461 de-

307 490 470 547 buisse3
491 506 590 534 cum
610 500 808 548 ageretur
825 490 880 532 de
898 489 1164 533 abundantia
1185 490 1434 546 gratiarum,
1455 504 1560 548 quas
1579 487 1691 531 idem

308 562 474 621 aceepit
493 560 740 620 Apostolus,
764 561 946 618 dignum
969 560 1101 604 fuisse
1122 561 1198 620 qui
1222 561 1457 619 acciperet,
1482 575 1580 604 eum
1604 560 1693 617 ipse

305 649 348 677 se
371 648 459 676 non
482 631 621 676 solum
646 631 816 685 dixerit,
841 630 916 675 sed
937 640 980 674 et
997 632 1123 675 aliam
1142 646 1313 675 causam
1333 630 1517 674 reddens
1541 631 1692 689 proba-

306 702 621 759 ritindignum,
642 710 684 745 et
702 716 752 744 eo
776 701 866 759 ipsa
891 702 1069 759 gratiam
1092 717 1190 745 vere
1212 702 1392 760 gratiam
1415 700 1692 745 commenda—

304 772 438 815 verit?
463 773 545 816 Sed
571 773 602 815 si
627 772 739 816 forte
755 771 866 815 illud
883 774 970 830 jam
995 772 1164 815 dudum
1188 788 1209 815 a
1234 782 1382 817 sancto
1405 775 1572 816 Joanne
1595 788 1693 815 nar-

301 851 462 897 ratum,
485 843 674 900 cogitare
696 841 765 885 vel
792 842 1035 885 meminisse
1053 857 1139 885 non
1165 843 1330 900 potuim
1357 842 1693 886 recentissimam

303 928 424 957 suam
449 913 772 971 responsionem
795 914 1041 971 respiceret,
1063 922 1105 956 et
1121 928 1221 972 quae
1244 911 1374 971 paulo
1397 922 1496 956 ante
1516 913 1569 956 de
1589 914 1692 957 Coe-

302 983 426 1028 lestio
454 985 536 1028 sibi
563 985 731 1044 objecta
767 984 1195 1028 anathematizaverit
1231 985 1487 1028 adverteret.
1529 986 1692 1041 Nempe

303 1054 432 1098 etiam
452 1055 564 1098 inter
585 1054 658 1098 illa
681 1064 759 1110 est,
781 1055 902 1115 quod
920 1055 1139 1114 objectum
1158 1063 1221 1097 est
1236 1053 1389 1098 dixisse
1406 1053 1657 1098 Coelestium
1680 1072 1689 1097 ;

305 1126 379 1169 Dei
403 1126 582 1184 gratiam
608 1126 849 1170 secundum
869 1126 1019 1169 merita
1038 1135 1182 1169 nostra
1201 1127 1309 1169 dari.
1337 1144 1354 1166 υ
1384 1126 1425 1170 Si
1446 1141 1547 1184 ergo
1569 1140 1692 1168 vera·

301 1196 407 1239 citer
429 1197 511 1239 hoc
536 1196 733 1254 Pelagius
756 1197 1164 1250 anathematizavit,
1191 1196 1297 1256 quid
1322 1205 1399 1251 est,
1426 1195 1546 1256 quod
1569 1195 1688 1249 dicit,

302 1265 457 1324 gratias
485 1281 634 1310 omnes
673 1267 883 1326 Apostolo
916 1267 1158 1311 seeundum
1195 1268 1399 1311 meritum
1434 1269 1554 1311 datas
1573 1269 1590 1307 ἱ)
1623 1270 1691 1310 An

302 1336 421 1380 aliud
446 1346 509 1381 est
543 1339 726 1396 dignum
759 1354 848 1383 esse
876 1340 1093 1398 accipere,
1131 1338 1264 1393 aliud,
1296 1338 1537 1382 secundum
1560 1338 1690 1382 meri-

305 1416 396 1450 tum
417 1407 682 1466 acccipere?
711 1418 754 1452 et
781 1418 922 1467 potest
954 1410 1098 1468 aliqua
1125 1409 1365 1454 subtilitate
1391 1409 1692 1469 disputationis

300 1477 556 1532 obtendere,
577 1477 760 1537 dignum
779 1495 867 1523 esse
884 1479 1088 1539 aliquem,
1110 1479 1184 1523 sed
1203 1496 1290 1525 non
1310 1481 1489 1524 mereri?
1506 1483 1691 1524 Verum—

303 1556 447 1594 tamen
469 1546 714 1604 Coelestius,
749 1547 817 1592 vel
845 1550 941 1609 quis
970 1549 1093 1605 alius,
1126 1551 1248 1608 cujus
1277 1565 1426 1593 omnes
1450 1550 1690 1608 superiores

301 1618 680 1662 anathematizavit
699 1620 947 1674 sententias,
969 1634 1048 1663 nec
1069 1621 1122 1663 de
1140 1621 1222 1664 hoe
1242 1621 1374 1664 verbo
1389 1637 1489 1664 eum
1510 1619 1689 1664 nebulas

300 1689 528 1732 ostendere
542 1698 672 1748 atque
688 1689 731 1732 in
745 1689 803 1732 eis
816 1689 950 1733 latere
968 1690 1192 1748 permittit.
1220 1693 1350 1749 Urget
1368 1692 1482 1734 enim
1499 1700 1541 1734 et
1559 1690 1684 1735 dicit:

305 1779 324 1801 «
351 1763 407 1803 Et
434 1760 524 1818 ipsa
546 1761 679 1818 gratia
706 1761 751 1803 in
775 1776 867 1804 mea
897 1761 1122 1804 voluntate
1145 1761 1282 1820 posita
1305 1771 1383 1815 est,
1417 1754 1503 1806 sive
1531 1762 1687 1820 dignus

300 1828 474 1883 fuerim,
495 1832 582 1874 sive
599 1830 817 1887 indignus.
849 1849 867 1871 »
897 1831 939 1874 Si
962 1832 1063 1889 'ergo
1089 1840 1202 1875 recte
1223 1832 1304 1876 hoc
1327 1848 1348 1875 a
1370 1832 1542 1891 Pelagio
1564 1848 1687 1876 vera-

299 1900 492 1960 citerque
525 1902 779 1945 damnatum
808 1910 892 1955 est,
926 1901 999 1944 ubi
1028 1901 1186 1945 dicitur
1213 1921 1220 1946 :
1252 1922 1270 1943 «
1305 1904 1377 1946 Dei
1411 1904 1591 1960 gratiam
1617 1919 1685 1947 se-

301 1971 497 2015 cundum
539 1972 691 2015 merita
735 1982 777 2015 et
815 1971 954 2030 dignis
993 1972 1086 2016 dari
1113 1992 1120 2016 ι
1148 1989 1236 2032 quo
1279 1973 1410 2018 corde
1449 1975 1653 2034 cogitavit
1675 2011 1685 2029 ,

301 2057 443 2101 quove
476 2058 549 2086 ore
576 2042 756 2099 protulit
776 2042 897 2101 quod
920 2043 999 2086 ait:
1021 2062 1041 2084 «
1067 2044 1255 2088 Dicimus
1282 2046 1444 2089 donare
1472 2049 1608 2089 Deum
1630 2047 1685 2101 ei,

300 2113 376 2171 qui
399 2112 530 2156 fuerit
552 2113 708 2171 dignus
732 2113 941 2171 accipere,
969 2129 1118 2157 omnes
1142 2115 1322 2172 gratias?
1343 2134 1360 2157 »
1383 2117 1487 2169 Quis
1504 2133 1590 2161 non
1608 2117 1687 2161 ista

298 2183 330 2225 si
362 2182 591 2242 diligenter
621 2182 867 2238 adverterit,
899 2184 974 2227 fiat
1002 2184 1056 2227 de
1078 2183 1193 2228 illius
1219 2187 1495 2244 responsione
1517 2187 1582 2231 vel
1608 2188 1686 2231 de-

299 2252 494 2297 lensione
512 2253 746 2298 sollicitus?

362 2326 475 2367 XLI.
502 2327 590 2369 Cur
614 2340 711 2382 ego,
737 2325 796 2368 ait
818 2324 987 2383 aliquis,
1014 2325 1095 2369 hoc
1114 2326 1280 2385 judices
1304 2329 1685 2387 approbaverunt?

301 2396 474 2447 Fateor,
509 2395 606 2438 ideo
634 2396 723 2454 jam
753 2395 842 2453 ipse
877 2394 1074 2452 ambigo:
1095 2397 1171 2439 sed
1205 2398 1427 2453 nimirum,
1453 2410 1526 2444 aut
1557 2401 1685 2445 breve

299 2462 464 2507 dictum
486 2479 635 2507 eorum
657 2464 921 2508 audientiam
941 2474 983 2507 et.
1005 2464 1289 2510 intentionem
1314 2467 1440 2513 facilc
1462 2470 1685 2515 subterfu-

351 2558 357 2573 ¹
384 2562 394 2581 ι
418 2554 476 2582 Cor
512 2563 561 2585 zv.
583 2564 611 2591 ι).
