1804 3205
358 208 412 234 m!
446 206 583 236 ΛΝιΜΑ
618 207 669 234 E'r
700 207 798 235 mus
829 205 1022 244 omnum,
1058 206 1140 233 Lm.
1178 205 1237 232 ιν.
1411 192 1495 231 393

167 274 333 318 XXIX.
348 273 536 317 Proinde
558 274 591 318 si
614 274 753 317 anima
777 286 934 331 corpus
955 279 1078 326 esset,
1101 280 1143 315 et
1164 284 1370 329 corporea
1389 279 1498 313 esset

110 346 247 404 figura
276 346 320 388 in
342 360 428 404 qua
452 360 496 389 se
517 344 637 389 videt
659 345 703 388 in
725 345 901 399 somnis,
922 359 973 388 eo
991 341 1109 404 quod
1134 342 1189 386 de
1210 357 1391 400 corpore
1407 343 1499 400 ejus

110 416 261 460 fuisset
283 430 480 474 expressa
510 436 521 472 3
545 414 690 459 nullus
713 416 941 460 hominum
964 414 1162 458 membro
1185 413 1376 472 corporis
1405 427 1498 456 am-

109 495 264 546 putato
280 521 290 541 ‚
311 486 421 530 sicut
443 501 495 530 eo
512 495 628 531 caret
647 521 658 541 ‚
685 486 742 530 ita
775 486 866 530 sine
888 485 964 530 illo
995 499 1040 530 se
1061 483 1227 529 videret
1250 484 1293 528 in
1317 483 1496 536 somnis,

109 557 182 602 sed
208 558 351 617 potius
373 572 543 617 semper
565 559 782 616 integrum
798 592 808 611 ,
833 572 885 601 co
917 556 1038 616 quod
1060 556 1216 600 animae
1239 554 1369 614 ipsius
1391 553 1500 597 nihil

109 629 241 673 fuerit
281 637 569 688 amputatum.
607 630 718 674 Cum
741 643 844 672 vero
876 626 1112 688 aliquando
1140 641 1184 671 se
1219 626 1409 683 integros
1433 624 1501 668 vi-

110 699 242 744 deant
257 734 268 754 ,
294 699 530 758 aliquando
553 709 698 744 autem
729 700 840 744 sicut
861 709 979 755 sunt,
1004 714 1057 744 ex
1078 711 1356 759 quacumque
1379 703 1502 755 parte

111 778 335 814 truncatos
362 791 372 827 3
397 771 505 830 quid
527 770 646 814 aliud
669 772 747 815 ista
774 785 838 814 res
861 769 988 815 docet
1012 804 1022 824 ‚
1049 770 1129 813 nisi
1152 768 1341 812 animam
1357 801 1368 823 ,
1393 765 1504 809 sicut

113 840 293 885 aliarum
312 856 457 884 rerum
473 856 578 900 quas
601 841 732 885 sentit
749 841 793 884 in
816 841 991 895 somnis,
1009 841 1069 884 ita
1088 848 1131 883 et
1147 838 1354 897 corporis,
1372 835 1504 880 modo

112 912 171 956 sic
188 947 199 964 ,
226 911 356 956 modo
379 912 437 956 sic
453 947 463 967 ‚
489 927 577 956 non
598 913 849 967 veritatem,
876 912 949 955 sed
973 910 1301 955 similitudinem
1326 908 1505 966 gerere?

113 981 333 1027 Gaudium
355 998 457 1027 vero
478 984 570 1042 ejus
593 984 681 1027 sive
704 983 875 1028 tristitia
896 1017 907 1036 ‚
936 981 1170 1025 delectatio
1200 979 1267 1022 vel
1302 977 1502 1030 offensio,

113 1053 201 1098 sive
222 1054 276 1098 sit
303 1055 347 1097 in
370 1054 625 1112 corporibus
649 1088 659 1108 ,
684 1054 771 1097 sive
793 1053 839 1096 in
862 1065 1095 1110 corporum
1129 1046 1502 1099 similitudinibus,

113 1138 214 1168 vera
237 1134 314 1168 est.
350 1128 414 1168 Tu
433 1125 525 1183 ipse
558 1138 705 1169 nonne
727 1124 899 1178 dixisti,
927 1136 1115 1181 vereque
1148 1119 1290 1164 dixisti
1323 1138 1331 1163 :
1367 1137 1386 1159 «
1412 1116 1505 1160 Ali-

113 1202 259 1238 menta
281 1203 325 1238 et
346 1195 604 1239 vestimenta
638 1210 727 1238 non
759 1209 849 1238 esse
872 1193 1049 1245 animae,
1075 1191 1150 1235 sed
1172 1189 1340 1249 corpori
1363 1202 1507 1232 neccs-

114 1265 223 1308 saria
250 1266 268 1306 ‘3
295 1284 312 1306 »
338 1266 428 1309 Cur
450 1279 552 1323 ergo
575 1280 702 1324 aquae
730 1263 887 1309 stillam
922 1262 1184 1307 desideravit
1208 1260 1324 1320 apud
1348 1258 1508 1303 inferos

116 1333 235 1380 dives
251 1337 263 1360 ¹
277 1336 295 1378 P
307 1336 398 1380 Cur
415 1335 589 1380 Samuel
606 1344 779 1379 sanctus
800 1343 895 1394 post
914 1343 1095 1378 mortem
1107 1336 1140 1387 ²,
1155 1341 1204 1376 ut
1225 1332 1316 1391 ipse
1332 1343 1509 1390 quoque

116 1406 481 1461 commemorasti,
499 1404 625 1450 solito
637 1404 897 1448 indumento
921 1404 1100 1447 vestitus
1122 1402 1349 1461 apparuit?
1370 1402 1509 1444 Num-

116 1474 223 1533 quid
246 1473 318 1518 ille
341 1476 486 1519 ruinas
510 1476 681 1528 animae,
703 1476 817 1519 sicut
838 1475 993 1527 carnis,
1013 1488 1090 1532 per
1106 1472 1303 1516 humoris
1326 1470 1509 1513 alimen-

119 1553 212 1588 tum
242 1545 419 1589 reficere
439 1546 646 1604 cupiebat
669 1546 686 1588 Ρ
709 1543 934 1603 Numquid
956 1543 1034 1587 iste
1056 1542 1111 1586 de
1132 1555 1314 1600 corpore
1332 1540 1511 1583 vestitus

118 1615 318 1659 exierat?
343 1614 426 1660 Sed
458 1616 503 1659 in
533 1614 610 1660 illo
637 1629 738 1659 vera
760 1623 852 1659 erat
881 1613 1094 1668 molestia,
1119 1628 1206 1672 qua
1234 1611 1512 1655 cruciabatur

120 1686 263 1730 anima
281 1706 292 1743 3
311 1701 402 1730 non
423 1695 571 1730 tamen
592 1699 745 1730 verum
768 1699 942 1743 corpus,
963 1684 1033 1728 cui
1051 1690 1267 1742 quaereret
1289 1679 1508 1724 alimenta.

120 1757 178 1800 Et
197 1756 276 1800 iste
297 1757 357 1799 sic
379 1756 524 1814 potuit
556 1769 763 1814 apparere
784 1755 964 1798 vestitus
982 1789 992 1808 ,
1015 1762 1062 1797 ut
1092 1767 1183 1797 non
1208 1765 1366 1809 corpus
1384 1757 1508 1802 esset,

120 1823 197 1869 sed
228 1824 561 1870 similitudinem
592 1824 783 1883 corporis
811 1825 994 1868 haberet
1024 1832 1067 1867 et
1095 1822 1236 1866 anima
1256 1830 1299 1864 et
1319 1818 1509 1864 habitus.

120 1898 272 1956 Neque
294 1897 410 1940 enim
433 1911 476 1940 se
499 1896 642 1940 anima
665 1895 777 1938 sicut
797 1895 842 1938 in
865 1894 1059 1937 membra
1077 1892 1267 1952 corporis
1287 1926 1298 1945 ,
1330 1891 1388 1933 ita
1406 1898 1448 1933 et
1470 1889 1513 1932 in

122 1966 379 2010 vestimenta
401 1967 599 2026 porrigit,
625 1974 668 2009 et
687 1973 900 2019 coarctat,
927 1973 975 2009 ut
994 1964 1123 2008 etiam
1150 1961 1252 2006 inde
1282 1960 1510 2004 formetur.

184 2038 325 2080 XXX.
362 2040 462 2081 Post
484 2046 670 2082 mortem
683 2052 787 2081 vero
806 2051 939 2096 quam
956 2036 1042 2079 vim
1058 2034 1315 2093 cognitionis
1331 2046 1515 2090 corrup-

127 2105 323 2150 tibilibus
343 2116 585 2151 exoneratae
603 2106 856 2166 corporibus
871 2106 1028 2149 animae
1046 2105 1258 2163 accipiant
1280 2103 1408 2147 etiam
1426 2116 1516 2145 non

126 2176 278 2231 bonae,
307 2186 354 2220 ut
375 2177 443 2221 vel
465 2177 626 2235 pariter
647 2175 805 2231 malas,
836 2175 906 2220 vel
927 2175 1057 2219 etiarn
1082 2175 1218 2219 bonas
1247 2172 1420 2217 valeant
1447 2171 1516 2213 in-

126 2247 358 2292 terioribus
379 2248 573 2292 sensibus
601 2247 762 2291 intueri
785 2256 828 2291 et
850 2260 1102 2304 agnoscere,
1131 2246 1218 2288 sive
1239 2244 1284 2286 in
1306 2242 1406 2301 ipsis
1429 2256 1517 2285 non

128 2318 404 2375 corporibuS‚
431 2318 506 2361 sed
529 2316 888 2361 similitudinibus
918 2330 1172 2374 corporum,
1202 2314 1289 2357 sive
1320 2313 1364 2355 in
1394 2311 1518 2355 bonis

130 2395 206 2431 aut
226 2387 348 2430 malis
367 2388 671 2431 affectionibus
686 2387 842 2430 mentis
860 2421 871 2440 ‚
895 2387 939 2429 in
959 2386 1120 2445 quibus
1143 2383 1263 2427 nulla
1278 2391 1381 2426 sunt
1397 2382 1518 2441 quasi

129 2455 391 2500 lineamenta
412 2457 710 2501 membrorum
730 2491 740 2510 ,
768 2456 863 2515 quis
893 2455 1032 2499 valeat
1060 2454 1292 2512 indagare?
1315 2450 1440 2496 Unde
1456 2459 1518 2494 est

182 2546 190 2561 ¹
211 2541 289 2573 Luc.
308 2550 373 2580 xvr,
396 2540 450 2582 24.
465 2548 531 2565 -2
556 2552 566 2573 1
594 2543 670 2581 ch.
692 2550 782 2580 xviii,
807 2539 856 2580 ¹4·
