1784 3205
353 273 435 312 388
784 281 817 309 s.
854 278 1084 309 Atre-usum
1117 280 1296 308 nmscom

348 365 438 395 esse
463 358 689 409 peccatum
716 368 724 394 ι
748 364 826 394 cur
855 362 935 406 ego
958 347 1093 392 habet
1120 346 1302 391 faciem?
1327 349 1395 391 An
1425 361 1514 390 non
1548 344 1668 389 audis
1691 346 1736 388 in

354 419 524 464 Psalmo
551 439 560 464 ι
594 439 615 462 «
639 421 739 465 Non
763 426 826 462 est
847 432 931 477 pax
951 417 1120 462 ossibus
1145 417 1266 472 meis,
1289 432 1312 460 a
1338 415 1447 460 facie
1463 424 1738 475 peccatorum

357 508 377 532 »
393 492 633 534 meorum1.
657 508 676 531 »

410 562 573 604 XXIV.
616 557 743 612 Quod
776 571 879 602 vero
920 575 941 599 «
978 557 1103 601 illum
1136 558 1323 601 Abrahae
1354 558 1494 601 sinum
1527 554 1739 599 existimas

354 645 443 674 esse
464 644 745 689 corporeum,
773 637 815 676 et
844 642 922 686 per
949 627 1091 687 ipsum
1126 628 1270 672 asseris
1292 636 1434 672 totum
1462 641 1618 685 corpus
1649 626 1739 685 ejus

352 700 527 759 agnosci
553 718 562 744 ε
597 718 617 741 n
644 714 794 745 vereor
811 713 865 742 ne
887 698 933 742 in
950 713 995 742 re
1017 707 1136 742 tanta
1150 698 1401 758 joculariter
1417 696 1740 757 atqueirriden-

352 778 440 825 ter,
481 785 571 814 non
609 770 719 815 serio
747 768 1020 830 graviterque
1053 783 1180 827 agere
1217 767 1415 813 credaris,
1451 769 1602 827 Neque
1624 765 1738 810 enim

352 856 491 899 usque
511 840 619 885 adeo
637 840 867 899 desiperes,
889 848 939 883 ut
955 839 1221 884 arbitrareris
1237 853 1493 899 corporeum
1507 838 1634 881 unius
1656 837 1739 880 ho-

355 912 483 956 minis
497 913 639 956 sinum
659 912 770 956 ferre
784 920 849 956 tot
870 911 1049 966 animas,
1067 912 1172 967 imo,
1191 920 1241 955 ut
1253 910 1495 955 secundum
1513 918 1555 954 te
1566 907 1736 967 loquar,

358 1000 378 1023 «
403 981 515 1026 ferre
549 993 614 1027 tot
650 998 830 1042 corpora
864 983 975 1026 bene
1004 975 1257 1027 meritorum
1280 1017 1290 1037 ,
1321 990 1429 1041 quot
1460 980 1565 1024 illuc
1598 977 1741 1037 angeli

353 1052 464 1095 sicut.
498 1055 705 1097 Lazarum
740 1051 981 1112 perferunt.
1021 1071 1040 1094 »
1075 1053 1165 1097 Nisi
1196 1052 1382 1112 opinaris
1416 1050 1594 1095 fortasse
1623 1048 1740 1092 illam

349 1135 483 1164 unam
510 1123 700 1166 animam
734 1123 894 1178 solam,
926 1123 980 1167 ad
1005 1122 1207 1167 eumdem
1234 1124 1375 1167 sinum
1403 1120 1627 1180 pervenire
1649 1133 1741 1162 me-

349 1192 499 1235 ruisse.
528 1192 570 1236 Si
592 1207 683 1236 non
702 1193 853 1251 jocaris
870 1228 880 1247 ,
901 1203 944 1237 et
963 1209 1104 1237 errare
1122 1193 1346 1252 pueriliter
1371 1207 1460 1237 non
1481 1192 1544 1236 vis
1561 1226 1572 1246 ,
1599 1191 1741 1234 sinum

352 1261 541 1306 Abrahae
562 1262 774 1321 intellige,
798 1273 1009 1308 remotam
1025 1264 1169 1308 sedem
1190 1264 1343 1322 quietis
1364 1272 1493 1321 atque
1515 1270 1738 1314 secretam,

352 1332 429 1375 ubi
463 1342 527 1376 est
565 1333 802 1378 Abraham.
838 1337 894 1378 Et
922 1333 1021 1379 ideo
1053 1335 1238 1379 Abrahae
1267 1334 1462 1389 dictum,
1499 1349 1587 1378 non
1621 1330 1742 1392 quod

351 1402 485 1460 ipsius
506 1412 676 1447 tantum
697 1405 765 1460 sit,
788 1403 861 1448 sed
876 1404 999 1464 quod
1020 1405 1109 1464 ipse
1130 1414 1252 1464 pater
1283 1404 1518 1448 multarum
1543 1402 1739 1461 gentium

350 1471 406 1515 sit
444 1473 606 1530 positus
640 1477 682 1528 2,
709 1474 873 1533 quique
896 1483 959 1518 est
986 1474 1041 1519 ad
1072 1474 1333 1518 imitandum
1366 1472 1467 1517 fidei
1495 1472 1740 1532 principatu

349 1543 597 1599 propositus
630 1561 638 1586 :
672 1543 784 1587 sicut
813 1547 952 1587 Deum
981 1545 1201 1588 Abraham
1221 1579 1232 1600 ,
1269 1553 1311 1588 et
1343 1546 1480 1588 Deum
1518 1545 1659 1596 Isaac,
1697 1550 1741 1585 et

351 1613 490 1654 Deum
515 1614 666 1669 Jacob,
692 1628 736 1658 se
758 1616 871 1658 Deus
894 1615 1039 1659 vocari
1061 1614 1215 1669 voluit,
1241 1630 1342 1659 cum
1366 1615 1420 1658 sit
1443 1611 1739 1658 innumerabi-

351 1678 461 1723 lium
478 1684 594 1726 Deus
610 1684 641 1725 3.

362 1762 366 1766 '
407 1754 546 1795 XXV.
572 1755 723 1813 Neque
745 1768 813 1797 me
833 1754 927 1798 haec
949 1754 1007 1797 ita
1025 1754 1232 1798 disserere
1257 1754 1469 1798 existimes
1488 1788 1499 1808 ,
1529 1762 1738 1812 tanquam

348 1837 503 1881 negem
526 1824 618 1867 fieri
641 1840 788 1884 posse,
821 1834 871 1869 ut
893 1825 1036 1869 anima
1064 1825 1225 1869 mortui
1255 1826 1366 1869 sicut
1394 1824 1646 1869 dormientis
1661 1858 1671 1877 ,
1693 1823 1739 1865 in

347 1893 629 1939 similitudine
645 1897 838 1955 corporis
861 1896 926 1940 sui
949 1895 1120 1951 sentiat,
1140 1911 1216 1940 seu
1239 1896 1370 1950 bona,
1389 1910 1465 1940 seu
1485 1894 1611 1938 mala.
1629 1896 1738 1939 Nam
1783 1891 1784 1915 l

348 1971 390 2006 et
411 1963 456 2007 in
478 1967 638 2009 somnis
660 1965 838 2026 quando
858 1966 1002 2025 aliqua
1033 1965 1143 2010 dura
1172 1975 1215 2010 et
1238 1965 1417 2010 molesta
1443 1964 1735 2024 perpetimur,

348 2047 426 2076 nos
454 2035 607 2093 utique
628 2051 776 2080 sumus
802 2057 813 2093 3
838 2045 880 2079 et
902 2036 982 2079 nisi
1011 2036 1318 2094 evigilantibus
1343 2035 1468 2080 nobis
1489 2033 1561 2078 illa
1585 2042 1738 2093 praete-

348 2113 487 2158 reant,
508 2119 659 2162 poenas
678 2106 945 2163 gravissimas
966 2105 1211 2163 pendimus.
1231 2106 1314 2150 Sed
1336 2121 1518 2165 corpora
1534 2120 1624 2149 esse
1645 2119 1739 2148 cre-

351 2173 470 2229 dere,
485 2174 644 2233 quibus
661 2176 741 2219 hac
759 2185 889 2235 atque
912 2174 1011 2219 illac
1035 2177 1156 2235 quasi
1177 2175 1358 2219 ferimur
1376 2186 1420 2220 et
1441 2175 1670 2220 volitamus
1692 2175 1737 2217 in

351 2244 528 2298 somnis,
549 2244 738 2288 hominis
760 2254 823 2289 est
840 2246 915 2304 qui
939 2260 1091 2303 parum
1107 2245 1338 2305 vigilanter
1352 2246 1405 2289 de
1428 2246 1557 2289 rebus
1578 2244 1737 2288 talibus

353 2314 556 2371 cogitavit
580 2334 588 2359 ε
621 2315 674 2359 de
699 2316 766 2359 his
802 2316 964 2376 quippe
992 2316 1183 2360 visorum
1223 2316 1483 2374 imaginibus
1509 2351 1519 2370 ,
1549 2315 1737 2359 maxime

353 2383 494 2427 anima
517 2385 726 2442 probatur
748 2401 836 2429 non
860 2401 950 2430 esse
981 2402 1187 2445 corporea
1214 2406 1221 2430 :
1255 2387 1334 2430 nisi
1361 2385 1464 2429 velis
1487 2395 1528 2429 et
1544 2385 1616 2429 illa
1637 2400 1735 2430 cor—

354 2468 457 2511 pora
480 2452 621 2498 dicere
636 2489 646 2509 ,
671 2471 769 2513 quae
789 2466 944 2514 praeter
970 2473 1047 2501 nos
1069 2458 1181 2516 ipsos
1204 2466 1291 2501 tam
1313 2456 1449 2500 multa
1475 2456 1669 2500 videmus
1691 2456 1736 2499 in

356 2524 538 2578 somnis,
575 2526 757 2581 coelum,
792 2536 974 2583 terram,
1004 2543 1142 2584 mare,
1175 2528 1336 2582 solem,
1371 2528 1541 2583 lunam,
1566 2527 1731 2581 stellas,

406 2615 412 2631 ¹
434 2609 511 2641 Psal.
531 2618 649 2651 xxxvii,
672 2607 704 2651 4
730 2627 769 2635 --
787 2616 799 2633 ²
819 2613 897 2644 Gen.
920 2612 999 2650 xvir,
1023 2614 1053 2645 3.
1069 2629 1106 2637 -
1122 2612 1134 2636 3
1152 2613 1248 2646 Exod,
1266 2614 1312 2654 ni,
1330 2613 1362 2644 6.
