1804 3205
273 225 327 252 ne
359 224 527 251 firmus
561 224 612 250 m·
643 220 1014 258 concupiscam-ru,
1052 224 1132 249 Lm.
1172 225 1199 249 ι.
1357 214 1441 251 215

51 293 157 338 tium
176 290 296 350 quod
316 304 405 334 non
435 298 499 333 est
529 304 579 332 ex
612 291 715 333 Deo.
751 291 845 333 Non
868 288 983 332 enim
1006 297 1186 347 propter
1212 302 1256 331 sc
1288 289 1441 348 ipsam,

49 377 150 423 quae
170 359 401 406 laudabilis
423 369 514 417 est,
537 359 641 420 quia
666 375 774 419 opus
801 359 874 403 Dei
898 367 986 416 est,
1016 358 1090 402 sed
1115 367 1294 417 propter
1316 360 1465 402 dam-2

48 432 195 479 nabile
216 433 388 486 vitium,
413 447 503 491 quo
523 431 670 476 vitiata
689 441 751 475 est
769 467 779 486 ‚
801 440 957 475 natura
978 431 1169 475 humana
1189 430 1437 475 damnatur.

47 507 105 550 Et
127 501 437 563 propterquod
454 502 688 547 damnatur
703 536 713 556 ,
740 512 914 560 propter
933 502 1016 546 hoc
1033 509 1076 545 et
1098 500 1339 545 damnabili
1354 501 1445 545 dia·

48 575 150 622 bolo
162 575 422 635 subjugatur
448 593 456 619 :
481 574 583 634 quia
597 582 639 617 et
662 574 751 633 ipse
773 572 973 618 diabolus
992 572 1167 632 spiritus
1187 572 1441 616 immundus

47 655 128 701 est,
146 654 190 691 et
211 645 364 705 utique
380 646 545 690 bonum
569 644 688 705 quod
704 644 894 703 spiritus,
918 644 1080 688 malum
1101 642 1223 703 quod
1247 644 1443 686 immun-

48 718 154 774 dus,
173 717 380 777 quoniam
401 717 599 776 spiritus,
632 726 694 761 cst
723 725 900 770 natura,
927 714 1180 760 immundus
1201 723 1265 758 cst
1298 715 1404 759 vitio
1430 734 1438 760 ε

48 804 235 849 quorum
261 787 448 832 duorum
471 787 582 831 illud
601 803 622 831 a
642 790 732 831 Deo
750 797 834 840 est,
861 787 944 831 hoc
968 786 1022 830 ab
1044 786 1151 845 ipso.
1179 788 1274 831 Non
1296 785 1443 845 itaquc

49 868 168 904 tenet
198 860 417 913 homines,
443 859 530 903 sive
553 859 746 918 majoris,
779 859 866 903 sivc
897 857 1109 902 infantilis
1131 857 1284 912 aetatis,
1311 872 1444 917 prop-

49 940 113 976 ter
129 930 250 991 quod
270 931 466 975 homines
491 940 608 983 sunt,
635 931 709 974 scd
733 939 911 989 propter
938 929 1059 989 quod
1083 927 1300 972 immundi
1325 937 1442 971 sunt.

47 1003 131 1056 Qui
153 1017 257 1061 ergo
281 1002 464 1046 miratur
479 1002 581 1061 quia
604 1010 799 1046 creatura
816 1000 891 1044 Dei
910 999 1116 1045 subditur
1138 998 1331 1054 diabolo,
1357 1014 1446 1043 non

47 1072 230 1117 miretur
253 1092 260 1117 :
280 1071 484 1116 subditur
500 1072 614 1115 enim
638 1080 837 1115 creatura
856 1071 931 1114 Dei
956 1058 1166 1114 crcrsturae
1186 1070 1277 1125 Dei,
1304 1070 1445 1113 minor

47 1143 214 1202 majori,
241 1143 342 1203 quia
363 1143 496 1186 homo
519 1141 673 1199 angelo
693 1162 704 1197 3
729 1155 809 1186 ncc
833 1150 981 1185 tamen
1007 1150 1184 1200 propter
1214 1150 1410 1184 naturam
1431 1175 1442 1194 ,

47 1214 121 1258 sed
154 1222 333 1274 propter
365 1214 541 1269 vitium,
578 1213 681 1272 quia
710 1211 964 1256 immundus
995 1212 1242 1256 immundo.
1277 1212 1357 1256 Hic
1383 1220 1446 1255 est

47 1283 216 1329 fructus
234 1286 327 1344 ejus
344 1299 396 1328 ex
414 1284 593 1342 antiqua
620 1282 914 1327 immunditiae
939 1282 1090 1341 stirpe,
1117 1297 1249 1342 quam
1273 1282 1448 1341 planta-

47 1355 107 1399 vit
145 1355 190 1398 in
223 1354 425 1408 homine,
470 1355 652 1413 majores
678 1353 858 1413 quidem
893 1368 1046 1412 poenas
1081 1352 1238 1397 ultimo
1261 1353 1444 1412 judicio,

47 1434 214 1485 quanto
244 1435 306 1470 est
334 1424 624 1480 immundior,
661 1426 751 1484 ipse
784 1439 988 1484 passurus
1019 1443 1028 1468 ι
1061 1432 1365 1470 verumtamen
1404 1434 1447 1468 et
1514 1466 1524 1478 ,Κ

46 1495 208 1556 quibus
253 1496 298 1540 in
335 1494 408 1539 illa
441 1495 723 1540 damnatione
756 1495 1025 1540 tolerabilius
1066 1495 1168 1550 erit,
1202 1496 1306 1539 huic
1343 1505 1445 1539 sunt
1489 1501 1502 1524 ·’

45 1565 211 1612 subditi
230 1566 351 1611 velut
371 1566 557 1626 principi
589 1567 846 1627 auctorique
870 1567 1065 1626 peccati,
1092 1566 1195 1626 quia
1217 1566 1339 1611 nulla
1366 1567 1448 1611 erit

46 1636 337 1682 damnationis
354 1652 498 1692 causa,
520 1637 602 1682 nisi
619 1646 864 1697 peccatum.

105 1710 290 1752 XXVII.
304 1710 584 1768 Quapropter
606 1717 731 1753 natos
752 1724 842 1753 non
865 1723 916 1752 ex
938 1708 1059 1752 bono
1082 1722 1173 1767 quo
1200 1708 1330 1753 bonae
1349 1717 1451 1752 sunt

46 1779 230 1838 nuptiae,
255 1778 331 1823 sed
362 1794 415 1822 ex
438 1779 555 1824 malo
584 1778 976 1838 concupiscentiae,
1005 1793 1094 1838 quo
1124 1778 1241 1822 bene
1270 1778 1448 1838 quidem

46 1857 235 1892 utuntur
264 1850 458 1907 nuptiae,
497 1850 552 1893 de
580 1865 670 1909 quo
705 1859 854 1893 tamen
879 1848 1143 1893 erubescunt
1176 1857 1220 1892 et
1249 1849 1445 1907 nuptiae,

47 1934 142 1964 reos
159 1917 356 1963 diabolus
379 1919 580 1978 parvulos
606 1928 740 1964 tenet.
773 1919 882 1972 Quia
900 1934 1001 1963 cum
1022 1920 1108 1964 sint
1128 1920 1233 1978 ipsae
1255 1919 1448 1963 honora-

47 1988 156 2034 biles
173 1990 218 2033 in
235 1990 440 2034 omnibus
458 1988 513 2034 ad
530 2005 600 2034 eas
618 1990 791 2049 proprie
808 1990 1131 2049 pertinentibus
1151 1990 1277 2034 bonis
1290 2025 1301 2045 ,
1318 1990 1446 2033 etiam

47 2061 81 2104 si
104 2060 281 2104 thorum
304 2060 494 2104 habeant
516 2060 863 2115 immaculatum,
881 2076 970 2105 non
983 2060 1123 2105 solum
1147 2076 1170 2104 a
1192 2060 1447 2105 fornicatio-

47 2130 179 2174 nibus
198 2139 241 2174 et
261 2130 502 2185 adulteriis,
535 2146 634 2190 quae
656 2139 758 2175 sunt
779 2131 943 2190 flagitia
972 2130 1260 2186 damnabilia,
1294 2146 1446 2175 verum

48 2201 178 2245 etiam
217 2201 273 2246 ab
304 2201 388 2246 illis
421 2202 668 2246 excessibus
699 2200 1080 2258 concumbendi,l¹
1097 2203 1172 2262 qui
1207 2218 1296 2247 non
1335 2203 1448 2246 fiunt

45 2287 172 2318 causa
208 2271 340 2331 prolis
372 2272 599 2318 voluntate
634 2273 911 2328 dominante,
939 2273 1015 2317 sed
1052 2263 1182 2318 causa
1211 2273 1446 2332 voluptatis
1466 2286 1475 2299 ⁴

49 2344 251 2388 vincente
266 2343 473 2398 libidine,
496 2360 597 2404 quae
620 2353 724 2389 sunt
745 2345 791 2388 in
808 2345 1069 2404 conjugibus
1094 2353 1273 2403 peccata
1297 2345 1447 2388 venia-

48 2412 104 2457 lia
126 2433 134 2457 :
156 2422 304 2457 tamen
328 2429 429 2458 cum
456 2424 694 2459 venturum
712 2414 844 2458 fuerit
870 2414 925 2459 ad
954 2430 1063 2474 opus
1084 2413 1336 2473 generandi,
1358 2417 1447 2474 ipse

48 2481 121 2528 ille
137 2482 302 2538 licitus,
327 2485 626 2545 honestusque
653 2486 937 2534 concubitus,
970 2501 1058 2530 non
1085 2494 1334 2545 potestesse
1362 2487 1446 2528 line
1507 2487 1518 2501 '

99 2574 106 2588 '
128 2568 226 2600 Hebr.
245 2579 309 2609 uu,
334 2570 360 2610 ἦ.
