1804 3205
309 241 471 270 CONTRA
507 242 611 271 Duas
646 245 774 274 misr.
812 243 1041 274 numm.
1081 249 1161 274 Lm.
1197 250 1225 275 1.
1383 240 1464 277 413

76 305 224 350 mixtio
243 305 388 351 fuisset
404 343 414 362 ,
435 308 468 352 si
485 325 614 355 nemo
632 321 864 370 peccasset,
890 311 1030 372 qualis
1047 327 1164 358 nunc
1183 323 1246 358 est
1268 330 1368 358 cum
1390 331 1471 375 pu-

75 374 218 421 denda
235 377 433 434 libidine,
454 380 553 425 hinc
566 391 628 426 est
643 385 824 443 quaestio
842 403 849 429 z
870 384 924 429 de
939 401 1025 446 qua
1038 385 1290 444 diligentins
1306 396 1467 446 postea,

79 448 114 491 si
131 450 245 492 Deus
267 449 479 506 voluerit,
507 451 838 510 disputabimus.

133 521 213 563 xl.
255 521 372 574 Quid
400 531 545 568 tamen
569 525 637 569 isti
660 525 795 571 velint
816 562 826 582 ,
858 527 966 587 quid
991 529 1248 584 intendant,
1268 544 1357 589 quo
1379 545 1468 573 rem

70 590 310 649 perducere
343 594 607 652 moliantur,
650 596 857 657 adjuncta
891 599 1011 644 istius
1046 601 1179 645 verba
1215 600 1465 656 declarant,

71 661 147 705 ubi
170 664 228 707 ait
244 679 321 709 nos
335 665 494 722 dicere,
524 686 544 709 »
567 678 794 728 propterea
814 685 886 715 eos
909 672 984 731 qui
1005 672 1257 716 innocentes
1280 688 1468 717 nascun-

71 740 142 776 tur
170 749 263 780 reos
286 751 375 780 esse
393 772 403 792 ,
427 747 469 782 et
493 754 515 782 a
534 739 711 785 diabolo
738 742 827 785 lieri
847 777 857 797 ,
886 758 975 787 non
995 759 1017 787 a
1041 746 1132 788 Deo
1153 779 1162 798 ,
1189 744 1290 803 quia
1310 743 1364 787 de
1386 744 1466 788 hac

71 803 287 851 diabolica
309 810 621 856 commixtione
654 823 907 858 nascuntur.
933 833 953 857 »
979 816 1092 859 Cum
1116 816 1264 875 itaque
1287 830 1364 860 1105
1386 830 1467 859 1160

70 874 330 922 diabolicam
363 879 558 925 dicamus
589 884 823 943 conjugum
858 886 1212 930 commixtionem
1234 921 1244 940 ,
1284 886 1467 929 maxime

69 945 289 1005 fidelium,
313 967 412 1011 quse
432 953 479 997 fu
497 969 625 998 causa
646 956 994 1013 generandorum
1014 957 1090 1015 qui
1114 966 1262 1015 postea
1285 970 1467 1014 regene-

69 1020 192 1065 randi
221 1033 349 1079 sunt,
368 1025 557 1070 tiliorum
588 1046 594 1069 ε
623 1042 702 1071 1160
736 1028 930 1072 homines
961 1027 1071 1072 ullos
1101 1043 1123 1071 a
1149 1027 1325 1071 diabolo
1344 1026 1463 1081 fieri,

65 1092 140 1137 sed
163 1109 185 1138 a
205 1097 294 1141 Deo
317 1097 360 1140 in
382 1107 600 1156 quantum
628 1098 827 1143 homines
859 1108 961 1144 sunt
984 1119 992 1144 z
1024 1107 1066 1142 et
1091 1108 1234 1143 tamen
1257 1098 1387 1142 etiam
1411 1096 1465 1141 de

68 1167 326 1225 conjugibus
350 1168 553 1213 fidelibus
585 1184 679 1214 reos
699 1170 815 1214 nasei
836 1205 846 1225 ,
873 1178 1083 1230 tanquam
1109 1184 1160 1213 ex
1191 1169 1304 1214 oliva
1328 1168 1465 1213 oleas-

65 1244 180 1281 trum
198 1273 208 1293 ,
234 1248 412 1297 propter
445 1239 655 1297 originale
679 1249 907 1299 peccatum
935 1261 946 1297 3
982 1249 1023 1284 et
1059 1249 1237 1299 propter
1262 1240 1347 1284 1100
1375 1254 1465 1284 6550

63 1307 145 1351 sub
159 1308 354 1365 diabolo,
369 1310 449 1354 nisi
464 1320 748 1356 renascantur
763 1312 807 1356 in
824 1312 998 1357 Christo
1014 1332 1023 1368 3
1038 1312 1249 1370 quoniam
1263 1309 1465 1355 diabolus

63 1378 204 1439 eulpae
224 1390 375 1426 auctor
391 1391 470 1437 est,
495 1398 585 1428 non
607 1392 775 1427 naturae
799 1402 806 1427 :
833 1392 983 1428 contra
1005 1381 1068 1426 illi
1086 1382 1290 1442 parvulos
1312 1382 1464 1427 dicen-

63 1458 125 1495 tes
155 1451 327 1496 nullum
361 1455 529 1498 trahere
550 1455 758 1514 originale
783 1463 1012 1513 peceatum
1035 1489 1044 1509 ,
1070 1463 1113 1498 et
1138 1453 1237 1498 ideo
1260 1468 1350 1498 non
1374 1469 1464 1498 esse

62 1522 145 1566 sub
165 1522 341 1569 diabolo
361 1546 371 1581 3
404 1524 513 1584 quid
530 1525 703 1570 efficere
722 1525 945 1579 laborant,
970 1524 1051 1568 nisi
1072 1533 1121 1568 ut
1137 1524 1208 1567 illa
1231 1524 1307 1567 Dei
1330 1524 1464 1581 gratia

61 1604 297 1640 evacuetur
311 1596 356 1640 in
371 1596 576 1656 parvulis,
597 1613 685 1657 qua
703 1597 816 1641 eruit
834 1612 929 1651 nos,
950 1596 1062 1640 sicut
1080 1594 1188 1639 dicit
1206 1593 1460 1653 Apostolus,

60 1663 116 1708 de
149 1675 364 1725 potestate
394 1668 674 1712 tenebrarum
697 1703 707 1723 ,
744 1677 787 1712 et
820 1667 1042 1713 transtulit
1081 1667 1126 1710 in
1161 1681 1347 1724 regnum
1385 1665 1463 1708 filii

60 1735 281 1782 charitatis
304 1753 394 1783 suae
422 1741 432 1763 ¹
454 1741 472 1783 ι)
499 1738 871 1798 Quandoquidem
895 1737 1285 1797 parvulos‘negant
1306 1750 1395 1780 esse
1418 1735 1463 1779 in

60 1816 274 1866 potestate
297 1810 596 1864 tenebrarum,
614 1809 743 1853 etiam
763 1818 863 1853 ante
876 1807 1053 1852 Domini
1078 1805 1322 1851 liberatoris
1340 1806 1462 1850 auxi-

60 1877 169 1923 lium
187 1900 198 1937 3
217 1881 275 1924 ita
289 1880 334 1925 in
353 1881 412 1926 eis
429 1880 659 1926 laudantes
677 1895 786 1940 opus
804 1879 1038 1933 Creatoris,
1054 1887 1104 1922 ut
1121 1876 1461 1922 misericordiam

61 1947 289 1996 destruant
317 1951 637 2011 Redemptoris.
669 1953 812 2005 Quam
839 1966 916 1996 nos
948 1950 1155 2010 quoniam
1188 1958 1231 1993 et
1252 1949 1298 1992 in
1320 1949 1460 2008 majo-

61 2020 182 2066 ribus
216 2031 259 2066 et
293 2021 338 2067 in
366 2022 557 2082 parvulis
593 2022 855 2067 confitemur
873 2056 884 2077 ,
914 2039 934 2062 «
958 2021 1045 2065 hoe
1067 2019 1174 2064 dicit
1201 2020 1291 2063 sine
1315 2018 1461 2079 aliqua

61 2093 348 2152 ambiguitate
370 2110 458 2139 esse
489 2094 783 2140 Manichaeum
809 2112 816 2137 ε
847 2112 867 2134 »
893 2107 993 2137 eum
1023 2091 1078 2136 sit
1109 2090 1460 2151 antiquissimum

61 2163 325 2210 catholicum
351 2201 362 2220 ,
389 2165 508 2210 unde
530 2179 694 2210 novum
720 2165 900 2209 istorum
931 2162 1093 2222 dogma
1121 2171 1341 2207 evertatur
1373 2162 1460 2205 hae-

61 2238 260 2275 retlcum.

118 2285 223 2346 xli.
262 2321 281 2343 «
307 2302 499 2356 Dicunt,
526 2301 697 2361 inquit,
725 2309 894 2344 sanctos
922 2300 966 2344 in
991 2301 1146 2343 Vetere
1182 2302 1457 2343 Testamento

61 2386 151 2416 non
184 2373 370 2417 caruisse
401 2373 587 2433 peccatis
609 2407 619 2426 ,
646 2371 687 2415 id
714 2380 803 2425 est,
836 2386 915 2414 nec
949 2385 1025 2429 per
1053 2370 1406 2415 emendationem
1432 2387 1457 2415 a

60 2443 316 2488 criminibus
339 2444 467 2489 fuisse
498 2444 656 2488 liberos
679 2477 689 2497 ,
716 2441 791 2487 sed
810 2443 854 2486 in
878 2457 948 2486 rea
964 2450 1037 2486 tua
1060 2450 1198 2486 morte
1222 2441 1353 2486 fuisse
1376 2442 1454 2486 dem

61 2516 311 2573 prehensos.
338 2518 431 2561 Imo
453 2515 637 2561 dicimus
667 2511 735 2558 vel
758 2522 858 2558 ante
882 2516 1039 2572 Legem
1062 2512 1131 2558 vel
1155 2522 1348 2571 tempore
1366 2513 1455 2556 Ve-

112 2606 118 2622 ¹
139 2600 256 2634 Coloss.
278 2612 301 2642 1,
332 2600 381 2632 13.
