1784 3205
360 193 442 232 106
799 203 830 232 s.
867 203 1096 233 Aneus'rim
1131 205 1311 233 zmscom

355 283 470 314 mam
484 277 526 313 et
534 271 690 324 Deum,
703 278 745 313 et
753 278 918 328 partem
927 269 1003 312 Dei
1018 267 1171 313 dixerit
1185 270 1373 312 animam
1388 286 1398 314 ι
1414 270 1474 313 sic
1489 270 1606 314 enim
1621 285 1740 316 acce-

355 349 531 400 perunt,
554 340 674 399 quod
695 339 885 399 ejusdem
902 348 1038 383 status
1060 349 1192 399 atque
1219 340 1391 384 virtutis
1412 355 1507 384 eam
1524 355 1612 384 esse
1636 357 1738 386 cum

355 414 446 456 Deo
463 412 656 456 senserit.
686 415 735 455 In
753 421 943 463 extremo
963 420 1108 455 autem
1130 412 1401 471 objectorum
1423 412 1612 471 positum
1641 421 1706 457 est
1726 431 1735 457 z

359 501 380 525 «
398 482 524 536 Quod
544 482 859 541 poenitentibus
881 482 1006 526 venia
1038 497 1126 525 non
1149 481 1277 526 detur
1298 481 1539 526 secundum
1559 482 1739 540 gratiam

355 561 399 597 et
415 551 752 597 misericordiam
769 553 871 606 Dei,
897 552 972 595 sed
989 552 1231 596 secundum
1253 552 1456 596 meritum
1480 562 1523 596 et
1546 552 1738 596 laborem

352 638 525 678 eorum,
551 624 626 683 qui
649 639 724 682 per
743 623 1045 681 poenitentiam
1067 622 1186 680 digni
1209 623 1374 667 fuerint
1398 622 1737 667 misericordia.»

351 696 455 737 Haec
471 694 633 748 omnia,
650 703 693 737 et
714 694 748 738 si
770 710 866 754 quae
888 694 1283 751 argumentationes
1297 692 1351 738 ad
1369 709 1417 737 ea
1438 692 1736 738 confirmanda

350 764 616 823 interpositae
643 773 746 808 sunt
770 799 780 819 ,
816 780 892 808 sua
921 773 1180 822 negantem,
1219 774 1264 808 et
1301 765 1736 808 anathematizantem

353 833 575 892 Pelagium
584 833 752 894 judices
763 834 1137 893 approbaverunt:
1156 844 1198 879 et
1214 834 1312 879 ideo
1322 835 1734 894 pronuntiaverunt,

351 921 450 950 eum
466 906 681 950 contraria
701 904 997 950 ecclesiasticae
1013 905 1115 950 fidei
1133 906 1409 964 reprobando
1431 915 1474 950 et
1490 906 1739 950 anathema-

349 976 522 1022 tizando
534 1012 545 1032 ,
570 976 812 1022 damnasse.
835 980 896 1021 Ac
909 993 984 1036 per
1004 978 1088 1022 hoc
1103 977 1436 1037 quomodolibet
1450 975 1739 1022 eaCoelestius

348 1049 542 1108 posuerit
563 1058 640 1093 aut
671 1064 761 1093 non
779 1049 972 1108 posuerit
991 1083 1003 1104 ,
1028 1049 1097 1093 vel
1120 1048 1319 1108 Pelagius
1342 1048 1522 1093 senserit
1544 1057 1620 1092 aut
1648 1063 1739 1092 non

347 1120 541 1174 senserit,
560 1128 680 1163 tanta
694 1118 807 1163 mala
829 1128 918 1164 tam
936 1134 1060 1165 novae
1072 1119 1203 1179 hujus
1224 1120 1397 1164 haeresis
1418 1119 1494 1164 illo
1518 1117 1739 1164 ecclesias-

350 1190 434 1234 tico
454 1189 621 1249 judicio
643 1190 851 1234 damnata
872 1190 1154 1248 gaudeamus,
1179 1199 1222 1235 et
1252 1193 1342 1235 Deo
1365 1190 1522 1249 gratias
1540 1204 1735 1248 agamus,

348 1259 588 1319 laudesque
609 1260 819 1304 dicamus.

376 1389 384 1393 .
406 1332 561 1374 LXVI.
588 1333 649 1374 De
669 1330 734 1375 his
759 1340 924 1385 autem,
948 1346 1048 1392 quae
1070 1340 1168 1391 post
1184 1331 1268 1376 hoc
1280 1330 1496 1390 judicium
1516 1330 1578 1374 ibi
1594 1345 1618 1374 a
1636 1345 1738 1375 nes-

345 1401 413 1445 cio
435 1417 525 1461 quo
541 1416 684 1446 cuneo
703 1401 994 1461 perditorum,
1017 1402 1095 1461 qui
1112 1400 1238 1446 valde
1260 1400 1306 1444 in
1326 1415 1577 1460 perversum
1592 1401 1739 1460 perhi-

348 1471 511 1516 bentur
534 1472 709 1532 Pelagio
735 1472 981 1531 suffragari,
1008 1471 1254 1517 incredibili
1286 1471 1465 1516 audacia
1492 1481 1743 1531 perpetrata

347 1542 556 1587 dicuntur
577 1548 637 1600 (7)
653 1578 665 1598 ,
682 1553 732 1588 ut
750 1544 826 1588 Dei
849 1543 960 1588 servi
981 1552 1025 1601 et
1042 1543 1211 1588 ancillae
1234 1541 1289 1586 ad
1305 1557 1455 1586 curam
1475 1543 1611 1586 sancti
1633 1543 1738 1586 Hie-

346 1614 518 1671 ronymi
540 1615 784 1673 presbyteri
805 1616 1089 1674 pertinentes,
1107 1614 1432 1659 sceleratissima
1447 1612 1566 1658 caede
1588 1614 1738 1658 affice-

346 1694 496 1728 rentur
515 1719 527 1740 ,
562 1685 778 1730 Diaconus
815 1684 1085 1730 occideretur
1110 1720 1121 1740 ,
1160 1685 1340 1729 aedificia
1374 1684 1735 1729 monasteriorum

346 1755 708 1811 incenderentur,
737 1757 807 1802 vix
829 1757 971 1815 ipsum
994 1758 1049 1799 ab
1077 1757 1161 1800 hoc
1190 1757 1359 1815 impetu
1395 1765 1526 1815 atque
1558 1756 1736 1800 incursu

344 1825 579 1884 impiorum
606 1829 651 1870 in
682 1828 758 1872 Dei
782 1827 1073 1872 misericordia
1105 1827 1234 1871 turris
1258 1827 1467 1870 munitior
1493 1836 1689 1871 tueretur
1722 1848 1735 1886 3

344 1897 578 1941 tacendum
610 1900 734 1943 nobis
759 1900 901 1958 potius
923 1900 1052 1943 video
1068 1933 1078 1953 ,
1104 1908 1147 1942 et
1169 1898 1485 1958 expectandum
1512 1898 1620 1958 quid
1645 1898 1733 1943 illic

344 1967 497 2012 fratres
516 1971 650 2012 nostri
682 1971 871 2028 episcopi
894 1970 948 2013 de
977 1971 1042 2013 his
1074 1969 1202 2012 tantis
1234 1968 1355 2012 malis
1383 1968 1600 2027 agendum
1625 1969 1734 2013 exis-

344 2037 515 2093 timent,
533 2056 555 2082 a
570 2040 730 2099 quibus
755 2056 826 2084 eos
844 2040 1115 2083 dissimulare
1130 2055 1267 2098 posse,
1293 2040 1389 2098 quis
1406 2039 1579 2082 credat‘r‘
1597 2040 1735 2098 Impia

345 2109 508 2167 quippe
543 2111 747 2169 dogmata
786 2109 1088 2170 hujuscemodi
1128 2110 1355 2152 hominum
1372 2144 1383 2164 ‚
1417 2126 1440 2153 a
1469 2109 1739 2168 quibuslibet

346 2178 596 2231 catholicis,
621 2181 750 2224 etiam
772 2182 849 2240 qui
878 2181 933 2223 ab
957 2179 1038 2224 illis
1065 2180 1187 2223 terris
1208 2177 1339 2236 longe
1367 2179 1528 2222 absunt
1547 2214 1559 2233 ‚
1588 2179 1738 2224 redar-

347 2249 518 2308 guenda
535 2262 638 2295 sunt
658 2272 668 2308 3
694 2267 748 2294 ne
769 2251 1038 2310 ubicumque
1060 2266 1217 2295 nocere
1244 2250 1406 2309 possint
1426 2285 1437 2305 ,
1468 2265 1557 2309 quo
1581 2266 1738 2309 perve-

347 2320 439 2363 nire
471 2322 726 2380 potuerint:
760 2322 892 2381 impia
924 2337 1026 2365 vero
1056 2320 1169 2365 facta
1190 2355 1202 2376 ,
1225 2336 1414 2378 quorum
1445 2320 1650 2365 coercitio
1684 2321 1740 2365 ad

348 2391 636 2450 episcopalem
668 2392 857 2451 pertinet
878 2391 1150 2450 disciplinam
1165 2425 1176 2445 ,
1197 2390 1275 2434 ubi
1297 2390 1632 2435 committuntur
1646 2425 1658 2445 ,
1678 2390 1740 2434 ibi

349 2461 622 2518 potissimum
644 2477 667 2504 a
690 2461 975 2520 praesentibus
998 2460 1063 2505 vel
1086 2461 1131 2504 in
1153 2460 1349 2520 proximo
1370 2461 1630 2515 constitutis,
1644 2459 1736 2504 dili-

354 2532 497 2588 gentia
516 2531 720 2590 pastorali
735 2541 776 2576 et
791 2533 859 2590 pia
873 2533 1097 2577 severitate
1107 2531 1339 2591 plectenda
1356 2541 1471 2577 sunt.
1487 2534 1572 2578 Nos
1589 2532 1736 2591 itaque
