1804 3205
339 226 390 253 nn
427 225 562 254 ΛΝιΜΛ
596 227 648 253 ET
680 227 776 252 mis
809 226 1004 264 omanus,
1041 227 1120 253 Lm.
1161 228 1206 254 u.
1385 215 1462 254 341

83 293 208 346 verit,
230 301 272 335 et
304 293 486 337 termino
507 293 857 348 communiverit,
877 301 1006 353 atque
1021 293 1104 336 tuis
1131 293 1319 338 humeris
1340 294 1472 353 impo-

81 363 216 407 suerit
238 377 349 406 onus
373 362 621 421 religiosum
645 364 924 408 correctionis
946 371 988 407 et
1010 362 1323 408 emendationis
1345 380 1433 408 suae
1460 384 1467 408 :

82 434 164 477 hoc
180 432 298 492 apud
318 442 358 477 te
380 432 572 477 inveniat
591 433 711 493 quod
735 434 901 493 petivit,
927 443 976 478 ut
994 433 1197 478 emendes
1215 449 1313 478 eum
1331 436 1473 492 justus

81 506 122 549 in
152 504 458 558 misericordia,
483 514 526 549 et
547 520 699 563 arguas
723 509 875 563 eum¹;
900 506 1046 551 oleum
1068 515 1214 550 autem
1237 507 1473 565 peccatoris

80 591 170 635 quo
191 577 486 635 impinguetur
506 587 637 635 caput
657 577 766 636 ejus,
788 577 897 621 absit
920 593 941 621 a
964 576 1165 621 manibus
1183 586 1314 637 atque
1336 576 1473 621 oculis

83 648 164 692 tuis
180 682 190 701 ,
219 647 264 690 id
291 656 378 702 est,
409 648 639 692 assentatio
663 647 868 691 indecens
890 647 1106 692 adulantis
1125 683 1137 703 ,
1162 658 1206 692 et
1227 648 1473 707 deceptoria

81 717 278 763 lenitudo
298 718 582 763 blandientis.
602 719 730 772 Quod
764 721 796 763 si
814 720 1046 764 emendare
1063 719 1270 778 negligis,
1292 734 1391 763 cum
1411 721 1476 763 vi·

79 788 180 833 deas
204 789 530 833 emendandum
549 824 559 843 ,
595 789 798 833 adversus
825 790 1079 834 charitatem
1108 788 1212 834 facis
1238 808 1247 834 :
1273 789 1306 833 si
1327 798 1474 833 autem

80 859 159 904 tibi
190 859 488 904 emendandus
513 870 739 920 propterea
768 876 856 905 non
880 860 1068 916 videtur,
1100 861 1203 920 quia
1227 869 1351 920 putas
1374 875 1475 904 eum

79 940 193 975 recte
216 932 293 975 ista
321 933 526 987 sensisse,
553 932 758 976 adversus
783 933 1008 977 veritatem
1033 933 1158 992 sapis.
1193 935 1248 976 Et
1277 931 1375 976 ideo
1403 930 1476 975 ille

79 1002 248 1057 melior,
289 1006 363 1063 qui
389 1003 610 1047 emendari
633 1013 695 1047 est
718 1004 920 1062 paratior,
946 1005 980 1047 si
1002 1019 1090 1047 non
1114 1002 1303 1046 defuerit
1325 1017 1475 1045 emen-

79 1072 220 1128 dator,
249 1089 381 1133 quam
410 1083 473 1128 tu,
501 1076 533 1117 si
556 1073 624 1118 vel
647 1074 784 1117 sciens
806 1074 1037 1118 irridenter
1059 1071 1301 1118 contemnis
1323 1088 1474 1117 erran-

81 1153 179 1198 tem,
208 1143 274 1187 vel
306 1144 499 1187 nesciens
523 1145 684 1204 pariter
707 1145 881 1188 sectaris
911 1159 1115 1188 errorem.
1145 1143 1300 1187 Omnia
1328 1144 1474 1203 itaque

79 1216 121 1258 in
146 1215 304 1259 eisdem
329 1215 448 1259 libris
467 1215 520 1259 ad
543 1225 582 1259 te
602 1216 768 1275 seriptis
786 1224 828 1259 et
847 1215 924 1260 tibi
945 1216 1110 1260 traditis
1130 1215 1274 1259 sobrie
1289 1213 1474 1273 vigilan-

79 1295 231 1345 terque
251 1286 490 1341 considera,
511 1295 552 1329 et
572 1285 695 1345 plura
713 1301 846 1346 quam
865 1302 943 1345 ego
960 1287 1153 1331 invenies
1174 1285 1351 1331 fortasse
1375 1285 1472 1330 cul-

79 1357 234 1416 panda.
275 1359 328 1399 Et
361 1371 652 1416 quaecumque
682 1357 739 1400 ibi
768 1366 869 1400 sunt
901 1356 1185 1416 approbanda
1212 1366 1344 1417 atque
1376 1355 1474 1401 lau·

79 1427 238 1481 danda,
257 1426 415 1487 siquid
435 1429 477 1470 in
496 1429 554 1471 eis
576 1444 619 1471 re
640 1443 739 1471 vera
764 1427 943 1472 forsitan
966 1428 1213 1486 ignorabas,
1239 1437 1369 1487 atque
1391 1428 1473 1472 isto

78 1498 314 1542 disserente
336 1498 524 1542 didicisti
546 1533 556 1552 ,
582 1497 806 1541 evidenter
829 1499 1032 1557 profitere
1053 1497 1161 1558 quid
1183 1497 1294 1542 illud
1314 1499 1367 1542 sit
1388 1519 1399 1555 3
1424 1507 1475 1542 ut

78 1567 132 1611 de.
159 1569 240 1612 hoc
262 1577 303 1611 te
329 1568 483 1626 gratias
506 1568 656 1627 egisse,
684 1583 772 1612 non
795 1568 850 1611 de
873 1569 937 1612 his
959 1584 1060 1628 quae
1081 1567 1166 1611 illie
1185 1567 1473 1626 improbanda

81 1649 166 1683 tam
185 1636 322 1684 multa
340 1648 442 1683 sunt
460 1674 469 1694 ,
492 1654 640 1683 omnes
658 1640 860 1684 noverint
877 1674 886 1693 ,
909 1639 985 1699 qui
1002 1638 1071 1683 vel
1090 1639 1298 1684 recitante
1313 1638 1389 1684 illo
1408 1648 1473 1683 te-

78 1726 177 1754 cum
201 1710 330 1754 simul
354 1710 617 1766 audierunt,
638 1710 706 1755 vel
725 1712 899 1755 eosdem
918 1720 1066 1769 postea
1086 1709 1219 1754 libros
1235 1709 1436 1767 legerunt
1459 1729 1468 1755 :

79 1796 133 1824 ne
156 1782 197 1824 in
222 1782 312 1840 ejus
342 1791 495 1825 ornato
519 1781 694 1840 eloquio
718 1790 927 1840 tanquam
953 1781 996 1822 in
1027 1780 1215 1838 pretioso
1244 1780 1402 1839 poculo
1430 1790 1472 1825 te

79 1851 315 1905 invitante,
343 1851 421 1894 etsi
443 1865 532 1894 non
558 1850 734 1894 bibente
751 1885 761 1903 ,
787 1865 1005 1894 venenum
1032 1850 1207 1905 bibant,
1233 1850 1265 1893 si
1290 1856 1337 1894 tu
1363 1849 1470 1910 quid

79 1922 180 1965 inde
200 1921 359 1965 biberis
379 1956 389 1975 ,
410 1929 453 1964 et
470 1920 577 1980 quid
596 1936 684 1965 non
704 1920 863 1964 biberis
881 1921 1106 1976 nesciunt,
1124 1929 1167 1964 et
1184 1930 1360 1980 propter
1375 1921 1469 1965 lau-

79 1990 177 2035 dem
218 2001 337 2035 tuam
378 1992 521 2035 omnia
561 1990 648 2035 illie
687 1990 881 2034 bibenda
920 1989 1150 2034 salubriter
1185 1991 1466 2034 arbitrantur.

79 2063 284 2116 Quamvis
312 2071 355 2106 et
385 2061 550 2115 audire,
584 2070 626 2105 et
650 2061 810 2120 legere,
839 2070 882 2105 et
905 2077 1003 2120 quae
1033 2061 1146 2105 dicta
1171 2071 1274 2105 sunt
1297 2061 1470 2104 haurire

79 2133 302 2186 memoria,
326 2132 433 2192 qnid
458 2141 521 2175 est
546 2131 625 2175 nisi
651 2131 828 2174 bibere?
853 2130 935 2176 Sed
962 2130 1160 2190 praedixit
1185 2132 1392 2175 Dominus
1416 2130 1471 2174 de

80 2201 281 2247 fidelibus
307 2203 392 2246 suis
408 2237 419 2257 ,
448 2201 568 2262 quod
594 2210 636 2245 et
662 2202 695 2245 si
721 2201 993 2245 mortiferum
1014 2201 1122 2262 quid
1147 2202 1355 2256 biberint,
1380 2217 1469 2245 non

78 2275 137 2317 eis
159 2273 334 2318 nocebit
356 2277 388 2316 ’ἦ
423 2276 484 2317 Ae
507 2288 583 2332 per
605 2273 688 2317 hoc
711 2272 786 2332 qui
809 2288 908 2316 cum
926 2271 1092 2332 judicio
1120 2271 1298 2330 legunt,
1329 2281 1372 2316 et
1399 2287 1468 2317 se-

79 2343 272 2388 cundum
297 2342 490 2402 regulam
515 2342 614 2386 fidei
638 2341 921 2402 approbanda
945 2343 1217 2401 approbant,
1241 2351 1284 2386 et
1305 2343 1469 2402 impro-

81 2414 187 2458 bant
219 2413 530 2470 improbanda3
563 2413 692 2457 etiam
720 2413 753 2456 si
782 2411 1092 2457 commendant
1126 2413 1345 2458 niemoriae
1371 2429 1469 2472 quae

82 2483 369 2543 improbanda
383 2483 605 2538 dicuntur,
623 2482 742 2527 nulla
762 2492 972 2528 venenata
992 2484 1302 2528 sententiarum
1324 2485 1469 2543 pravi-

131 2576 138 2591 ι
163 2569 241 2601 psal,
268 2580 337 2611 cu„
355 2570 384 2603 5,
402 2587 442 2593 -
460 2577 471 2592 ²
491 2571 588 2601 Marc.
616 2567 759 2611 waJiS-
