1784 3205
322 187 403 224 166
752 194 783 221 s,
823 194 1052 221 AI7GUST1N1
1086 195 1267 221 Emscom

319 261 475 305 mentis
505 261 708 305 omnibus
741 274 830 304 esse
859 275 949 303 non
972 259 1199 303 dubitatur
1229 260 1416 315 incerta3
1446 258 1555 302 nihil
1584 259 1702 304 aliud

317 346 418 375 eum
441 330 707 390 putavimus,
732 345 864 389 quam
887 330 1011 373 istam
1026 330 1254 374 mortalem
1276 329 1405 374 vitam
1421 328 1622 373 maluisse
1637 329 1701 372 di-

317 416 412 446 cere
445 400 668 444 incertam.
712 402 773 443 Ac
810 414 888 457 per
925 400 1008 443 hoc
1042 399 1239 458 quamvis
1270 408 1477 443 aeternam
1514 408 1698 443 mortem

316 470 595 531 parvulorum
620 470 711 513 sine
734 469 1000 528 baptismatis
1021 479 1288 514 sacramento
1310 484 1361 513 ex
1390 469 1472 512 hac
1499 469 1587 513 vita
1615 470 1701 512 mi-

317 542 534 601 grantium
557 549 702 599 aperte
725 539 914 584 noluerit
944 541 1141 584 confiteri
1174 560 1182 584 ε
1208 549 1352 583 tamen
1376 538 1431 582 de
1451 537 1524 583 illo
1547 539 1702 583 sollici-

317 612 512 657 tudinem
537 620 727 654 nostram
746 611 868 670 quasi
885 619 1002 654 certa
1027 610 1302 655 ratiocinatio
1320 609 1556 653 solabatur.
1577 610 1703 654 Dice-

317 684 469 726 bamus
492 682 607 724 enim
640 700 649 726 :
679 681 721 726 Si
743 690 953 740 perpetua
974 682 1063 725 vita
1084 716 1095 735 ,
1126 681 1237 725 sicut
1271 680 1469 724 confiteri
1496 679 1670 724 videtur
1688 716 1699 736 ,

320 753 400 795 nisi
432 766 582 795 eorum
607 752 683 809 qui
707 751 911 809 baptizati
948 759 1049 794 sunt
1082 766 1170 794 non
1193 758 1335 808 potest
1367 764 1478 806 esse3
1508 749 1704 808 profecto

322 838 393 867 eos
416 822 491 881 qui
515 837 602 866 non
630 822 836 880 baptizati
865 822 1115 866 moriuntur
1131 856 1141 875 ,
1174 836 1289 865 mors
1311 830 1519 879 perpetua
1554 836 1706 866 conse-

319 902 493 951 quetur.
530 892 658 944 Quod
680 892 800 936 nulla
820 893 984 951 justitia
1010 901 1152 951 potest
1179 892 1374 937 accidere
1395 893 1482 947 his,
1502 908 1525 937 a
1547 894 1706 953 quibus

321 963 366 1005 in
395 963 474 1005 hac
504 963 590 1005 vita
614 961 734 1005 nulla
758 972 934 1021 peccata
962 962 1184 1006 commissa
1217 972 1339 1017 sunt,
1369 963 1475 1007 nisi¹
1498 963 1708 1022 originale

325 1041 570 1091 peccatum.

380 1105 549 1146 XXIII.
574 1101 656 1146 Sed
673 1112 821 1160 postea
837 1117 926 1146 non
941 1101 1178 1146 defuerunt
1193 1100 1346 1146 fratres
1360 1103 1436 1162 qui
1453 1117 1531 1147 nos
1554 1103 1708 1148 admo-

323 1181 497 1225 nerent,
531 1173 612 1215 hoc
644 1172 742 1215 ideo
767 1172 910 1215 dicere
947 1172 1168 1230 Pelagium
1192 1173 1405 1231 potuisse,
1432 1173 1534 1232 quia
1557 1172 1611 1216 de
1629 1173 1708 1218 ista

322 1243 563 1301 quaestione
583 1242 642 1283 ita
666 1241 916 1297 perhibetur
938 1242 1087 1285 solitus
1104 1241 1367 1301 respondere
1389 1245 1704 1302 quaerentibus,

325 1321 374 1360 ut
396 1312 582 1365 diceret,
612 1331 632 1353 «
656 1313 756 1355 Sine
786 1313 1000 1370 baptismo
1023 1312 1190 1370 parvuli
1216 1313 1470 1368 morientes,
1502 1330 1590 1374 quo
1620 1330 1710 1360 non

324 1392 425 1426 eant
440 1417 450 1436 ‚
475 1383 585 1440 scio3
607 1398 695 1442 quo
717 1392 833 1437 eant,
851 1384 995 1428 nescio
1018 1402 1026 1428 :
1055 1402 1075 1424 »
1100 1383 1144 1427 id
1163 1393 1251 1437 est,
1274 1399 1363 1428 non
1382 1385 1444 1429 ire
1464 1385 1511 1429 in
1526 1401 1710 1445 regnum

326 1453 538 1497 coelorum
557 1454 668 1511 sci03
693 1469 781 1512 quo
797 1468 900 1497 vcro
922 1462 1040 1508 eant,
1066 1454 1165 1498 ideo
1179 1470 1223 1499 se
1247 1455 1411 1499 nescire
1428 1455 1616 1511 dicebat,
1637 1466 1712 1501 ant

326 1523 446 1577 dicit,
471 1523 572 1582 quia
595 1524 737 1567 dicere
755 1538 842 1567 non
866 1524 1056 1568 audebat
1075 1525 1119 1567 in
1140 1533 1323 1568 mortem
1353 1524 1448 1569 illos
1470 1526 1531 1569 ire
1553 1541 1710 1585 perpe-

327 1604 447 1638 tuam
466 1628 476 1648 ,
495 1609 604 1653 quos
626 1594 754 1638 ethic
772 1593 880 1637 nihil
900 1594 1000 1637 mali
1023 1595 1284 1638 commisisse
1305 1595 1540 1650 sentiebat,
1565 1605 1607 1640 et
1627 1597 1711 1640 ori-

329 1664 470 1722 ginale
494 1665 666 1708 traxisse
694 1673 919 1723 peccatum
944 1680 1034 1708 non
1056 1664 1368 1708 consentiebat.
1397 1668 1550 1725 Itaque
1568 1675 1607 1710 et
1632 1667 1711 1711 ista

327 1736 418 1793 ejus
435 1735 566 1779 verba
590 1738 773 1779 Romam
792 1751 871 1795 pro
893 1750 1049 1793 magna
1067 1737 1157 1795 ejus
1173 1736 1430 1794 purgatione
1445 1737 1709 1792 transmissa,

329 1815 415 1848 tam
435 1814 534 1848 sunt
557 1806 782 1862 ambigua,
808 1815 856 1849 ut
873 1805 1037 1864 possint
1050 1821 1200 1850 eorum
1219 1805 1409 1863 dogmati
1428 1807 1622 1865 praebere
1645 1807 1712 1851 la-

330 1875 490 1929 tibula,
516 1875 634 1918 unde
663 1876 717 1918 ad
743 1875 1036 1919 insidiandum
1064 1875 1255 1934 prosiliat
1280 1876 1511 1920 haereticus
1533 1892 1679 1921 sensus
1696 1912 1708 1932 ‚

329 1944 506 2002 quando
541 1945 664 1988 nullo
693 1946 903 1989 existente
933 1945 1008 2004 qui
1029 1944 1171 1989 valeat
1195 1945 1477 2004 respondere,
1502 1954 1711 2006 tanquam

330 2014 371 2055 in
394 2013 627 2057 solitudine
643 2014 797 2072 aliquis
820 2015 1038 2058 invenitur
1055 2015 1267 2058 infirmus.

388 2084 550 2125 XXIV.
576 2085 672 2126 Jam
696 2098 797 2127 vero
819 2086 862 2126 in
883 2082 993 2126 libro
1015 2084 1117 2126 fidei
1133 2099 1238 2138 suae,
1259 2099 1391 2144 quem
1409 2088 1594 2130 Romam
1611 2101 1711 2130 cum

330 2151 429 2208 ipsis
464 2151 615 2195 litteris
648 2153 761 2196 misit
784 2152 839 2195 ad
872 2151 1073 2195 eumdem
1102 2168 1259 2211 papam
1292 2155 1622 2210 Innocentium,
1656 2157 1711 2200 ad

329 2236 459 2279 quem
478 2222 607 2265 etiam
630 2222 854 2281 epistolam
876 2223 1128 2281 scripserat,
1154 2223 1293 2267 multo
1311 2225 1555 2269 evidentius
1576 2241 1620 2270 se
1640 2227 1709 2285 ip-

329 2304 424 2333 sum
450 2292 637 2349 tegendo
658 2293 856 2347 nudavit,
878 2292 1040 2347 dicens,
1063 2311 1082 2333 «
1103 2294 1317 2352 Baptisma
1339 2310 1476 2339 unum
1494 2305 1706 2353 tenemus,

329 2361 448 2417 quod
489 2360 640 2405 iisdem
682 2364 938 2407 sacramenti
973 2363 1115 2407 verbis
1154 2364 1199 2406 in
1239 2363 1480 2409 infantibus
1498 2401 1509 2420 ‚
1549 2367 1709 2426 quibus

327 2438 456 2474 etiam
494 2432 539 2473 in
572 2434 830 2491 majoribus,
873 2434 1055 2479 dicimus
1089 2449 1178 2479 esse
1207 2434 1534 2481 celebrandum.
1565 2456 1585 2479 »
1610 2439 1707 2483 Non

372 2520 381 2535 ¹
404 2515 507 2548 Forte
526 2515 585 2548 nisi
605 2516 660 2548 ob.
