1784 3205
324 229 408 268 140
764 242 795 265 s.
832 236 1063 266 AUGUSTINI
1097 237 1277 264 EPJSCOPI

316 310 499 365 Legem,
524 304 688 363 inquit,
711 311 759 346 ut
781 302 981 357 diximus,
1005 318 1053 346 ac
1081 302 1220 347 multo
1247 310 1347 346 ante
1368 300 1543 344 Domini
1569 299 1701 344 nostri

315 387 358 420 et
387 376 612 421 Salvatoris
643 375 879 418 adventum
901 408 911 427 ,
938 374 1053 432 juste
1091 373 1271 433 quidam
1301 382 1344 415 et
1374 381 1520 415 sancte
1548 370 1701 413 vixisse

318 446 565 491 referuntur
593 465 601 489 2
635 453 800 503 quanto
832 444 966 502 magis
995 453 1090 502 post
1124 443 1462 487 illustrationem
1493 440 1704 484 adventus

317 519 406 575 ejus
429 531 505 560 nos
523 516 567 559 id
584 530 707 574 posse
725 513 989 558 credendum
1014 523 1077 557 est
1100 514 1175 573 qui
1198 513 1422 556 instaurati
1448 526 1524 569 per
1544 510 1703 555 Christi

315 587 495 645 gratiam
519 595 561 630 et
584 586 627 629 in
650 584 874 628 meliorem
894 584 1119 628 hominem
1146 583 1283 627 renati
1307 597 1455 626 sumus
1473 617 1482 635 ,
1509 581 1584 639 qui
1608 595 1706 624 san-

315 657 445 714 guine
473 657 563 715 ejus
584 656 741 714 expiati
762 664 893 714 atque
922 654 1121 698 mundati
1143 690 1153 709 ,
1180 654 1403 712 ipsiusque
1431 651 1630 710 exemplo
1652 651 1707 694 ad

315 726 627 785 perfectionem
651 726 816 769 incitati
830 725 1025 783 justitiae,
1047 723 1244 768 meliores
1268 723 1349 767 illis
1369 738 1458 766 esse
1476 722 1703 775 debemus,

315 796 391 855 qui
428 795 542 839 ante*
564 798 721 852 Legem
754 793 888 837 fuere.
926 812 946 834 »
978 793 1133 837 Videte
1163 791 1536 853 quemadmodum
1567 799 1610 834 et
1638 791 1707 834 hic

316 865 406 909 aliis
430 864 606 924 quidem
636 864 777 907 verbis
791 899 800 917 ‚
826 863 902 908 sed
921 871 1069 906 tamen
1090 863 1135 906 in
1157 863 1407 906 remissione
1428 869 1708 920 peccatorum

316 945 358 980 et
394 937 439 979 in
474 935 670 994 exemplo
710 935 869 979 Christi
914 935 1179 994 adjutorium
1227 934 1376 992 gratiae
1418 932 1705 991 constituerit.

318 1006 482 1049 Deinde
497 1005 718 1065 subjunxit
742 1014 785 1047 ct
801 1004 905 1047 dicit
927 1024 934 1047 :
961 1022 980 1045 «
1002 1004 1200 1048 Meliores
1220 1004 1350 1048 etiam
1373 1017 1505 1062 quam
1528 1000 1711 1045 suerunt

317 1076 397 1119 sub
418 1079 544 1133 Lege,
571 1076 740 1118 dicente
770 1073 978 1132 Apostolo
1016 1093 1023 1117 ε
1061 1077 1294 1117 Peccatum
1315 1073 1437 1118 vobis
1460 1087 1549 1116 non
1569 1071 1711 1115 domi-

317 1147 493 1190 nabitur
514 1161 624 1201 gnon
642 1145 756 1188 enim
774 1145 855 1187 sul)
880 1148 993 1202 Lege
1010 1146 1124 1199 estis⁷
1151 1145 1226 1188 sed
1240 1144 1322 1187 sub
1343 1144 1495 1202 gratia.
1519 1145 1576 1186 Et
1601 1157 1712 1201 quo-

318 1217 433 1259 niam
460 1217 588 1270 hinc,
618 1215 780 1274 inquit,
808 1215 1092 1269 sullicienter‚
1119 1225 1167 1258 ut
1188 1224 1296 1274 puto
1316 1249 1326 1268 ,
1353 1213 1563 1267 diximus,
1592 1227 1710 1256 nunc

320 1286 556 1345 perlectam
578 1287 853 1328 instituamus
875 1286 1083 1342 virginem
1100 1321 1110 1339 ⁷
1134 1302 1233 1345 quae
1256 1301 1304 1328 ex
1328 1294 1514 1342 utroque
1544 1298 1712 1341 semper

322 1372 516 1411 accensa,
537 1366 579 1400 et
600 1366 766 1399 naturae
786 1355 913 1399 simul
939 1364 980 1398 et
999 1356 1145 1413 gratiae
1172 1356 1335 1399 honum
1359 1369 1528 1398 morum
1548 1355 1709 1397 sancti—

322 1437 407 1471 tate
420 1436 643 1470 testetur.»
659 1428 767 1470 Etin
784 1427 846 1469 his
868 1426 1006 1469 verbis
1024 1425 1189 1468 debetis
1205 1426 1444 1478 advertere,
1461 1423 1558 1467 ideo
1571 1422 1711 1467 ullum

319 1498 439 1558 quod
462 1498 634 1541 dicebat
654 1533 664 1551 ,
690 1498 748 1540 sic
772 1497 953 1541 voluisse
972 1495 1233 1540 concludere
1251 1531 1260 1549 ,
1289 1505 1338 1539 ut
1358 1504 1524 1539 naturae
1547 1495 1712 1538 bonum

320 1568 614 1626 intelligamus
632 1602 642 1620 ‚
669 1567 788 1625 quod
820 1582 918 1609 cum
944 1581 1142 1610 creamur
1165 1565 1409 1624 accepimus
1430 1586 1440 1621 3
1469 1565 1616 1622 gratiae
1636 1579 1713 1607 au-

323 1649 435 1694 tem,
463 1655 562 1682 cum
597 1639 754 1683 Christi
786 1639 1009 1681 intuemur
1037 1636 1284 1696 exemplum
1322 1656 1330 1680 ε
1365 1646 1575 1695 tanquam
1616 1635 1713 1679 ideo

323 1719 547 1768 peccatum
581 1724 670 1752 non
692 1707 914 1751 indultum
943 1706 1075 1750 fuerit
1099 1708 1158 1750 eis
1181 1708 1256 1766 qui
1286 1707 1366 1750 sub
1393 1709 1506 1763 Lege
1535 1705 1714 1749 suerunt

320 1780 384 1824 vel
408 1789 523 1833 sunt,
545 1780 645 1838 quia
669 1777 916 1836 exemplum
939 1777 1100 1822 Christi
1123 1778 1210 1821 sive
1228 1792 1318 1820 non
1342 1777 1608 1830 habuerunt,
1627 1775 1714 1819 sive

323 1865 410 1893 non
431 1849 630 1893 credunt,

382 1922 544 1962 XLIII.
591 1921 684 1962 Hoc
718 1927 862 1962 autem
890 1917 1019 1961 istum
1055 1932 1233 1976 sapere.,
1267 1926 1309 1960 et
1344 1916 1425 1960 alia
1457 1919 1548 1976 ejus
1584 1917 1713 1960 verba

324 1990 582 2042 ostendunt5
603 1989 752 2032 nonin
774 1989 857 2031 hoc
880 1987 1009 2038 libro,
1037 1988 1111 2031 sed
1133 1989 1177 2031 in
1194 1990 1321 2032 tertio
1345 2003 1423 2046 pro
1439 1987 1579 2031 libero
1602 1987 1714 2031 arbi·
1748 2038 1751 2039 ⁷

327 2060 422 2113 trio,
442 2059 517 2101 ubi
541 2058 595 2101 ad
618 2072 719 2100 eum
738 2057 922 2116 loquens
945 2066 1097 2100 contra
1119 2073 1249 2116 quem
1272 2057 1481 2116 disputat,
1507 2058 1713 2116 quoniam

324 2129 397 2172 ille
429 2137 631 2187 posuerat
657 2127 789 2170 verba
821 2126 1016 2184 Apostoli
1039 2126 1221 2170 dicentis
1254 2146 1262 2171 :
1300 2146 1318 2168 «ι
1340 2130 1435 2171 Non
1471 2128 1591 2185 quod
1614 2127 1714 2172 volo

328 2218 347 2241 »
374 2213 453 2256 ago
479 2219 487 2243 ε
513 2217 532 2239 »
554 2208 611 2253 et7
638 2196 801 2241 «Video
826 2196 953 2240 aliam
975 2196 1118 2254 legem
1141 2197 1183 2239 in
1205 2198 1409 2240 membris
1431 2199 1535 2241 meis
1559 2213 1714 2256 repug-

327 2287 348 2309 »
372 2277 548 2312 nantem
571 2269 657 2326 legi
680 2267 835 2310 mentis
859 2281 1009 2321 meae,»
1037 2276 1079 2310 et
1100 2276 1254 2310 caetera
1277 2282 1376 2326 quae
1399 2267 1459 2309 ibi
1483 2267 1711 2323 dicuntur3

326 2339 405 2382 iste
427 2338 674 2397 respondit,
705 2347 836 2397 atque
860 2337 917 2380 ait
941 2356 949 2381 ε
976 2355 995 2378 «
1020 2340 1111 2380 Hoc
1141 2338 1254 2380 enim
1288 2336 1408 2396 quod
1431 2346 1478 2380 tu
1500 2337 1555 2380 de
1572 2341 1712 2396 Apos-

330 2408 417 2453 tolo
438 2409 678 2466 intelligere
701 2410 837 2467 cupis,
860 2422 1009 2451 omnes
1032 2407 1398 2451 ecclesiasticiviri
1421 2408 1464 2449 in
1478 2409 1712 2466 peccatoris

329 2480 474 2523 et-sub
508 2482 621 2536 Lege
653 2478 794 2522 adhuc
819 2478 941 2534 positi
967 2488 1160 2522 asserunt
1188 2493 1287 2521 eum
1320 2477 1472 2521 dixisse
1495 2492 1701 2536 persona,

379 2566 500 2595 ¹P=oin.
523 2575 568 2605 vr,
590 2563 641 2603 14.
662 2580 699 2585 —
717 2570 727 2583 '²
749 2563 794 2594 Id.
815 2573 876 2601 vn,
898 2561 934 2592 15
949 2566 981 2593 et
1004 2563 1056 2594 23.
