1804 3205
437 227 517 254 rin.
557 228 584 251 1.
624 227 676 252 nr:
710 225 864 253 (ιι-,ΛῚῚΑ
899 227 1078 253 enaim.
1375 217 1451 256 149

62 292 137 351 qui
160 292 192 334 si
216 291 269 335 ad
295 292 604 351 perfectionem
630 308 772 338 veram
799 293 1021 352 respicias,
1048 292 1227 351 perfecti
1250 309 1340 337 esse
1362 311 1450 339 non

64 371 280 421 poterant.
306 363 414 415 Quia
439 363 528 421 ipse
549 362 656 407 dixit
678 383 685 407 2
717 383 735 405 α
760 364 966 408 Videmus
991 380 1107 408 nunc
1129 379 1205 424 per
1226 365 1449 424 speculum

64 452 84 474 n
108 434 149 477 in
166 434 410 491 aenigmatc,
424 444 527 478 tunc
542 444 687 479 autem
707 436 814 480 faeie
827 435 880 480 ad
900 435 1053 480 faciem
1072 456 1080 480 z
1100 452 1218 480 nuuc
1236 452 1451 495 cognosco

72 524 83 542 ι·
110 520 159 548 ex
184 514 318 564 parte,
343 515 446 550 tunc
463 516 606 550 autem
623 522 879 565 cognoscam
896 508 1005 552 sicut
1019 517 1060 551 et
1076 508 1274 566 cognitus
1290 523 1400 552 sum.
1428 527 1447 549 »

65 593 84 616 η
115 579 176 620 lta
205 586 247 620 ct
284 577 548 622 immaculati
578 587 679 623 sunt
715 579 756 622 in
789 579 872 622 hoc
907 578 1090 633 mundo,
1121 588 1164 622 et
1185 578 1450 622 immaculati

61 657 190 691 crunt
225 648 267 691 in
298 665 430 708 regno
462 651 534 693 Dei
558 670 565 694 ;
588 666 687 694 cum
716 651 891 710 utique,
926 653 958 694 si
996 651 1204 694 minutius
1232 651 1448 704 excutias,

63 718 364 764 immaculatus
385 736 474 765 esse
493 736 621 765 nemo
645 722 791 780 possit,
817 723 915 781 quia
942 737 1072 766 ncmo
1097 722 1187 766 sine
1212 731 1401 780 peccato.
1429 740 1448 762 »

62 788 175 833 illud
199 806 302 848 ergo
325 792 459 836 sancti
484 792 698 836 Ambrosii
722 793 1037 847 testimonium,
1059 808 1147 852 quo
1168 807 1246 851 pro
1262 808 1337 836 sua
1359 808 1452 836 sen-

63 861 192 904 tentia
227 862 423 920 Pelagius
450 863 604 916 utitur,
633 873 707 907 aut
738 865 980 907 secundum
1013 863 1247 923 quemdam
1272 862 1450 907 modum

59 931 225 975 dictum
247 942 324 986 est,
347 933 616 992 probabilem
641 934 835 994 quidem,
862 934 936 978 sed
958 950 1046 978 non
1069 934 1280 977 minutius
1303 949 1452 978 excus-

58 1018 151 1046 sum
175 1013 251 1046 aut
274 1014 388 1047 certe
410 1005 441 1047 si
465 1003 538 1048 ille
566 1004 630 1048 vir
653 1013 825 1048 sanctus
849 1014 978 1063 atque
1003 1004 1177 1047 humilis
1202 1004 1449 1048 Zachariam

61 1082 102 1116 et
134 1073 357 1118 Elizabeth
376 1089 556 1118 summae
580 1084 710 1134 atque
728 1075 846 1119 omni
864 1074 999 1119 modo
1024 1072 1416 1134 perfectaejustitiae
1436 1110 1447 1130 ,

58 1144 126 1187 cui
147 1143 251 1188 nihil
276 1143 478 1205 addijam
496 1154 655 1204 posset,
680 1144 808 1189 fuisse
832 1145 1106 1199 existimavit,
1132 1144 1328 1204 profecto
1351 1161 1451 1190 seu-

60 1215 238 1258 tentiam
262 1231 382 1259 suam
405 1216 615 1260 minutius
639 1217 902 1260 excutiendo
925 1217 1127 1261 correxit.

120 1288 208 1329 LV.
242 1286 451 1330 Attendat
485 1302 586 1330 saue
614 1288 692 1330 iste
721 1288 763 1330 in
788 1288 942 1331 eodem
969 1288 1061 1346 ipso
1085 1286 1200 1341 loco,
1226 1286 1344 1330 unde
1367 1287 1449 1331 hoc

62 1356 392 1400 Ambrosianum
414 1357 724 1410 testimonium,
749 1356 868 1416 quod
887 1358 923 1400 ei
942 1357 1154 1416 placebat,
1175 1358 1444 1416 assumpsii‘2,

60 1426 187 1469 ctiam
210 1426 318 1470 illud
343 1442 442 1470 cum
465 1426 636 1480 dixisse,
667 1446 686 1468 «
713 1427 831 1486 quod
856 1428 910 1470 ab
935 1427 1057 1472 initio
1079 1443 1168 1471 esse
1191 1427 1448 1470 immacula-

60 1506 150 1541 tum
168 1499 199 1550 ³,
227 1499 428 1541 humanae
450 1497 712 1556 impossibile
732 1499 784 1541 sit
807 1508 974 1541 naturae
996 1517 1004 1542 ι
1025 1497 1104 1541 ubi
1126 1498 1305 1541 omnino
1329 1496 1449 1541 illam

58 1567 296 1611 naturalem
314 1567 656 1626 possibilitatem,
673 1583 806 1627 quam
829 1568 1024 1626 Pelagius
1042 1583 1129 1612 non
1148 1567 1243 1611 vult
1261 1566 1448 1611 fideliter

58 1639 266 1698 respicere
287 1648 466 1698 peccato
488 1654 577 1682 csse
600 1639 793 1682 vitiatam
808 1674 818 1693 ,
842 1648 885 1683 et
906 1638 1004 1683 ideo
1023 1640 1239 1699 jactanter
1261 1638 1443 1694 extollit,

56 1724 256 1752 enervem
291 1709 598 1769 infirmamque
636 1718 814 1753 testatur
849 1708 1122 1753 venerandus
1160 1709 1441 1755 Ambrosius:

55 1780 206 1839 procul
239 1781 375 1825 dubio
407 1790 557 1825 contra
587 1781 709 1824 istius
741 1780 1029 1834 voluntatem,
1060 1780 1135 1824 sed
1170 1796 1258 1824 non
1294 1789 1444 1824 contra

54 1850 331 1909 apostolicam
361 1852 602 1904 veritatem,
638 1851 712 1893 ubi
739 1849 922 1908 legitur:
946 1870 962 1891 υ
985 1851 1166 1893 Fuimus
1193 1858 1235 1893 et
1256 1865 1334 1893 nos
1363 1849 1442 1892 ali-

57 1939 75 1960 »
101 1920 278 1980 quando
301 1929 452 1964 natura
477 1920 551 1963 filii
574 1921 664 1973 irae,
690 1920 800 1963 sicut
819 1929 861 1963 ct
877 1920 1021 1963 caeteri
1041 1922 1071 1962 ⁴.
1092 1937 1112 1960 »
1135 1922 1229 1978 Ipsa
1246 1928 1309 1963 est
1326 1920 1440 1963 enim

54 2005 128 2050 per
163 2000 389 2049 peccatum
423 1990 550 2049 primi
587 1990 786 2045 hominis,
823 1990 942 2049 quod
973 2004 1023 2032 ex
1045 1989 1184 2033 libero
1208 1990 1297 2049 ejus
1324 1990 1443 2033 venit

52 2063 230 2105 arbitrio
253 2097 263 2116 ,
292 2062 438 2106 vitiata
464 2070 506 2104 et
529 2059 733 2104 damnata
759 2070 912 2104 natura
935 2082 945 2117 3
970 2061 1039 2104 cui
1063 2060 1151 2104 sola
1174 2075 1251 2119 per
1272 2060 1440 2105 Media-

51 2141 188 2175 torem
206 2133 280 2175 Dei
303 2141 345 2174 et
368 2132 595 2175 hominum
620 2140 662 2175 ct
686 2132 1032 2190 omnipotentem
1054 2131 1271 2175 medicum
1294 2129 1440 2175 divina

49 2203 251 2246 subvenit
270 2202 419 2261 gratia.
444 2204 504 2245 De
522 2202 643 2261 cujus
661 2202 879 2260 adjutorio
901 2201 1321 2260 adjustificationem
1339 2216 1440 2245 nos-

49 2284 185 2327 tram,
220 2288 309 2333 quo
342 2276 452 2316 Deus
490 2271 770 2331 diligentibus
803 2287 902 2315 eum
931 2271 1077 2316 omnia
1104 2281 1365 2329 cooperatur
1393 2272 1439 2316 in

50 2344 215 2387 bonum
236 2346 268 2397 ⁵,
295 2359 404 2403 quos
427 2344 546 2402 prior
570 2342 744 2396 dilexit,
768 2342 934 2386 donans
956 2343 1015 2385 eis
1037 2341 1360 2400 ut‘diligeretur
1382 2343 1437 2386 ab

47 2415 147 2467 eis⁶,
169 2415 374 2473 quiajam
393 2412 470 2457 diu
492 2423 554 2457 est
579 2422 629 2457 ut
650 2413 893 2457 disserimus
912 2432 920 2457 :
939 2412 1144 2472 deinceps
1161 2412 1432 2472 incipiamus,

97 2522 104 2537 ¹
130 2527 140 2547 ι
165 2517 237 2547 Cor.
259 2527 328 2553 xni,
357 2524 406 2547 12.
425 2533 465 2538 -—-
484 2523 496 2537 ²
518 2516 596 2547 Vide
613 2515 667 2546 lib.
695 2516 735 2547 de
761 2517 879 2547 Natura
899 2520 931 2546 et
953 2517 1043 2547 Grat.
1064 2526 1139 2558 cap.
1160 2516 1215 2548 63.
1233 2532 1274 2537 —
1290 2514 1302 2538 3
1329 2517 1435 2547 For-12

48 2571 369 2604 in1macnlntmu.—-!·
393 2571 508 2614 Eplies.
526 2582 561 2604 ιι,
584 2572 610 2603 3.
629 2589 667 2594 -
686 2570 698 2594 5
723 2573 816 2604 Rom.
837 2583 903 2606 vm.
923 2571 976 2604 28Δ
995 2569 1063 2595 --6
1088 2583 1095 2603 1
1118 2573 1210 2604 joan,
1231 2582 1275 2605 iv,
1298 2582 1346 2612 19,
