1804 3205
313 271 364 296 DE
397 269 535 300 AMMA
570 276 623 303 m·
654 276 750 304 esis
784 279 976 318 unicum,
1013 282 1096 309 Lm.
1135 285 1180 309 ii.
1355 276 1438 313 323

55 345 146 375 non
168 341 232 377 est
254 349 420 380 verum.
447 339 577 392 Quod
597 341 631 385 si
654 358 796 403 neque
823 360 876 389 ex
910 345 1066 402 nihilo,
1098 362 1241 409 neque
1272 365 1321 393 ex
1355 351 1439 397 alia

53 417 332 464 quacumque
353 418 566 464 ereatura,
587 412 662 456 sed
685 429 735 457 ex
750 417 979 476 semetipso
1001 420 1155 474 Deum,
1182 419 1264 464 hoc
1278 430 1361 476 est,
1387 438 1438 466 ex

51 481 205 519 natura
219 491 295 521 sua
308 476 471 534 fecisse,
483 482 551 525 vel
565 481 705 528 facere
718 487 896 543 animas,
909 488 1029 548 quod
1046 490 1172 546 absit,
1189 491 1405 537 existimas
1424 513 1432 538 :

50 543 134 588 hoc
156 547 335 605 quidem
353 550 408 594 ab
424 551 505 597 isto
527 553 737 613 didicisti,
760 557 835 602 sed
855 574 943 603 non
961 560 1039 604 tibi
1064 562 1274 620 gratulor,
1293 579 1437 624 neque

50 613 180 674 longe
192 616 409 675 blandior,
422 638 522 667 cum
538 624 611 669 illo
625 641 647 670 a
658 626 742 671 side
755 630 967 675 catholica
979 633 1242 679 exorbitasti.
1267 636 1438 680 Tolera-

49 684 180 730 bilius
209 689 354 748 enim3
386 693 507 751 quod
542 696 720 754 quidem
749 697 907 744 falsum
937 712 1022 761 est,
1048 712 1217 760 tamen,
1244 715 1293 750 ut
1324 706 1435 762 dixi,

48 755 316 803 tolerabilius
328 796 338 816 ,
356 776 406 805 ex
423 763 567 824 aliqua
583 765 663 811 alia
679 779 873 815 creatura
887 806 897 825 ‚
921 788 1054 832 quam
1072 775 1248 834 quidem
1263 778 1352 836 jam
1372 775 1437 821 fe-

45 837 162 872 cerat
176 831 305 886 Deus,
318 848 448 893 quam
468 851 518 879 ex
532 839 607 881 Dei
626 849 779 884 natura
789 842 977 888 animam
990 846 1211 891 conditam
1222 848 1435 903 crederes,

46 907 94 941 ut
109 900 228 958 quod
248 911 311 946 est
325 905 568 961 mutabilis,
595 909 713 967 quod
738 923 903 970 peceat,
929 917 1050 975 quod
1073 917 1121 960 fit
1141 918 1271 977 impia
1286 953 1296 969 ,
1316 918 1437 978 quod

43 970 171 1014 etiam
195 973 227 1016 si
250 974 379 1034 impia
403 978 701 1035 perduraverit
724 982 769 1026 in
789 985 891 1039 fine,
912 986 1003 1029 sine
1031 988 1118 1031 fine
1137 988 1435 1044 damnabitur,

41 1055 129 1084 non
153 1042 207 1085 ad
229 1045 304 1087 Dei
327 1056 526 1092 naturam
540 1064 640 1093 eum
655 1051 871 1097 horrenda
891 1054 1161 1115 blasphemia
1184 1059 1433 1104 referretur.

41 1110 207 1170 Abjiee,
229 1112 377 1170 frater,
394 1117 532 1177 abjice
550 1119 728 1165 obsecro
745 1123 893 1179 istam,
917 1140 1006 1169 non
1030 1126 1160 1186 plane
1182 1128 1333 1185 fidem,
1361 1131 1437 1174 sed

40 1184 292 1229 execrandae
314 1187 548 1246 impietatis
569 1206 776 1248 errorem,
798 1210 853 1239 ne
870 1195 1004 1242 homo
1027 1200 1168 1257 gravis
1185 1201 1389 1246 seductus
1413 1219 1436 1248 a

35 1253 214 1313 juvene,
240 1266 282 1300 et
300 1272 322 1301 a
346 1257 463 1304 la'i'co
485 1263 712 1320 presbyter
727 1299 737 1315 ,
760 1280 859 1310 eum
880 1268 1004 1312 istam
1027 1269 1285 1317 catholicam
1304 1273 1437 1318 fidem

39 1338 131 1368 esse
151 1326 387 1384 arbitraris,
433 1330 488 1374 de
526 1348 711 1379 numero
745 1335 969 1394 fidelium,
995 1341 1115 1399 quod
1147 1358 1170 1387 a
1200 1352 1242 1387 te
1270 1354 1436 1391 avertat

39 1397 271 1454 Dominus,
298 1401 508 1447 eximaris.
537 1406 633 1450 Non
658 1407 771 1451 enim
791 1410 850 1453 sic
874 1419 1018 1456 tecum
1043 1414 1260 1471 agendum
1283 1427 1361 1473 est,
1387 1427 1436 1462 ut

37 1468 250 1527 eumil103
276 1480 351 1516 aut
365 1488 413 1517 ea
427 1474 552 1519 venia
569 1478 855 1524 tuusistetam
876 1481 1141 1542 horrenduS,
1161 1501 1246 1548 qua
1262 1490 1433 1548 juvenis

37 1537 168 1594 illius,
183 1540 284 1585 licet
300 1542 447 1589 abillo
462 1545 517 1589 ad
535 1555 578 1591 te
594 1549 824 1606 transierit,
838 1565 1028 1600 errorest
1044 1556 1217 1616 dignus.
1240 1559 1320 1604 Ille
1329 1562 1431 1607 ovili

37 1609 253 1656 catholico
267 1614 485 1660 sanandus
499 1632 641 1677 nuper
657 1624 849 1679 accessit,
873 1633 922 1669 tu
938 1626 982 1670 in
1000 1629 1222 1675 catholicis
1249 1635 1433 1691 pastori-

38 1680 118 1725 bus
141 1681 378 1742 deputaris.
398 1687 612 1735 Nolumus
625 1692 684 1737 ita
699 1704 877 1739 curetur
891 1713 990 1757 quae
1006 1702 1125 1744 venit
1139 1702 1194 1745 ab
1212 1717 1357 1749 errore
1378 1705 1433 1750 ad

37 1752 310 1800 Dominieum
336 1773 525 1817 gregem,
551 1771 600 1805 ut
617 1764 734 1821 prius
757 1768 962 1825 pestifera
978 1772 1239 1830 contagione
1260 1775 1431 1835 disper-

37 1822 113 1867 dat
135 1825 225 1869 ovis
247 1826 439 1872 ulcerosa
459 1840 691 1889 pastorem.

97 1896 195 1939 VII.
232 1897 362 1950 Quod
379 1899 411 1943 si
428 1899 535 1945 dieis
557 1921 566 1947 :
590 1906 683 1948 Hoc
707 1920 777 1950 me
801 1907 876 1953 ille
903 1925 993 1956 non
1022 1912 1191 1969 docuit,
1220 1931 1300 1961 nee
1327 1918 1430 1964 huic

37 1966 170 2009 errori
188 1967 279 2026 ejus
294 1967 386 2014 ullo
399 1971 546 2027 modo,
568 1975 811 2032 quamlibet
829 1978 976 2026 diserti
995 1992 1038 2027 et
1060 1986 1201 2031 ornati
1218 1992 1427 2035 sermonis

35 2034 206 2082 illectus
222 2041 433 2085 suavitate
454 2046 650 2090 consensi
675 2067 683 2091 :
711 2063 793 2107 ago
816 2051 1008 2109 ingentes
1028 2057 1118 2102 Deo
1137 2060 1307 2117 gratiaS.
1343 2064 1427 2108 Sed

35 2122 212 2166 quaero,
247 2109 366 2154 unde
399 2111 462 2158 illi
494 2125 626 2174 caput
658 2121 955 2178 exosculatus,
984 2135 1033 2170 ut
1065 2127 1247 2187 dieitur,
1275 2134 1429 2192 gratias

34 2179 168 2236 egeris
188 2187 232 2223 te
247 2180 461 2239 didicisse,
483 2186 603 2245 quod
627 2203 766 2249 usque
787 2191 843 2236 ad
866 2194 1060 2241 auditam
1086 2199 1426 2259 disputationem

33 2248 149 2294 illius
177 2251 407 2311 ignorabas
440 2274 448 2300 z
475 2266 549 2301 aut
580 2259 613 2302 si
642 2258 802 2305 falsum
827 2273 906 2320 est,
936 2266 1020 2311 hoc
1052 2278 1095 2312 te
1118 2270 1269 2316 fecisse
1295 2282 1427 2334 atque

32 2318 202 2376 dixisse,
232 2323 315 2368 hoe
332 2324 475 2383 ipsum
502 2337 605 2387 peto
629 2330 754 2375 nobis
771 2333 972 2380 intimare
993 2337 1199 2397 digneris,
1221 2353 1270 2388 ut
1287 2344 1425 2390 inanis

33 2404 183 2436 rumor
203 2393 290 2437 tuis
310 2391 463 2441 litteris
485 2398 725 2444 refellatur.
749 2403 792 2447 Si
810 2414 953 2449 autem
971 2423 1123 2455 verum
1147 2422 1226 2469 est,
1246 2413 1321 2459 illa
1344 2416 1426 2461 hu-

33 2462 215 2508 militate
236 2465 403 2511 homini
421 2469 553 2527 egisse
567 2480 609 2515 te
622 2474 776 2530 gratias
800 2494 808 2520 ε
830 2477 998 2536 gaudeo
1014 2482 1194 2542 quidem
1208 2487 1241 2530 si
1259 2496 1300 2531 te
1313 2487 1421 2533 illud

32 2548 122 2579 non
147 2535 311 2592 docuit,
335 2539 457 2598 quod
479 2543 676 2600 superius
698 2562 830 2606 quam
858 2549 911 2592 sit
933 2550 1239 2600 detestandum
1262 2573 1420 2602 caven-

35 2609 230 2671 dumque
250 2615 487 2659 monstravi
508 2634 516 2660 :
541 2626 584 2662 et
604 2634 693 2664 non
714 2623 986 2681 reprehendo
997 2630 1117 2686 quod
1132 2641 1277 2688 gratus
1292 2634 1424 2680 fueris

1171 2702 1215 2739 21
1230 2731 1238 2739 .
