1784 3205
302 254 378 288 180
721 260 751 283 s.
797 254 1017 282 mensum
1055 253 1229 279 Episcopi

294 322 568 374 necessarius,
593 335 681 365 non
704 318 965 363 intuendum
988 325 1051 360 est
1074 316 1180 375 quid
1205 315 1306 359 boni
1332 315 1386 357 sit
1408 315 1450 357 in
1472 329 1677 371 procrea-

295 396 414 440 tione
443 403 632 447 naturae,
658 391 731 435 sed
762 389 868 450 quid
894 389 939 431 in
964 396 1141 446 peccato
1164 386 1288 441 mali,
1314 401 1402 445 quo
1425 393 1590 428 certum
1619 394 1683 428 est

295 465 488 510 vitiatam
516 477 605 506 esse
632 470 846 504 naturam.
877 457 1012 502 Simul
1043 465 1186 500 autem
1211 466 1446 515 utrumque
1468 468 1682 513 propaga-

296 545 383 588 tur,
412 542 455 577 et
478 542 655 586 natura,
682 540 725 574 et
752 538 919 572 naturae
943 528 1120 584 vitium3
1142 541 1329 586 quorum
1352 534 1414 568 est
1436 539 1573 568 unum
1602 525 1682 568 bo-

294 620 400 648 num
420 639 430 659 ‚
464 603 649 647 alterum
683 598 863 644 malum.
893 598 1008 642 Illud
1036 597 1090 641 de
1118 596 1354 641 conditoris
1383 596 1579 654 largitate
1608 610 1682 639 su-

295 677 453 729 mitur,
493 676 574 718 hor,¹
607 673 661 717 de
694 672 870 731 originis
905 670 1182 714 damnatione
1220 668 1451 712 attrahitur
1483 687 1491 712 :
1523 667 1584 711 illi
1621 676 1685 711 est

296 761 424 790 causa
464 745 577 789 bona
621 744 817 788 voluntas
857 742 930 785 Dei
970 741 1155 794 summi,
1193 740 1292 783 huie
1334 738 1445 782 mala
1483 738 1684 783 voluntas

300 816 485 861 hominis
519 814 645 873 primi
672 833 681 857 ε
708 813 816 856 illud
849 810 1012 855 indicat
1045 814 1180 853 Deum
1217 818 1425 853 creaturae
1463 809 1685 852 instituto-

298 902 386 931 rem
401 921 411 940 ,
432 887 514 929 hoc
536 884 699 928 indicat
722 887 859 927 Deum
882 880 1189 926 inobedientiae
1210 882 1454 940 punitorem
1473 899 1481 924 ε
1497 880 1686 939 denique

297 957 412 1001 idem
437 957 527 1015 ipse
548 956 746 1000 Christus
768 962 946 1013 propter
970 952 1076 996 illud
1105 951 1338 995 creandum
1366 951 1502 996 factor
1522 961 1584 995 est
1605 952 1687 994 ho-

298 1028 447 1080 minis,
474 1035 650 1085 propter
673 1026 756 1069 hoc
778 1024 1021 1069 sanandum
1044 1022 1183 1066 factus
1206 1032 1268 1066 est
1290 1024 1436 1066 homo.

356 1100 564 1141 XXXIX.
603 1100 772 1141 Bonum
807 1110 908 1152 ergo
940 1103 1042 1138 sunt
1074 1095 1238 1153 nuptiae
1272 1096 1314 1137 in
1350 1093 1554 1137 omnibus
1588 1109 1687 1152 quae

301 1176 402 1211 sunt
424 1168 596 1226 propria
619 1166 887 1225 nuptiarum.
909 1168 1011 1208 Haec
1036 1173 1178 1207 autem
1203 1174 1304 1208 sunt
1327 1165 1428 1218 tria,
1452 1164 1688 1222 generandi

298 1237 531 1290 ordinatio,
550 1237 656 1280 fides
675 1236 910 1293 pudicitiae,
930 1234 1137 1279 connubii
1156 1243 1488 1278 sacramentum.
1508 1238 1687 1293 Propter

299 1307 617 1352 ordinationem
639 1305 874 1366 generandi
896 1306 1103 1364 scriptum
1123 1314 1185 1348 est
1203 1324 1211 1349 ς
1230 1323 1249 1346 «
1269 1305 1378 1349 Volo
1391 1306 1585 1364 juniores
1602 1321 1687 1349 nu·-

306 1399 325 1419 η
353 1380 476 1433 ὕετο,
503 1378 612 1423 filios
651 1392 898 1437 procreare‚
930 1375 1272 1420 matresfamilias
1300 1391 1389 1420 esse
1402 1368 1431 1418 ¹¹.
1461 1395 1480 1417 i)
1507 1379 1689 1436 Propter

303 1451 431 1494 fidem
462 1449 684 1508 pudicitiae
710 1467 719 1493 ε
748 1468 767 1490 «
796 1451 911 1492 Uxor
931 1462 1027 1491 enon
1054 1447 1186 1490 habet
1214 1456 1469 1506 potestatem
1497 1448 1563 1492 sui
1593 1464 1687 1492 cor-

303 1539 323 1561 »
352 1521 486 1579 poris,
518 1519 593 1563 sed
621 1519 686 1563 vir
714 1538 721 1562 :
748 1518 943 1563 similiter
974 1527 1017 1561 et
1048 1518 1113 1561 vir
1146 1532 1234 1561 non
1265 1518 1397 1561 habet
1431 1527 1688 1577 potestatem

306 1592 418 1635 »sui
453 1592 669 1651 eorporis,
702 1593 774 1634 sed
810 1589 965 1634 mulier
978 1593 1009 1632 ¹².
1045 1607 1065 1629 »
1099 1592 1281 1647 Propter
1312 1590 1521 1634 connubii
1551 1607 1688 1635 sacra-

303 1670 499 1705 mentum
527 1680 535 1705 :
566 1680 584 1702 «
609 1660 739 1714 Quod
764 1663 876 1704 Deus
899 1660 1124 1718 conjunxit
1153 1660 1283 1703 homo
1306 1676 1394 1704 non
1421 1665 1634 1719 separet&
1665 1680 1686 1701 η

308 1735 363 1774 De
387 1732 548 1791 quibus
572 1732 617 1775 in
640 1731 730 1775 aliis
759 1729 975 1789 opusculis
1006 1729 1182 1783 nostris,
1205 1745 1304 1789 quae
1327 1732 1448 1775 vobis
1472 1747 1560 1775 non
1588 1742 1690 1776 sunt

304 1802 548 1860 incognita7
583 1811 797 1861 qnantum
831 1800 1016 1845 Domino
1050 1799 1282 1860 adjuvante
1308 1801 1555 1860 potuimus,
1590 1803 1689 1846 satis

303 1887 380 1916 nos
404 1872 650 1916 disseruisse
672 1872 964 1915 meminimus.
986 1874 1167 1929 Propter
1190 1872 1283 1915 haec
1306 1874 1472 1926 omnia,
1498 1873 1690 1917 honora-—

306 1942 408 1987 biles
443 1944 608 2002 nuptiae
640 1943 685 1986 in
719 1943 946 1996 omnibus,
984 1951 1025 1985 et
1057 1942 1209 1986 thorus
1248 1942 1551 1988 immaculatus
1570 1945 1600 1986 4.
1638 1947 1690 1987 ln

303 2023 516 2073 quantum
555 2015 670 2057 enim
706 2014 871 2073 nuptiae
912 2014 1039 2056 bonae
1071 2023 1197 2066 sunt,
1232 2015 1276 2057 in
1312 2023 1482 2059 tantum
1522 2015 1689 2059 faciunt

305 2083 539 2142 plurimum
565 2085 666 2129 boni
690 2085 817 2128 etiam
849 2086 903 2127 de
927 2083 1118 2127 libidinis
1142 2085 1256 2128 malo
1278 2087 1483 2144 quoniam
1508 2085 1689 2129 libidine

304 2170 391 2198 non
428 2156 537 2199 bene
564 2157 701 2199 utitur
736 2154 894 2207 libido,
925 2154 1000 2198 sed
1032 2155 1154 2197 ratio.
1188 2155 1344 2199 Libido
1377 2166 1439 2200 est
1468 2166 1609 2200 autem
1643 2159 1688 2200 in

303 2225 374 2268 illa
397 2259 407 2279 ‚
445 2241 576 2285 quam
614 2234 736 2269 notat
772 2224 1032 2283 Apostolus,
1069 2235 1338 2284 repugnante
1375 2227 1457 2284 legi
1504 2228 1685 2280 mentis,

301 2295 645 2339 inobedientium
678 2296 772 2355 lege
800 2297 1096 2339 membrorum
1125 2315 1132 2339 :
1159 2297 1267 2340 ratio
1289 2311 1391 2340 vero
1425 2297 1535 2341 bene
1563 2307 1689 2342 utens

304 2364 505 2420 libidine,
530 2368 620 2426 ipsa
649 2377 710 2411 est
737 2366 783 2411 in
810 2366 904 2425 lege
931 2367 1225 2425 nuptiarum5.
1252 2369 1360 2411 Nam
1383 2367 1416 2411 si
1439 2367 1611 2411 nullum
1633 2370 1688 2412 de

305 2435 421 2480 malo
444 2437 610 2482 bonum
632 2437 724 2481 fieri
750 2446 905 2496 posset,
940 2453 1020 2482 nee
1046 2441 1161 2482 Deus
1183 2452 1233 2481 ex
1254 2436 1499 2483 adulterino
1521 2454 1686 2483 concu-

352 2545 358 2559 ¹
389 2550 398 2570 1
421 2539 501 2571 Tim.
533 2551 565 2578 v,
589 2539 638 2581 14.
656 2557 695 2562 —
713 2547 725 2562 ²
742 2548 759 2572 2
777 2542 849 2572 Cor.
869 2548 923 2581 vu,
939 2538 1019 2582 4.-
1038 2538 1050 2561 3
1068 2539 1189 2571 Maub-
1208 2550 1275 2573 Χικ,
1295 2540 1328 2572 6.
1346 2538 1416 2570 -4
1438 2540 1536 2573 Hebr.
1560 2552 1628 2581 xiu,
1649 2541 1679 2583 4,

303 2613 345 2620 —
362 2594 376 2618 5
399 2598 488 2629 Rom.
511 2607 564 2637 vn,
591 2597 643 2629 23.
