1784 3205
337 200 391 239 74
769 210 800 237 s.
839 209 1066 238 AUGUSTtNl
1101 209 1280 238 nmscorr

335 284 410 320 aut
427 289 514 319 non
536 276 706 334 potuit,
733 284 808 318 aut
826 274 980 317 noluit.
1012 292 1029 313 υ
1053 272 1118 316 Ad
1142 274 1220 318 ista
1241 272 1439 330 Pelagius
1463 272 1714 331 respondit:

339 364 359 387 «
386 347 488 388 Haec
520 354 669 388 utrum
699 344 890 389 Coelestii
914 344 998 386 sint
1017 377 1027 397 ‚
1063 343 1142 401 ipsi
1169 342 1359 387 viderint
1388 343 1463 401 qui
1497 342 1650 386 dicunt
1672 357 1722 387 ea

334 414 528 459 Coelestii
551 430 639 458 esse
665 435 676 471 3
700 430 780 472 ego
804 428 905 458 vero
933 428 1159 473 nunquam
1182 413 1241 457 sic
1264 412 1412 466 tenui,
1441 411 1516 455 sed
1538 413 1721 456 anathe-

334 487 491 529 matizo
509 487 581 544 qui
601 486 659 528 sic
678 494 809 528 tenet.
835 501 854 524 n
883 484 1085 541 synodus
1102 485 1207 528 dixit
1239 503 1248 528 z
1280 502 1299 524 «
1325 483 1497 543 Recipit
1516 492 1559 527 te
1576 491 1723 527 sancta

336 556 553 613 Synodus⁷
575 556 632 598 ita
657 555 785 597 verba
804 556 985 613 reproba
1009 555 1429 599 condemnantem.»
1454 556 1515 597 De
1528 553 1595 597 his
1608 562 1724 597 certe

335 626 537 670 omnibus
558 659 568 679 ‚
603 633 645 667 et
676 624 835 682 Pelagii
877 624 1029 668 eadem
1062 624 1463 669 anathematizantis
1495 622 1724 667 manifesta

336 696 556 753 responsio
575 704 651 748 est,
673 703 715 737 et
736 695 1037 755 episcoporum
1058 697 1136 740 ista
1159 696 1462 740 damnantium
1487 693 1722 738 absolutis-

335 765 438 809 sima
457 766 683 823 judicatio.
703 767 855 808 Utrum
879 781 927 809 ea
947 765 1162 824 Pelagius,
1188 781 1243 809 an
1262 765 1508 818 Coelesflus,
1533 779 1588 807 an
1611 772 1726 807 uter-

335 852 420 895 que
441 870 451 889 ,
479 851 532 878 an
555 844 709 879 neuter
733 835 906 879 illorum
929 870 939 890 ‚
964 851 1019 879 an
1050 835 1121 878 alii
1149 836 1239 879 sive
1261 849 1362 878 cum
1384 834 1485 892 ipsis
1502 867 1513 889 ‚
1537 834 1624 877 sive
1643 834 1725 877 sub

335 906 512 950 nomine
530 906 704 950 illorum
723 906 950 960 senserint,
972 907 1060 950 sive
1083 906 1225 950 adhuc
1240 906 1444 959 sentiant,
1465 905 1519 948 sit
1540 904 1727 948 dubium

336 977 405 1022 vel
436 977 657 1022 occultum
685 996 693 1022 :
720 977 820 1021 satis
848 987 996 1021 tamen
1026 977 1109 1021 hoc
1135 975 1302 1037 judicio
1335 974 1607 1019 declaratum
1628 983 1693 1019 est
1711 1009 1723 1030 ‚

335 1063 425 1092 esse
447 1048 649 1092 damnata
665 1083 675 1103 ‚
701 1058 743 1092 et
764 1047 986 1105 Pelagium
1011 1047 1138 1091 simul
1162 1047 1293 1091 tuisse
1310 1044 1625 1100 damnandum,
1645 1044 1726 1089 nisi

335 1119 429 1162 haec
454 1119 581 1162 etiam
600 1120 689 1178 ipse
711 1118 950 1163 damnaret.
978 1121 1104 1164 Nunc
1127 1127 1244 1162 certe
1260 1126 1360 1177 post
1379 1117 1463 1161 hoc
1489 1115 1724 1175 judicium,

334 1189 510 1248 quando
527 1198 677 1234 contra
696 1189 944 1249 hujusmodi
959 1189 1196 1233 sententias
1216 1188 1506 1247 disputamUS,
1523 1185 1729 1231 adversus

335 1258 584 1303 damnatam
613 1261 814 1303 haeresim
839 1259 1127 1319 disputamus.

394 1332 559 1374 XXXI.
596 1331 747 1374 Dicam
784 1331 911 1374 etiam
938 1330 1104 1390 aliquid
1125 1329 1281 1373 laetius
1317 1329 1522 1387 Superius
1555 1336 1727 1372 metue-

337 1400 454 1454 bam,
485 1415 585 1443 cum
610 1400 772 1444 diceret
797 1401 1015 1457 Pelagius,
1045 1419 1061 1442 (ι
1086 1400 1321 1460 adjuvante
1343 1398 1480 1457 gratia
1501 1397 1580 1442 Dei
1604 1412 1729 1456 posse

336 1484 426 1512 esse
448 1470 671 1513 hominem
698 1470 791 1513 sine
813 1479 993 1528 peccato
1012 1505 1022 1524 ‚
1065 1491 1081 1511 »
1109 1485 1164 1513 ne
1184 1469 1298 1513 forte
1327 1468 1525 1512 eamdem
1549 1468 1730 1526 gratiam

336 1539 665 1598 possibilitatem
702 1539 865 1583 diceret
898 1555 988 1583 esse
1024 1549 1191 1583 naturae
1225 1555 1248 1583 a
1286 1542 1375 1583 Deo
1405 1539 1594 1583 conditae
1628 1553 1729 1582 cum

337 1609 475 1653 libero
498 1607 693 1665 arbitrio,
710 1610 822 1654 sicut
844 1610 887 1653 in
911 1610 1044 1654 Libro
1062 1609 1138 1654 illo
1160 1618 1238 1664 est,
1254 1624 1386 1667 quem
1407 1618 1614 1668 tanquam
1637 1609 1730 1668 ejus

338 1681 484 1739 accepi
504 1683 536 1734 1,
557 1680 630 1724 cui
652 1679 853 1739 respondi
877 1689 919 1723 et
941 1695 992 1724 eo
1006 1679 1139 1724 modo
1162 1680 1399 1723 nescientes
1410 1679 1580 1739 judices
1602 1678 1728 1722 falle-

338 1760 403 1794 ret
424 1769 432 1794 :
452 1765 571 1794 uunc
596 1765 698 1794 vero
720 1765 820 1793 cum
844 1750 1179 1794 anathematizat
1201 1765 1272 1794 eos
1288 1784 1298 1803 ‚
1316 1750 1428 1809 «qui
1447 1750 1629 1808 gratiam
1651 1749 1729 1792 Dei

339 1830 382 1864 et
407 1821 672 1879 adjutorium
703 1837 791 1864 non
813 1822 866 1864 ad
889 1821 1080 1877 singulos
1102 1830 1220 1865 actus
1253 1819 1406 1865 dicunt
1440 1821 1533 1864 dari
1552 1855 1563 1875 ‚
1585 1818 1660 1864 sed
1682 1820 1729 1864 in

336 1890 476 1934 libero
501 1891 678 1934 arbitrio
706 1905 816 1943 esse,
844 1890 913 1934 vel
943 1890 988 1933 in
1018 1893 1132 1948 Lege
1155 1900 1287 1950 atque
1312 1891 1510 1935 doctrina
1539 1910 1550 1947 3
1583 1907 1604 1931 »
1629 1890 1729 1934 satis

339 1960 561 2004 evidenter
594 1969 803 2019 apparet,
841 1976 937 2004 eam
971 1960 1095 2005 illum
1133 1961 1276 2006 dicere
1311 1962 1518 2019 gratiam,
1551 1976 1650 2020 quae
1683 1961 1729 2004 in

339 2031 498 2076 Christi
518 2031 708 2076 Ecclesia
731 2031 992 2090 praedicatur
1007 2067 1017 2087 ,
1040 2048 1139 2092 quae
1156 2033 1238 2076 sub
1259 2032 1576 2076 ministratione
1592 2032 1729 2076 sancti

343 2101 524 2160 Spiritus
546 2101 674 2146 datur
695 2137 705 2156 ,
732 2111 780 2146 ut
808 2102 863 2146 ad
886 2112 1054 2147 nostros
1072 2112 1192 2147 actus
1213 2102 1407 2162 singulos
1432 2101 1691 2162 adjuvemur
1715 2120 1725 2146 ε

339 2170 457 2215 unde
480 2180 523 2215 et
541 2187 713 2216 oramus
730 2187 898 2231 semper
911 2173 1177 2233 adjutorium
1200 2182 1516 2232 opportunum,
1541 2187 1597 2216 ne
1615 2171 1731 2216 infe-

338 2257 486 2285 ramur
503 2242 548 2286 in
566 2243 864 2287 tentationem.
897 2246 985 2289 Nec
1011 2243 1121 2288 illud
1136 2245 1227 2303 jam
1250 2253 1414 2298 metuo,
1441 2258 1497 2287 ne
1519 2241 1632 2287 forte
1651 2242 1729 2286 ubi

342 2311 451 2356 dixit
476 2332 483 2355 :
512 2333 531 2354 «
555 2316 653 2359 Non
681 2329 801 2373 posse
839 2329 929 2358 esse
949 2315 1039 2359 sine
1069 2323 1249 2374 peccato
1270 2349 1280 2370 ,
1305 2314 1387 2359 nisi
1409 2314 1486 2375 qui
1506 2314 1728 2359 scientiam

343 2383 468 2440 Legis
480 2383 727 2440 habuerit‚»
749 2395 880 2445 atque
894 2385 1008 2430 idita
1020 2386 1266 2446 exposuit,«
1284 2395 1334 2430 ut
1353 2384 1408 2430 ad
1430 2400 1520 2430 non
1542 2400 1728 2445 peccan-

392 2488 402 2505 ¹
422 2483 516 2515 Liber
531 2484 646 2526 Pelagii
661 2495 677 2517 a
694 2485 814 2518 Jacobo
832 2491 864 2518 et
881 2487 1014 2519 Timasio
1031 2491 1195 2529 acceptus,
1214 2487 1265 2520 cui
1284 2485 1448 2530 respondit
1463 2486 1519 2521 lib.
1546 2486 1586 2518 de
1611 2487 1727 2519 Natura

346 2541 378 2568 et
397 2538 517 2571 Gratia.
