1804 3205
339 249 388 274 oz
425 248 713 276 Pnurnc'rtonn
746 250 943 276 JUS'rt'rtAE
981 251 1174 277 nummis.
1427 244 1449 276 5

60 314 100 357 Si
120 314 238 372 quod
256 314 379 356 vitari
404 329 491 358 non
518 324 673 373 potest,
700 326 930 374 peccatum
957 330 1043 358 non
1070 326 1132 359 est
1162 335 1170 359 :
1191 316 1221 359 si
1246 317 1365 376 quod
1384 318 1450 361 vi-

59 383 136 426 tari
158 393 314 442 potest,
341 393 481 442 potest
505 385 636 428 homo
654 386 746 429 sine
767 395 942 444 peccato
962 402 1067 439 esse,
1089 386 1208 445 quod
1230 387 1353 430 vitari
1374 402 1450 446 po-

57 463 149 498 test.
178 455 303 499 Nulla
327 456 443 498 enim
469 457 576 499 ratio
600 456 666 499 vel
686 458 850 515 justitia
872 457 1035 516 patitur
1060 457 1209 500 saltem
1242 458 1325 501 (lici
1347 474 1449 517 pec-

55 535 217 578 catum,
253 525 373 585 quod
397 526 520 569 vitari
547 527 669 571 nullo
706 528 836 571 modo
873 537 1027 587 potest.
1054 546 1072 567 η
1101 527 1451 586 Respondemus,

55 597 177 639 vitari
203 611 327 654 posse
351 605 594 654 peccatum,
618 599 652 640 si
672 607 825 641 natura
850 599 996 641 vitiata
1022 607 1197 642 sanetur
1220 598 1353 656 gratia
1380 599 1454 642 Dei

58 670 296 725 pchcsum
321 668 542 711 Christum
572 670 800 712 Dominum
827 678 1038 712 nostrum.
1068 672 1116 712 In
1144 679 1312 712 tantum
1337 671 1453 713 enim

52 752 153 780 sana
177 753 265 781 non
291 747 372 792 est,
397 739 440 780 in
459 749 673 797 quantum
695 740 737 782 id
759 741 877 799 quod
898 739 1149 784 faciendum
1169 749 1248 793 est,
1275 750 1348 784 aut
1371 756 1456 783 cae-

56 808 188 851 citate
221 823 308 851 non
345 807 486 861 videt,
519 819 592 853 aut
618 810 868 854 infirmitate
898 826 987 854 non
1013 810 1189 869 implet,
1218 810 1324 854 dum
1355 826 1454 855 caro

55 879 321 937 concupiscit
341 878 544 923 adversus
561 880 776 939 spiritum,
793 891 835 925 et
850 882 1026 939 spiritus
1036 882 1239 925 adversus
1258 897 1448 936 carnem,

55 959 206 993 utnon
230 966 275 992 oa
295 966 394 1008 quse
412 951 506 994 vult
530 952 660 995 homo
690 951 859 996 faciat&

115 1022 170 1062 11.
211 1038 229 1060 «
263 1023 422 1063 Iterum
447 1020 735 1079 qtirerendum
758 1031 836 1072 est,
861 1023 1019 1081 inquit,
1042 1032 1269 1079 peccatum
1291 1021 1450 1065 voiun-

56 1092 167 1143 tatis,
189 1107 242 1134 an
267 1092 530 1135 necessitatis
553 1102 630 1136 est.
661 1094 701 1137 Si
723 1093 988 1137 necessitatis
1011 1102 1089 1145 est,
1110 1102 1338 1152 peccatum
1365 1109 1451 1137 non

56 1173 118 1205 cst
144 1182 151 1205 :
179 1162 210 1204 si
235 1161 472 1206 voluntatis
494 1172 583 1217 est,
610 1164 732 1207 vitari
757 1173 912 1221 potest.
943 1184 960 1204 »
985 1164 1316 1223 Respondemus
1335 1163 1454 1224 quod

54 1248 180 1290 supra
210 1252 218 1276 z
244 1242 285 1276 et
321 1242 367 1276 ut
401 1249 620 1288 sanemur,
659 1235 912 1279 invocamus
940 1251 1068 1288 eum,
1107 1236 1177 1279 cui
1214 1234 1374 1279 dicitur
1408 1235 1450 1278 in

55 1302 239 1355 Psalmo,
264 1322 283 1344 «
312 1306 370 1346 De
393 1305 719 1348 necessitatibus
738 1306 842 1349 meis
856 1305 967 1349 educ
994 1309 1104 1349 me2.
1140 1324 1158 1345 »

116 1375 194 1415 lu.
235 1392 250 1410 «
284 1376 464 1426 Iterum,
492 1374 651 1433 inquit,
677 1374 965 1434 quiret-endum
993 1385 1072 1429 est,
1100 1375 1205 1433 quid
1226 1384 1289 1418 est
1309 1389 1455 1433 pecca-

54 1452 165 1495 tum,
185 1441 398 1496 naturale,
417 1459 471 1486 an
486 1445 698 1488 accidens.
720 1446 760 1489 Si
777 1445 989 1498 naturale,
1008 1455 1231 1504 peccatum
1254 1461 1340 1488 non
1360 1454 1450 1489 est:

55 1515 87 1558 si
111 1523 252 1557 autem
278 1514 476 1558 accidens
500 1525 577 1569 est,
604 1524 646 1558 et
676 1516 878 1559 recedere
903 1526 1066 1575 potest,
1106 1525 1147 1560 et
1182 1516 1301 1576 quod
1331 1532 1452 1560 rece-

56 1584 157 1627 dere
193 1593 360 1642 potest,
395 1584 520 1628 vitari
554 1595 728 1644 potest,
761 1595 804 1630 et
837 1586 957 1645 quod
982 1587 1104 1629 vitari
1133 1596 1290 1645 potest,
1313 1595 1454 1645 potest

56 1654 188 1697 homo
210 1655 300 1697 sine
322 1669 374 1697 eo
397 1669 486 1698 esse
502 1656 622 1714 quod
645 1657 768 1699 vitari
794 1666 949 1715 potest.
980 1676 998 1696 »
1028 1656 1350 1715 Responde-tur,
1375 1673 1453 1700 na-

56 1725 195 1769 turaie
210 1740 297 1767 non
317 1740 406 1768 esse
426 1735 651 1784 peccatum
681 1763 691 1783 ,
717 1726 792 1771 sed
811 1738 995 1780 naturae,
1017 1728 1251 1785 praesertim
1271 1727 1448 1782 vitiatae,

55 1795 173 1838 unde
198 1794 295 1839 faeti
319 1811 468 1838 sumus
492 1806 646 1840 natura
672 1796 748 1839 filii
775 1797 864 1851 irae,
888 1812 1038 1855 parum
1059 1812 1149 1840 esse
1171 1796 1226 1840 ad
1245 1813 1333 1840 non
1355 1813 1450 1856 pec-

55 1865 244 1909 candum
269 1864 506 1909 voluntatis
529 1867 783 1921 arbitrium,
817 1867 897 1910 nisi
928 1867 1075 1926 adjuta
1112 1877 1289 1910 sanetur
1315 1868 1448 1925 gratia

56 1937 130 1979 Dei
156 1951 230 1994 per
252 1938 398 1979 Jesum
424 1937 646 1980 Christum
673 1937 905 1980 Dominum
929 1937 1168 1980 nostrum-³.

116 2008 191 2050 lv.
231 2025 250 2047 «
274 2009 454 2060 Iterum,
481 2007 554 2060 ait,
579 2007 865 2066 quaerendum
884 2017 968 2061 est,
995 2007 1101 2067 quid
1119 2015 1182 2050 est
1200 2016 1445 2065 peccatum,

56 2085 191 2129 actus,
232 2092 286 2119 an
321 2092 400 2119 res.
435 2075 477 2120 Si
505 2091 570 2120 res
593 2086 678 2130 est,
706 2086 928 2121 auctorem
961 2077 1118 2121 habeat
1143 2091 1314 2121 necesse
1352 2086 1445 2135 est,

55 2157 98 2191 et
134 2148 165 2190 si
191 2157 410 2191 auctorem
435 2147 596 2191 habere
630 2148 791 2192 dicitur
816 2183 827 2202 ,
865 2150 953 2208 jam
991 2148 1100 2192 alter
1118 2158 1276 2207 praeter
1312 2152 1447 2193 Deum

55 2218 115 2261 rei
131 2217 309 2278 alicujus
335 2227 486 2262 auctor
506 2219 656 2262 induci
677 2219 897 2263 videbitur
918 2238 926 2263 :
948 2228 990 2263 at
1008 2220 1041 2263 si
1062 2220 1145 2263 hoc
1162 2219 1246 2263 dici
1264 2220 1447 2278 impium

56 2298 134 2343 est,
160 2290 354 2333 confiteri
373 2304 545 2334 necesse
563 2299 626 2333 est
648 2299 874 2349 peccatum
898 2306 1029 2334 omne
1058 2300 1200 2335 actum
1226 2307 1331 2346 esse,
1357 2307 1447 2335 non

56 2375 161 2403 rem.
202 2360 243 2404 Si
272 2360 405 2418 igitur
438 2370 558 2404 actus
582 2370 661 2414 est,
698 2361 786 2405 imo
813 2362 915 2422 quia
938 2377 1038 2405 vere
1061 2372 1184 2406 aetus
1206 2371 1296 2415 est,
1321 2362 1446 2406 vitari

57 2439 211 2488 potest.
246 2449 265 2470 η
294 2431 640 2489 Respondemus,
666 2441 893 2490 peccatum
922 2432 1099 2491 quidem
1131 2442 1275 2476 actum
1295 2433 1380 2476 dici
1404 2441 1446 2476 et

57 2515 170 2553 esse,
198 2515 286 2543 non
316 2516 420 2543 rem.
459 2501 541 2545 Sed
570 2501 699 2544 etiam
723 2502 767 2545 in
803 2517 984 2560 corpore
1013 2501 1271 2546 claudicatio
1295 2502 1445 2546 eadem

103 2584 187 2615 *Gal
223 2596 253 2623 v,
278 2596 311 2624 ις·
346 2602 381 2606 ·-
403 2592 414 2606 ⁹
439 2584 900 2628 Peal.‹z1v,·7.—3Fg³tiee
932 2599 966 2617 τι.
990 2586 1016 2618 3.
