1784 3205
345 210 397 247 78
777 222 809 245 s.
846 216 1074 245 AuGusTtNi
1108 215 1287 243 zmscopi

344 273 477 331 gratia
504 272 594 326 Dei,
617 271 739 315 nobis
757 269 998 314 tacentibus
1015 277 1058 311 et
1076 276 1244 312 tantum
1267 266 1430 310 malum
1448 266 1726 310 dissimulan-

345 344 461 388 tibus
477 377 487 397 ,
509 350 801 401 oppugnetur.
826 342 937 384 Cum
959 353 1062 396 ergo
1091 353 1181 382 non
1202 337 1284 392 ait,
1306 340 1473 381 Donare
1498 340 1635 380 Deum
1655 338 1727 380 eui

344 413 531 459 voluerit
556 433 567 471 3
595 412 669 457 sed
692 413 750 455 ait
776 430 784 455 2
813 429 832 451 «
864 413 1032 454 Donare
1068 412 1204 453 Deum
1229 408 1294 463 ei,
1320 408 1396 468 qui
1419 406 1550 451 fuerit
1572 407 1728 465 dignus

346 484 556 541 accipere,
583 497 732 526 omnes
750 479 903 538 gratias
929 500 940 537 3
967 498 986 520 »
1012 494 1106 523 non
1128 478 1267 540 potui,
1288 493 1388 522 cum
1403 478 1592 537 legerem
1608 512 1620 532 ,
1640 492 1730 522 non

347 569 437 598 esse
472 552 744 611 suspiciosus.
780 553 928 608 Ipsum
957 550 1126 609 quippe
1161 549 1308 608 gratiae
1343 564 1505 593 nomen
1521 583 1533 603 ,
1567 557 1612 592 et
1640 549 1731 607 ejus

347 624 533 668 nominis
551 622 795 666 intellectus
813 619 1024 674 aufertur,
1050 621 1084 663 si
1106 635 1194 663 nou
1217 621 1347 678 gratis
1366 619 1513 674 datur,
1537 617 1614 663 sed
1637 632 1731 662 eam

346 694 424 752 qui
445 693 603 751 dignus
626 701 687 736 est
711 692 883 750 accipit.
908 694 976 735 An
1004 689 1116 736 forte
1138 691 1233 750 quis
1255 691 1398 745 dicet,
1424 688 1633 750 Apostolo
1662 703 1732 732 me

346 761 488 806 facere
506 762 724 821 injuriam,
745 761 847 821 quia
864 776 965 804 eum
986 761 1122 818 gratia
1144 761 1328 820 dignum
1345 760 1479 804 fuisse
1497 775 1588 804 non
1608 758 1731 803 dico?

348 835 442 876 Imo
461 842 564 876 tune
585 831 714 886 facio,
740 840 783 875 et
805 830 867 874 illi
884 831 1087 890 injuriam
1105 865 1116 885 ,
1141 840 1185 874 et
1204 830 1312 874 mihi
1335 845 1536 889 poenam,
1561 830 1594 873 si
1613 827 1734 889 quod

348 903 437 963 ipse
459 903 589 958 dicit,
614 919 704 947 non
725 901 870 947 credo.
898 906 967 947 An
988 901 1062 946 ille
1091 902 1272 961 gratiam
1301 917 1392 946 non
1423 902 1482 946 ita
1503 900 1702 945 definivit
1719 933 1730 954 ,

349 983 399 1019 ut
416 990 511 1019 eam
540 975 612 1030 sic,
634 974 752 1035 quod
776 974 954 1018 daretur
982 974 1109 1033 gratis
1129 1008 1140 1028 ,
1167 972 1429 1033 appellatam
1446 973 1696 1018 ostenderet
1718 972 1736 1014 P

350 1049 515 1104 Nempe
534 1046 623 1105 ipse
646 1045 753 1089 dixit
771 1064 779 1089 :
797 1064 816 1087 «
835 1046 876 1090 Si
893 1054 1038 1089 autem
1057 1045 1305 1105 gratia,jam
1326 1060 1414 1089 non
1438 1060 1488 1087 ex
1505 1043 1734 1103 operibus,

354 1134 373 1157 »
393 1115 585 1176 alioquin
609 1117 744 1175 gratia
765 1117 853 1176 jam
878 1132 965 1160 non
989 1125 1052 1159 est
1069 1115 1204 1173 gratia
1221 1117 1252 1158 ¹.
1274 1134 1294 1157 »
1322 1114 1447 1160 Unde
1468 1115 1571 1158 item
1592 1112 1698 1157 dixit
1725 1131 1733 1157 :

354 1206 372 1228 «
399 1189 451 1231 Ei
466 1197 610 1231 autem
625 1187 701 1247 qui
717 1197 936 1246 operatur,
953 1202 1116 1232 merces
1131 1203 1221 1231 non
1232 1187 1473 1246 imputatur
1493 1183 1737 1230 secundum

354 1275 374 1298 »
400 1258 580 1315 gratiam
600 1293 610 1312 ,
643 1258 718 1301 sed
750 1257 991 1302 secundum
1027 1257 1223 1302 debitum
1256 1260 1289 1300 ².
1327 1275 1347 1298 »
1394 1256 1601 1315 Quisquis
1635 1269 1739 1313 ergo

351 1326 509 1386 dignus
531 1337 618 1382 est,
644 1328 842 1372 debitum
867 1338 931 1372 est
948 1329 985 1371 ei
1012 1349 1023 1385 3
1051 1329 1084 1371 si
1106 1337 1251 1372 autem
1272 1327 1471 1371 debitum
1494 1335 1579 1381 est,
1604 1326 1740 1383 gratia

352 1411 440 1441 non
455 1406 518 1440 est
541 1416 549 1440 ε
571 1397 705 1455 gratia
728 1398 889 1457 quippe
913 1397 1117 1452 donatur,
1144 1397 1344 1441 debitum
1367 1396 1579 1440 redditur.
1594 1396 1742 1440 Gratia

352 1481 456 1525 ergo
478 1466 667 1511 donatur
688 1468 901 1526 indignis,
927 1477 976 1511 ut
1000 1468 1208 1511 reddatur
1232 1467 1432 1511 debitum
1457 1466 1622 1526 dignis:
1650 1467 1742 1525 ipse

354 1547 498 1581 autem
512 1537 614 1582 facit
631 1548 679 1582 ut
697 1539 887 1582 habeant
904 1555 1196 1598 quaecumque
1220 1537 1469 1582 redditurus
1493 1547 1555 1582 est
1578 1537 1738 1596 dignis,

354 1610 429 1669 qui
453 1624 500 1653 ea
520 1626 618 1669 quae
635 1625 724 1653 non
746 1610 969 1653 habebant
992 1609 1386 1668 donavitindignis.

413 1683 619 1725 XXXIV.
644 1684 735 1724 Hoc
754 1680 866 1725 forte
888 1681 1001 1725 dicet
1022 1700 1030 1726 z
1050 1684 1143 1740 Ego
1163 1697 1252 1725 non
1276 1698 1327 1724 ex
1348 1680 1568 1739 operibus,
1593 1679 1669 1723 sed
1690 1695 1742 1739 ex

355 1749 441 1794 fide
452 1750 539 1794 dixi
555 1750 809 1810 Apostolum
822 1751 1001 1810 dignum
1016 1750 1160 1806 fuisse,
1176 1752 1245 1795 cui
1257 1761 1387 1795 tantae
1403 1751 1489 1795 illae
1504 1752 1652 1810 gratiae
1662 1749 1744 1795 do·-

356 1830 590 1877 narentur,
611 1836 696 1864 non
717 1822 831 1864 enim
847 1837 994 1880 opera,
1012 1838 1109 1880 quae
1130 1822 1244 1866 bona
1262 1831 1361 1866 ante
1374 1837 1463 1866 non
1478 1821 1646 1876 habuit,
1666 1820 1743 1865 sed

357 1900 503 1934 tamen
513 1889 618 1933 fides
632 1891 723 1949 ejus
742 1891 823 1934 hoe
836 1891 1273 1945 meruit.Quidenim,
1288 1901 1492 1950 putamus
1507 1890 1627 1952 quod
1638 1891 1744 1935 fides
1772 1913 1778 1917 ·

358 1975 447 2004 non
462 1962 690 2019 operetur?
715 1963 808 2004 Imo
828 1961 919 2019 ipsa
936 1962 1146 2005 veraciter
1161 1970 1382 2020 operatur,
1400 1977 1499 2021 quae
1514 1977 1590 2020 per
1605 1960 1744 2006 dilec-

358 2030 521 2073 tionem
544 2040 747 2089 operatur
765 2032 795 2074 3.
824 2030 1157 2083 Quantumlibet
1181 2040 1325 2075 autem
1348 2047 1477 2091 opera
1499 2032 1746 2076 infidelium

358 2101 666 2160 praedicentur,
691 2100 883 2159 ejusdem
916 2101 1112 2161 Apostoli
1144 2103 1404 2146 sententiam
1442 2118 1587 2147 veram
1625 2103 1747 2148 novi·

360 2186 456 2214 mus
479 2180 522 2215 et
543 2171 748 2215 invictam
764 2206 774 2225 ‚
812 2191 832 2214 ι(
858 2174 999 2216 Omne
1021 2172 1141 2232 quod
1165 2188 1255 2216 nou
1277 2181 1340 2216 est
1368 2188 1419 2216 ex
1446 2172 1533 2217 fide
1548 2208 1558 2228 ,
1590 2188 1745 2232 pecca-

365 2259 384 2282 »
410 2251 503 2285 tum
521 2243 627 2285 est⁴.
656 2260 675 2283 »
703 2241 806 2286 Ideo
822 2258 926 2287 vero
948 2258 1061 2302 saepe
1078 2242 1206 2298 dicit,
1238 2258 1328 2286 non
1354 2258 1403 2286 ex
1425 2244 1646 2302 operibus,
1670 2242 1747 2287 sed

361 2327 413 2355 ex
436 2312 538 2365 fide,
557 2312 679 2356 nobis
700 2314 913 2372 justitiam
942 2314 1157 2372 deputari,
1178 2329 1278 2358 cum
1297 2314 1440 2373 potius
1458 2314 1564 2359 fides
1585 2330 1662 2375 per
1680 2315 1747 2359 di-

361 2382 592 2426 lectionem
617 2394 842 2442 operetur,
869 2401 923 2429 ne
951 2385 1183 2446 quisquam
1210 2386 1426 2430 existimet
1456 2385 1511 2430 ad
1540 2387 1674 2446 ipsam
1694 2387 1747 2430 fi-

362 2452 461 2496 dem
485 2453 644 2498 meritis
661 2469 842 2512 operum
866 2456 1210 2514 perveniri,cum
1228 2455 1320 2515 ipsa
1337 2457 1392 2500 sit
1410 2456 1602 2513 initium,
1627 2456 1746 2502 unde

413 2544 422 2560 1
445 2539 534 2570 Rom.
554 2548 598 2576 xi,
623 2538 655 2570 6.
671 2555 710 2561 -
725 2545 738 2561 2
757 2539 803 2571 Id.
822 2550 868 2581 1v,
887 2540 919 2582 4.
932 2538 995 2564 -3
1015 2541 1084 2575 Gal.
1105 2553 1138 2581 v,
1156 2541 1189 2575 6.
1207 2540 1278 2572 -4
1300 2544 1392 2576 Rom.
1414 2551 1482 2583 xiV,
1510 2542 1564 2576 23.
