1784 3205
305 208 388 246 916
728 221 760 247 s.
798 197 1027 245 Afferscrim
1062 217 1240 246 EPISCOPI

305 286 457 330 ardore
483 284 697 340 libidinis,
725 294 774 329 ut
797 285 941 343 peragi
968 284 1100 343 possit
1134 285 1256 344 quod
1280 285 1456 330 rationis
1484 295 1568 341 est,
1599 301 1687 332 non

304 356 508 400 libidinis.
535 356 615 409 Qui
644 364 759 400 certe
787 355 939 409 ardor,
967 354 1055 400 sive
1082 363 1303 415 sequatur,
1336 356 1424 400 sive
1451 356 1690 415 praeveniat

301 427 589 481 voluntatem,
616 443 704 471 non
725 436 869 470 tamen
892 426 968 469 nisi
994 426 1082 485 ipse
1104 426 1296 486 quodam
1319 427 1441 486 quasi
1461 442 1539 471 suo
1555 428 1690 487 impe-

302 499 365 543 rio
388 507 534 543 movet
557 498 749 541 membra
765 532 775 552 ‚
807 513 907 557 quae
929 498 1092 542 moveri
1124 497 1350 542 voluntate
1369 512 1458 541 non
1477 507 1660 557 possunt
1678 517 1687 544 :

303 579 433 629 atque
452 571 510 614 ita
532 584 575 613 se
596 569 759 613 indicat
780 583 870 612 non
892 569 1145 627 imperantis
1165 568 1381 613 famulum
1397 603 1408 624 ‚
1433 568 1509 613 sed
1538 569 1691 614 inobe-

303 640 457 684 dientis
475 639 739 698 supplicium
758 639 1010 694 voluntatis,
1034 654 1114 684 nec
1136 639 1275 683 libero
1294 639 1488 695 arbitrio,
1504 639 1580 684 sed
1594 639 1691 684 ille—

303 712 483 755 cebroso
516 710 662 770 aliquo
686 709 863 755 stimulo
892 709 1281 766 commovendum,
1314 719 1358 755 et
1390 711 1490 755 ideo
1520 710 1693 770 puden—

302 783 437 842 dum„
451 783 516 824 Ex
538 781 619 824 hac
635 781 775 825 carnis
797 781 1148 840 concupiscentia
1162 816 1172 836 ,
1198 796 1297 841 quae
1318 779 1419 825 licet
1441 781 1487 825 in
1515 795 1694 840 regene-

302 853 401 897 ratis
415 854 503 913 jam
527 868 616 897 non
640 853 878 912 deputetur
899 853 945 896 in
969 851 1221 912 peccatum3
1250 861 1396 897 tamen
1415 861 1582 897 naturae
1604 868 1694 898 non

304 924 462 969 accidit
484 925 564 968 nisi
585 924 639 968 de
662 934 842 984 peceato
872 944 880 969 ε
908 940 959 968 ex
976 925 1079 980 hac,
1114 925 1293 985 inquam
1311 959 1322 980 ,
1342 925 1694 984 concupiscentia

303 996 441 1039 carnis
461 1030 471 1049 ,
504 1004 713 1053 tanquam
746 995 832 1039 filia
864 996 1056 1055 peccati,
1091 1005 1133 1039 et
1163 994 1340 1056 quando
1373 995 1434 1039 illi
1465 996 1520 1040 ad
1551 997 1695 1056 turpia

304 1067 586 1121 consentitur,
608 1049 736 1109 etifnn
751 1076 1031 1125 peccatorum
1049 1075 1185 1110 matre
1202 1066 1459 1122 multorum,
1476 1082 1696 1127 quaecum-

303 1153 389 1197 que
407 1138 596 1181 nascitur
618 1137 776 1195 proles,
801 1138 998 1196 originali
1017 1147 1079 1182 est
1108 1137 1296 1196 obligata
1322 1147 1523 1196 peccato,
1550 1138 1628 1182 nisi
1652 1139 1695 1182 in

306 1209 377 1252 illo
401 1217 673 1261 renascatur,
699 1224 831 1267 quem
850 1210 941 1253 sine
957 1210 1035 1253 ista
1054 1209 1407 1268 eoncupiscentia
1435 1210 1558 1267 virgo
1588 1225 1696 1254 con-

280 1297 281 1300 *
302 1280 416 1338 cepit
444 1298 452 1322 :
480 1287 708 1337 propterea
730 1280 908 1337 quando
927 1280 1043 1324 nasci
1065 1289 1128 1323 est
1150 1281 1193 1323 in
1219 1294 1346 1323 earne
1361 1278 1586 1337 dignatus,
1607 1281 1697 1324 sine

304 1359 480 1409 peccato
499 1349 615 1393 solus
638 1359 700 1394 est
723 1360 863 1394 natus.

365 1422 572 1464 XXVIII.
601 1422 643 1465 Si
666 1430 809 1465 autem
839 1422 1067 1480 quaeritur,
1100 1419 1324 1481 quomodo
1356 1421 1435 1465 ista
1466 1422 1697 1481 concupis-

306 1491 446 1536 centia
468 1492 606 1535 carnis
636 1500 809 1535 maneat
831 1492 875 1535 in
904 1501 1179 1550 regenerato,
1212 1492 1256 1535 in
1279 1507 1368 1550 quo
1397 1492 1698 1537 universorum

307 1563 421 1606 faeta
441 1571 504 1606 est
530 1562 722 1606 remissio
740 1571 1044 1621 peccatorum3
1074 1563 1433 1623 quandoquidem
1461 1579 1538 1623 per
1564 1564 1698 1622 ipsam

308 1634 564 1689 seminatur,
611 1643 653 1678 et
683 1649 783 1678 oum
812 1636 904 1693 ipsa
933 1633 1115 1679 carnalis
1149 1635 1341 1694 gignitur
1368 1634 1511 1694 proles
1544 1651 1700 1694 paren-

310 1705 359 1748 tis
400 1704 527 1748 etiam
564 1704 803 1764 baptizati3
847 1714 922 1749 aut
961 1715 1076 1750 certe
1108 1707 1142 1749 si
1179 1705 1225 1748 in
1268 1714 1448 1763 parente
1482 1706 1700 1766 baptizato

308 1784 451 1834 potest
486 1789 576 1818 esse
616 1783 659 1818 et
695 1785 923 1834 peccatum
967 1791 1055 1820 non
1093 1790 1204 1830 esse,
1245 1791 1323 1820 cur
1359 1775 1509 1820 eadem
1532 1777 1624 1835 ipsa
1655 1778 1701 1820 in

309 1846 429 1905 prole
452 1854 678 1904 peccatum
701 1847 755 1890 sit
781 1866 789 1890 ;
816 1848 870 1890 ad
894 1848 987 1890 haee
1011 1846 1315 1906 respondetur,
1347 1848 1507 1891 dimitti
1536 1862 1700 1892 conou-

248 1960 251 1968 χ
308 1916 561 1975 piscentiam
582 1918 720 1961 carnis
742 1918 787 1961 in
810 1918 1050 1977 baptismo,
1077 1933 1167 1962 non
1189 1927 1239 1962 ut
1265 1933 1354 1963 non
1380 1919 1455 1974 sit,
1483 1917 1557 1962 sed
1584 1928 1634 1963 ut
1655 1919 1699 1962 in

310 1996 536 2046 peceatum
558 2003 646 2031 non
671 1979 939 2047 imputeturg
956 1990 1161 2042 Quamvis
1193 1998 1338 2033 autem
1370 1998 1492 2033 reatu
1517 2005 1595 2034 suo
1609 1991 1699 2050 jam

308 2058 472 2111 solum,
500 2068 647 2102 manet
662 2068 823 2114 tamen,
847 2059 987 2104 donec
1005 2069 1183 2104 sanetur
1200 2061 1340 2104 omnis
1361 2060 1588 2105 infirmitas
1605 2076 1702 2105 nos-

311 2139 371 2172 tra
396 2128 648 2187 proficiente
685 2131 966 2175 renovatione
1002 2130 1215 2174 interioris
1248 2131 1437 2174 hominis
1467 2130 1522 2174 de
1553 2132 1622 2175 die
1656 2133 1701 2175 in

279 2225 281 2227 >
307 2198 440 2253 diem,
467 2214 567 2242 eum
587 2200 771 2243 exterior
796 2199 987 2244 induerit
1009 2200 1427 2259 incorruptioneml.
1459 2203 1556 2246 Non
1584 2202 1701 2245 enim

308 2268 648 2313 substantialiter
664 2279 836 2325 manet,
860 2270 970 2315 sicut
991 2270 1169 2331 aliquod
1191 2286 1365 2329 corpus,
1391 2279 1466 2315 aut
1492 2272 1666 2330 spiritus
1686 2290 1697 2316 .-

286 2332 381 2399 [aed
404 2339 577 2383 affectio
605 2349 667 2383 est
695 2340 896 2400 quasdam
927 2341 1052 2386 malae
1081 2340 1321 2401 qualitati3‚
1353 2342 1463 2385 sicut
1497 2341 1694 2400 languor.

309 2412 406 2455 Non
431 2425 533 2467 ergo
550 2410 714 2469 aliquid
736 2421 952 2468 remanet,
974 2413 1094 2472 quod
1113 2427 1202 2457 non
1225 2414 1488 2471 remittatur3
1507 2428 1606 2457 cuni
1630 2414 1695 2469 fit,

309 2482 419 2526 sicut
437 2482 642 2540 seriptum
670 2491 757 2535 est,
787 2501 806 2524 «
831 2483 1043 2542 propitius
1063 2483 1271 2528 Dominus
1301 2484 1506 2529 omnibus
1541 2484 1692 2543 iniqui-

360 2573 367 2588 ¹
393 2576 410 2597 z).
427 2569 499 2598 Cor.
522 2578 558 2607 ιι,
587 2566 645 2599 16:
670 2577 680 2598 1
700 2568 770 2597 Cor.
793 2577 870 2601 xvn,
888 2567 938 2597 53.
