1784 3205
317 227 369 263 68
758 232 1053 261 S.Aths¹1'1N!
1093 231 1271 258 EPISCOPI

308 303 340 345 si
364 300 471 360 quid
496 301 596 344 boni
618 300 694 343 visi
716 300 878 343 fuerint
907 297 1063 350 lacere,
1096 311 1183 339 non
1208 295 1397 353 reputari
1426 294 1530 349 illis,
1555 311 1700 355 neque

313 385 497 430 regnum
523 371 597 413 Dei
621 385 743 428 posse
759 383 830 411 eos
852 367 1026 410 habere.
1054 387 1070 406 »

370 442 532 484 XXIV.
571 439 638 484 Ad
663 441 755 483 haec
778 437 861 482 sibi
885 437 1070 495 objecta,
1096 437 1207 480 sicut
1230 445 1346 494 gesta
1368 444 1596 490 testantur,
1623 439 1705 479 Pe-

314 511 455 569 lagius
487 510 545 553 ita
577 508 798 567 respondit
824 526 832 551 ε
868 525 888 548 «
919 509 980 549 De
1008 521 1130 564 posse
1157 505 1335 565 quidem
1362 505 1587 549 hominem
1616 505 1707 550 sine

314 589 492 642 peccato
515 595 620 634 esse,
647 578 814 622 dictum
841 586 919 631 est,
946 577 1106 636 inquit,
1134 577 1330 636 superius
1365 595 1374 621 :
1400 576 1454 619 de
1476 591 1528 620 eo
1560 586 1707 620 autem

313 652 433 712 qnod
450 651 610 695 fuerint
627 659 725 694 ante
742 648 977 693 adventum
994 648 1168 693 Domini
1180 648 1379 692 homines
1398 649 1488 692 sine
1506 656 1704 707 peccato,

315 723 499 767 dicimus
522 731 565 765 et
587 736 665 766 nos
693 721 899 780 quoniam
928 729 1029 764 ante
1058 720 1295 764 adventum
1317 719 1476 764 Christi
1509 720 1710 764 vixerunt

315 793 494 852 quidam
518 801 664 836 sancte
693 801 736 836 et
754 793 889 851 juste,
922 790 1164 835 secundum
1196 790 1515 847 scripturarum
1543 798 1711 834 sancta-

315 879 413 908 rum
435 863 728 908 traditionem.
752 861 937 921 Reliqua
955 875 1057 905 vero
1076 869 1119 903 et
1145 859 1388 903 secundum
1410 860 1603 918 ipsorum
1622 868 1709 903 tes-

318 934 547 979 timonium
565 949 588 977 a
609 948 679 977 me
702 933 818 977 dicta
842 947 931 976 non
950 939 1067 985 sunt,
1086 945 1165 989 pro
1188 930 1348 989 quibus
1366 944 1446 987 ego
1466 930 1711 974 satisfacere

315 1020 406 1049 non
427 1004 594 1049 debeo:
616 1004 691 1048 sed
719 1013 866 1048 tamen
890 1002 944 1047 ad
971 1001 1307 1046 satisfactionem
1331 1010 1490 1045 sanctae
1517 1000 1708 1058 Synodi,

315 1075 632 1119 anathematizo
664 1074 760 1118 illos
787 1074 863 1133 qui
895 1073 954 1117 sic
990 1082 1156 1126 tenent,
1192 1081 1266 1116 aut
1291 1071 1526 1131 aliquando
1552 1080 1711 1115 tenue-

314 1155 431 1190 runt.
456 1164 476 1187 »
499 1149 600 1190 Post
617 1146 728 1188 hanc
747 1146 838 1204 ejus
858 1144 1180 1203 responsionem
1206 1142 1407 1200 Synodus
1423 1141 1531 1186 dixit
1557 1161 1565 1186 z
1596 1161 1612 1181 «
1641 1141 1709 1186 Ad

315 1216 407 1258 haec
430 1214 638 1274 praedicta
663 1214 856 1273 capitula
885 1213 1149 1257 sufficienter
1171 1222 1214 1256 et
1236 1221 1350 1256 recte
1381 1211 1585 1256 satisfecit
1602 1227 1715 1271 prae-

314 1300 410 1329 sens
438 1285 655 1343 Pelagius,
685 1286 1055 1329 anathematizans
1079 1299 1127 1327 ea
1157 1299 1257 1343 quae
1290 1299 1380 1327 non
1410 1292 1534 1326 erant
1558 1284 1665 1341 ejus.
1691 1300 1710 1323 υ

318 1356 528 1400 Videmus
550 1356 698 1412 igitur,
717 1365 761 1400 et
782 1365 997 1411 tenemus,
1024 1371 1112 1399 non
1135 1355 1277 1398 solum
1296 1370 1318 1397 a
1343 1352 1517 1412 Pelagio
1532 1388 1543 1408 ,
1564 1368 1715 1397 verum

315 1426 446 1469 etiam
469 1442 491 1469 a
513 1425 669 1469 sanctis
691 1426 902 1484 episcopis
918 1427 994 1485 qui
1011 1426 1073 1469 illi
1085 1424 1252 1485 judicio
1271 1425 1581 1483 praesidebant,
1602 1423 1714 1468 mala

316 1494 678 1554 perniciosissima
696 1494 949 1553 hujusmodi
970 1496 1144 1538 haeresis
1164 1510 1253 1538 esse
1272 1494 1477 1537 damnata
1502 1513 1510 1538 :
1535 1512 1555 1536 «
1576 1492 1714 1537 Adam

316 1565 543 1609 mortalem
577 1566 743 1609 facturn
761 1600 771 1619 ,
807 1584 827 1607 »
853 1566 975 1625 quod
1006 1574 1055 1610 ut
1085 1565 1256 1624 plenius
1281 1573 1571 1624 exponeretur
1602 1579 1716 1623 quo-

318 1635 451 1679 modo
474 1635 642 1679 dictum
663 1635 738 1690 sit,
765 1634 963 1679 additum
987 1645 1065 1690 est,
1096 1646 1115 1676 «
1147 1636 1221 1694 qui
1257 1636 1344 1678 sive
1372 1643 1597 1694 peccaret,
1629 1634 1716 1678 sive

319 1720 409 1749 non
432 1713 646 1763 peccaret,
668 1706 904 1749 moriturus
922 1715 1047 1749 esset.
1069 1703 1199 1757 Quod
1218 1714 1445 1763 peccatum
1461 1705 1551 1763 ejus
1573 1704 1716 1763 ipsum

319 1774 463 1819 solum
503 1775 677 1829 laeserit,
714 1784 758 1819 et
789 1790 878 1819 non
915 1789 1049 1832 genus
1084 1775 1341 1818 humanum.
1376 1775 1506 1825 Quod
1540 1777 1626 1818 Lex
1659 1774 1716 1818 sic

323 1845 469 1888 mittat
491 1843 545 1887 ad
572 1859 773 1902 regnum,
799 1843 1173 1903 quemadmodum
1194 1854 1237 1888 et
1259 1843 1564 1902 Evangelium.
1591 1844 1717 1897 Quod

323 1914 513 1958 infantes
545 1929 685 1973 nuper
713 1915 803 1957 nati
828 1915 874 1957 in
907 1913 982 1958 illo
1010 1923 1124 1958 statu
1147 1915 1253 1967 sint,
1279 1914 1324 1956 in
1353 1930 1441 1973 quo
1462 1913 1601 1958 Adam
1631 1913 1716 1957 fuit

322 1993 421 2027 ante
446 1985 861 2042 praevaricationem.
887 1985 1017 2037 Quod
1041 1999 1184 2043 neque
1208 1999 1284 2043 per
1306 1994 1491 2028 mortem
1514 1984 1581 2028 vel
1606 2000 1717 2044 prae-

325 2054 634 2098 varicationem
666 2055 773 2098 Adae
801 2069 930 2098 omne
959 2070 1095 2113 genus
1123 2054 1352 2099 hominum
1378 2055 1613 2111 moriatur,
1640 2070 1716 2099 ne-

325 2139 412 2183 que
434 2139 510 2182 per
533 2125 892 2168 resurrectionem
910 2125 1071 2170 Christi
1095 2139 1222 2168 omne
1242 2140 1378 2183 genus
1402 2126 1632 2169 hominum
1655 2140 1717 2169 rea

328 2203 491 2252 surgat.
532 2194 662 2247 Quod
700 2195 886 2239 infantes
901 2230 911 2249 ,
954 2196 1031 2239 etsi
1066 2210 1155 2240 non
1194 2195 1492 2255 baptizentur,
1525 2197 1717 2240 habeant

334 2265 467 2308 vitam
499 2274 722 2309 aeternam.
759 2266 889 2318 Quod
923 2265 1077 2311 divites
1107 2266 1340 2324 baptizati,
1390 2267 1471 2310 nisi
1518 2267 1718 2310 omnibus

331 2333 667 2390 abrenuntient,
695 2336 730 2379 si
756 2337 863 2395 quid
884 2337 989 2381 boni
1018 2337 1096 2381 visi
1124 2335 1288 2381 fuerint
1314 2337 1483 2393 facere,
1516 2353 1605 2382 non
1634 2335 1717 2381 illis

329 2414 571 2463 reputetur,
593 2421 735 2464 neque
753 2422 933 2464 regnum
955 2408 1031 2451 Dei
1054 2407 1218 2466 possint
1236 2408 1411 2451 habere.
1438 2426 1457 2448 »
1482 2410 1585 2452 Haec
1601 2417 1717 2452 certe

332 2476 476 2519 omnia
493 2474 656 2534 judicio
678 2476 753 2520 illo
775 2478 1076 2532 ecclesiastico,
1102 2477 1492 2522 anathematizante
1515 2478 1687 2536 Pelagio
1701 2513 1712 2532 ,

331 2555 374 2589 et
396 2545 605 2603 episcopis
625 2546 1033 2606 interloquentibus,
1058 2557 1226 2593 constat
1252 2563 1341 2592 esse
1359 2549 1577 2592 damnata.
