1784 3205
334 212 413 251 144
763 227 795 249 5.
833 220 1062 248 mensum
1096 220 1276 248 Episcopi

327 302 398 332 sus
420 286 855 346 estreprehendere1.
885 302 904 325 »
930 287 1042 328 Ecce
1074 283 1276 344 qualibus
1311 291 1354 326 et
1390 282 1562 341 quantis
1596 297 1710 341 prae-

327 358 444 402 dicat
473 357 697 411 laudibus,
738 355 977 415 quemlibet
1013 364 1211 398 sanctum
1250 363 1293 397 et
1329 352 1509 396 doctum
1543 353 1709 406 virum,

328 443 606 488 nequaquam
628 437 773 472 tamen
810 425 1056 469 auctoritati
1083 425 1316 483 Scripturae
1344 424 1564 468 canonicae
1594 438 1714 467 eom-

328 498 590 558 parandum.
630 500 768 550 Quem
804 504 1031 554 propterea
1067 495 1126 538 sie
1166 495 1245 537 iste
1282 492 1582 547 commendat,
1614 492 1715 553 quia

330 569 501 613 videtur
523 569 605 612 sibi
638 568 682 610 in
704 566 894 626 quodam
927 565 1023 609 loeo
1056 564 1267 608 librorum
1298 565 1390 623 ejus
1411 579 1463 607 eo
1492 572 1597 610 teste
1624 563 1714 615 uti⁷

330 654 418 699 quo
436 638 590 696 probet
607 637 830 681 hominem
854 650 977 694 posse
999 650 1088 678 esse
1111 635 1201 678 sine
1223 643 1401 692 peccato
1428 653 1436 677 ε
1462 632 1580 677 unde
1602 647 1719 675 nunc

330 724 419 752 non
438 708 596 765 agitur,
622 707 699 750 sed
721 707 864 764 agitur
887 706 940 748 de
960 705 1118 748 auxilio
1139 705 1304 762 gratiae,
1330 720 1418 764 quo
1435 704 1490 748 ad
1508 718 1594 747 non
1618 718 1718 761 pec-

331 777 522 822 candum
541 777 796 835 adjuvamur
813 777 1013 834 justeque
1033 774 1286 818 vivendum.

390 850 593 892 XLVIII.
622 846 781 890 Audiat
806 860 906 903 ergo
924 845 1047 888 illum
1067 844 1357 888 venerabilem
1391 845 1625 888 antistitem
1654 844 1723 887 di-

332 928 503 963 centem
530 926 573 961 et
596 917 825 960 docentem
848 917 892 959 in
914 914 1106 960 secundo
1130 915 1243 959 libro
1280 915 1557 974 expositionis
1584 917 1721 958 Evan-

335 989 434 1047 gelii
454 988 693 1032 secundum
713 990 875 1031 Lucam
891 1022 900 1040 ‚
921 987 1142 1045 cooperari
1164 986 1397 1030 Dominum
1427 987 1555 1029 etiam
1573 984 1725 1030 volun·

337 1059 497 1104 tatibus
544 1058 744 1101 nostris1.
784 1057 959 1100 «Vides
995 1057 1170 1116 itaque,
1217 1057 1388 1114 inquit,
1427 1056 1528 1116 quia
1560 1056 1726 1115 ubique

335 1128 511 1173 Domini
532 1129 668 1171 virtus
686 1126 836 1170 studiis
857 1136 1116 1185 cooperatur
1130 1127 1331 1170 humanis
1350 1146 1357 1170 :
1380 1136 1427 1170 ut
1447 1141 1577 1170 nemo
1593 1126 1728 1185 possit

336 1199 550 1242 aedificare
591 1198 682 1241 sine
714 1197 922 1251 Domino,
965 1212 1094 1241 nemo
1128 1196 1347 1240 custodire
1383 1197 1474 1240 sine
1509 1198 1723 1250 Domino,

336 1283 466 1311 nemo
491 1266 732 1326 quidquam
767 1267 956 1324 incipere
990 1267 1081 1310 sine
1119 1267 1353 1310 Dominoss.
1390 1269 1447 1309 Et
1474 1267 1572 1310 ideo
1605 1267 1728 1325 juxta

338 1336 614 1396 Apostolum,
639 1355 657 1376 «
680 1336 776 1380 Sive
799 1335 1070 1379 manducatis
1086 1370 1096 1387 ‚
1118 1336 1206 1379 sive
1229 1336 1375 1379 bibitis
1390 1370 1400 1390 ,
1418 1336 1562 1379 onmia
1584 1337 1631 1378 in
1650 1336 1728 1379 Dei

342 1426 362 1449 »
379 1407 557 1464 gloriam
572 1406 739 1449 facite2.
759 1405 955 1450 »Videtis
973 1405 1346 1463 quemadmodum
1362 1407 1731 1450 sanctusAmbro-

341 1479 425 1521 sius
448 1477 575 1519 etiam
600 1474 708 1518 illud
733 1476 853 1534 quod
882 1475 1022 1519 solent
1046 1476 1241 1519 homines
1269 1475 1437 1529 dicere,
1461 1479 1548 1521 Nos
1571 1476 1730 1534 incipi—

344 1562 456 1600 mus,
478 1555 521 1589 et
545 1549 658 1590 Deus
680 1546 875 1605 perficit,
897 1547 961 1589 his
990 1546 1132 1590 verbis
1163 1545 1363 1600 abstulit,
1395 1547 1542 1590 dicens
1559 1582 1569 1600 ‚
1600 1566 1620 1589 «
1645 1549 1732 1592 Ne-

341 1618 504 1661 minem
533 1615 773 1675 quidquam
797 1616 865 1659 vel
893 1617 1082 1675 incipere
1111 1617 1202 1660 sine
1234 1620 1335 1660 Deo.
1360 1635 1378 1657 n
1408 1621 1516 1661 Item
1543 1618 1588 1661 in
1613 1627 1732 1661 sexto

342 1687 455 1731 libro
483 1685 676 1746 ejusdem
705 1687 872 1745 operis,
910 1702 1010 1731 cum
1041 1688 1095 1730 de
1134 1686 1308 1731 duobus
1344 1688 1426 1731 illis
1457 1686 1735 1732 foeneratoris

344 1759 473 1801 unius
491 1757 761 1800 debitoribus
775 1758 943 1813 ageret⁴
969 1775 976 1798 ε
1008 1777 1024 1796 «
1054 1758 1303 1802 Secundum
1327 1758 1540 1813 homines,
1567 1759 1728 1819 inquit,

344 1827 441 1885 plus
463 1826 641 1870 sortasse
660 1826 862 1874 offendiu
889 1827 965 1886 qui
987 1826 1082 1885 plus
1106 1827 1343 1871 debuerat:
1371 1827 1446 1871 sed
1468 1843 1545 1887 per
1563 1829 1733 1874 miseri-

348 1898 539 1942 cordiam
568 1897 740 1941 Domini
764 1912 890 1940 causa
916 1906 1112 1941 mutatur
1128 1933 1138 1950 ‚
1168 1907 1217 1941 ut
1242 1898 1427 1957 amplius
1450 1898 1624 1958 diligat,
1659 1900 1735 1959 qui

349 1966 532 2025 amplius
567 1966 744 2019 debuit,
776 1967 809 2010 si
834 1976 979 2010 tamen
1010 1968 1188 2025 gratiam
1220 1977 1526 2028 consequatur.
1568 1989 1584 2011 »
1622 1973 1736 2014 Eece

350 2036 612 2095 apertissime
628 2036 835 2095 praedicat
856 2036 1095 2081 catholicus
1119 2038 1269 2081 doctor
1292 2039 1421 2082 etiam
1438 2040 1576 2098 ipsam
1598 2040 1737 2084 dilec-

354 2108 536 2160 tionem,
569 2123 655 2166 qua
674 2108 857 2167 quisque
880 2108 1065 2166 amplius
1088 2108 1228 2166 diligit
1244 2144 1254 2164 ,
1277 2111 1329 2153 ad
1352 2111 1613 2155 beneficium
1638 2127 1737 2170 gra-

352 2177 421 2220 tiae
443 2177 674 2235 pertinere.

410 2248 566 2289 XLIX.
596 2249 736 2304 Ipsam
765 2247 953 2306 denique
975 2247 1294 2306 poeniteutiam,
1322 2265 1451 2308 quam
1476 2251 1630 2309 procul
1653 2252 1738 2296 dua

354 2316 426 2359 bio
448 2316 647 2360 voluntas
672 2317 781 2374 agit,
813 2318 983 2361 Domini
1005 2318 1296 2363 misericordia
1330 2330 1372 2363 et
1398 2320 1617 2380 adjutorio
1646 2323 1739 2366 fieri

399 2435 411 2454 ¹
432 2434 615 2466 Ambrosius
631 2445 821 2478 magnopere
846 2436 990 2470 laudatus
1005 2449 1023 2470 a
1041 2438 1176 2480 Pelagio.
1195 2455 1235 2460 -—
1253 2445 1264 2460 2
1288 2439 1471 2471 Ambrosius
1490 2440 1618 2483 Pelagio
1636 2452 1739 2483 oppa-

355 2491 451 2522 nitur.
480 2502 509 2521 n.
526 2490 566 2531 94
585 2492 623 2522 ad
647 2493 724 2524 Luc.
749 2503 796 2529 111,
821 2502 873 2525 2¹2.
894 2510 932 2516 --
951 2492 964 2516 3
990 2506 1000 2526 1
1024 2496 1095 2526 Cor.
1115 2506 1148 2535 x,
1169 2494 1223 2527 31,
1240 2511 1279 2517 --
1296 2494 1309 2524 4
1328 2496 1473 2528 Anibi-05.
1496 2496 1553 2533 lib.
1573 2506 1619 2538 vi,
1643 2509 1673 2528 n.
1698 2495 1742 2527 25

355 2546 395 2578 ad
414 2547 489 2578 Luc.
513 2557 570 2587 vu,
586 2546 640 2588 ίμ.
