1804 3205
307 218 360 243 rm
393 218 560 243 merrus
595 217 646 242 m*
676 213 1046 252 CONCIPISCBNTM,
1083 216 1163 241 Lm.
1203 217 1248 242 ιι.
1388 206 1472 244 235

86 284 272 342 objicere
294 292 337 326 et
359 282 516 340 dogma
539 291 583 326 et
603 297 759 326 nomen
783 281 990 325 alienum.
1017 282 1124 324 Nam
1155 281 1310 324 veritas
1334 291 1473 326 utros-

86 370 172 414 que
202 353 421 412 redarguit.
445 375 456 411 3
487 363 531 398 et
560 354 847 405 Manichaeos‚
875 362 920 396 et
948 367 1036 396 vos.
1073 352 1324 395 Manichaeis
1358 355 1472 397 enim

85 425 191 469 dicit
217 444 225 469 :
254 444 275 467 «
300 428 395 470 Non
418 425 578 483 legistis
611 425 712 484 quia
750 424 824 482 qui
854 424 909 466 ab
932 422 1055 466 initio
1083 422 1186 466 feeit
1224 423 1443 466 hominem
1461 459 1471 478 ,

89 514 109 538 »
130 495 372 540 masculum
395 504 438 539 et
457 494 683 539 foeminam
703 493 802 538 feeit
827 508 898 537 eos
919 494 937 537 P
958 501 999 536 et
1022 492 1128 536 dixit
1147 512 1154 535 :
1186 496 1365 551 Propter
1395 494 1476 537 hoc

87 584 107 606 »
130 564 348 625 relinquet
371 567 500 609 homo
522 575 688 624 patrem
710 573 753 607 et
778 572 956 606 matrem
983 584 994 620 3
1020 572 1064 606 et
1084 561 1328 606 adhaerebit
1352 564 1473 607 uxori

87 655 108 678 »
128 651 216 681 suae
233 671 244 692 ,
270 645 312 680 et
335 646 463 680 erunt
486 636 576 680 duo
597 637 640 679 in
663 650 795 679 earne
826 649 912 678 una
941 653 948 679 ;
976 634 1122 693 itaque
1148 635 1235 693 jam
1262 649 1350 678 non
1373 644 1474 678 sunt

86 726 106 750 »
127 708 217 753 duo
235 743 246 763 ,
270 707 346 752 sed
370 724 456 753 una
482 723 597 753 earo.
637 705 751 760 Quid
774 720 875 764 ergo
912 709 1022 749 Deus
1054 705 1281 764 conjunxit
1306 739 1316 759 ‚
1342 705 1475 749 homo

84 797 105 820 »
126 794 215 824 non
238 788 407 839 separet
432 782 462 824 ¹.
491 798 511 821 »
538 783 603 823 Ita
621 778 785 839 quippe
806 777 998 822 ostendit
1011 785 1053 821 et
1071 776 1299 820 hominum
1319 776 1475 820 condi-

82 859 221 895 torem
238 885 248 904 ,
275 860 318 894 et
340 851 577 910 conjugum
599 848 898 907 copulatorem
918 851 1054 892 Deum
1073 882 1084 902 ,
1108 847 1311 891 adversus
1332 849 1476 891 Mani-

80 921 225 966 chaeos
243 956 253 976 ,
274 922 350 980 qui
370 931 606 980 utrumque
630 921 787 964 horum
811 927 987 977 negant.
1014 918 1148 963 Vobis
1165 926 1309 961 autem
1332 917 1438 961 dicit
1463 937 1471 962 :

85 993 252 1037 «Venit
272 992 387 1036 filius
401 992 589 1036 hominis
612 1006 807 1051 quaerere
829 1000 873 1034 et
894 989 1058 1033 salvare
1075 989 1194 1048 quod
1214 989 1469 1047 perierat2.»

83 1063 168 1107 Sed
191 1078 282 1118 vos,
308 1063 470 1122 egregii
487 1062 719 1107 Christiani
738 1095 749 1116 ,
775 1060 1035 1119 respondete
1056 1060 1227 1104 Christo
1255 1078 1264 1104 :
1294 1059 1336 1104 Si
1354 1059 1473 1119 quod

79 1134 266 1193 perierat
292 1143 510 1194 quaereret
532 1133 696 1178 salvare
716 1132 894 1186 venisti,
910 1130 964 1175 ad
978 1131 1182 1190 parvulos
1195 1145 1283 1174 non
1292 1130 1471 1186 venisti3

79 1205 147 1249 isti
169 1220 249 1249 nec
271 1206 504 1264 perierant,
527 1214 570 1249 et
587 1204 691 1248 salvi
714 1204 804 1247 nati
826 1212 929 1247 sunt
948 1222 956 1246 :
983 1201 1092 1246 vade
1115 1202 1169 1245 ad
1189 1202 1394 1260 majores,
1419 1201 1474 1244 de

79 1275 223 1320 verbis
245 1277 329 1320 tuis
352 1276 432 1320 tibi
453 1275 797 1335 praescribimus:
828 1292 847 1315 «
873 1275 970 1318 Non
993 1282 1056 1317 est
1080 1288 1190 1331 opus
1211 1272 1323 1316 sanis
1339 1270 1475 1315 medi-

82 1363 104 1388 »
129 1362 221 1401 cus,
242 1347 318 1390 sed
338 1347 451 1390 male
468 1345 732 1390 habentibus
758 1347 789 1388 ³.
819 1362 839 1386 »
865 1347 931 1388 lta
953 1344 1017 1398 fit,
1039 1353 1088 1387 ut
1109 1343 1376 1387 Manichaeus
1396 1342 1472 1401 qui

78 1418 247 1463 homini
270 1419 547 1463 commixtam
570 1418 674 1461 dicit
701 1431 790 1460 esse
816 1425 1017 1460 naturam
1041 1415 1196 1458 malam
1217 1449 1228 1469 ,
1247 1413 1351 1457 velit
1372 1413 1474 1457 inde

76 1489 229 1533 saltem
251 1488 405 1533 salvari
427 1504 450 1532 a
471 1489 644 1534 Christo
664 1488 853 1531 animam
873 1487 1033 1531 bonam
1067 1505 1076 1529 :
1111 1494 1159 1529 tu
1179 1500 1282 1529 vero
1303 1485 1349 1527 in
1369 1499 1471 1543 par·

79 1559 191 1603 vulis
211 1593 222 1613 ‚
243 1574 344 1603 cum
367 1557 471 1602 salvi
495 1559 580 1602 sint
607 1572 788 1616 corpore
805 1592 815 1610 ,
841 1556 951 1600 nihil
974 1572 996 1600 a
1018 1556 1193 1601 Christo
1214 1553 1472 1599 salvandum

80 1644 170 1674 esse
198 1628 442 1674 contendis.
459 1620 540 1693 ἲ’ἱΑο
563 1643 640 1687 per
671 1628 753 1672 hoc
777 1627 1043 1671 Manichaeus
1065 1625 1244 1686 quidem
1269 1634 1472 1669 naturam

80 1701 319 1745 humanam
349 1699 660 1744 detestabiliter
683 1699 902 1758 vituperat
928 1718 939 1755 3
961 1698 1036 1742 sed
1058 1707 1107 1741 tu
1125 1696 1358 1742 crudeliter
1375 1696 1472 1740 lau—

79 1759 182 1830 das]
197 1771 474 1829 Quicumque
496 1770 611 1813 enim
634 1768 712 1814 tibi
731 1767 995 1813 crediderint
1024 1767 1259 1820 laudatori,
1285 1767 1473 1810 infantes

81 1856 181 1885 suos
203 1855 294 1885 non
310 1841 522 1884 offerrent
540 1839 758 1884 salvatori.
779 1841 882 1882 Tam
902 1837 1105 1882 scelerata
1124 1837 1342 1890 sentienti,
1365 1836 1471 1895 quid
1502 1875 1507 1881 „

80 1910 159 1955 tibi
176 1909 353 1969 prodest
370 1925 459 1954 non
473 1918 668 1953 metuere
682 1907 803 1968 quod
821 1907 899 1951 tibi
913 1907 961 1950 fit
978 1916 1024 1950 ut
1041 1906 1272 1950 salubriter
1285 1915 1469 1959 metuas,

80 1990 126 2026 et
148 1990 190 2025 te
207 1981 429 2026 hominem
452 1980 556 2025 facit
572 1994 661 2023 esse
680 2014 691 2033 ,
712 1994 801 2023 non
825 1978 1024 2033 bestiam,
1051 1993 1152 2037 quae
1176 1976 1473 2021 circumdatur

79 2051 241 2111 pinnis,
258 2060 308 2095 ut
323 2059 502 2109 cogatur
519 2050 563 2093 in
578 2050 715 2093 retia?
732 2050 852 2107 Opus
869 2056 962 2092 erat
980 2057 1028 2091 ut
1042 2047 1269 2091 veritatem
1284 2057 1468 2100 teneres,

81 2123 262 2182 ejusque
283 2121 428 2166 studio
449 2135 539 2165 non
560 2120 733 2164 timeres
754 2137 763 2162 :
789 2134 907 2162 nunc
931 2132 1034 2162 vero
1063 2118 1121 2161 ita
1145 2132 1234 2161 non
1257 2117 1398 2171 times,
1424 2124 1473 2159 ut

81 2195 116 2239 si
138 2195 311 2239 timeres
328 2228 339 2249 ,
362 2194 565 2238 evaderes
596 2192 740 2251 potius
762 2192 867 2234 retia
890 2189 1069 2249 maligni
1089 2224 1100 2244 ,
1126 2203 1259 2248 quam
1276 2188 1471 2231 incurre-

79 2280 162 2310 res·
186 2267 326 2310 Mater
353 2263 566 2309 catholica
592 2272 634 2306 te
656 2261 755 2306 ideo
778 2271 939 2314 terret,
966 2262 1067 2320 quia
1091 2268 1134 2303 et
1157 2258 1238 2302 tibi
1262 2266 1304 2302 et
1329 2256 1422 2301 aliis
1449 2273 1470 2300 a

81 2344 123 2379 te
146 2335 270 2379 timet
295 2354 303 2379 :
326 2338 379 2391 get
399 2334 432 2378 si
459 2348 536 2393 per
557 2332 669 2376 filios
690 2347 789 2375 suos
820 2332 864 2374 in
897 2329 1041 2389 aliqua
1073 2337 1288 2388 potestate
1310 2327 1471 2387 positos

79 2405 167 2462 agit
188 2413 238 2448 ut
254 2404 406 2448 timeas
421 2439 433 2459 ,
454 2419 543 2448 non
565 2403 609 2447 id
634 2401 720 2460 agit
742 2399 1004 2446 crudelitate
1018 2434 1028 2454 ,
1057 2399 1131 2443 sed
1150 2399 1376 2443 charitate.
1406 2400 1471 2440 Tu

81 2483 228 2519 autem
255 2474 322 2518 vir
343 2472 602 2518 fortissimus
635 2472 788 2516 timere
818 2470 1016 2514 homines
1040 2504 1051 2524 ,
1079 2470 1284 2527 ignavum
1321 2476 1464 2527 putaS.

131 2564 141 2580 ¹
162 2558 272 2590 Manli.
293 2567 361 2598 ιιι,
380 2557 411 2598 4,
430 2573 471 2580 ——-
486 2564 498 2580 ²
520 2559 597 2589 Luc.
617 2565 684 2594 xix,
710 2566 760 2588 ιο.
775 2570 816 2578 ·-
831 2553 844 2578 3
863 2554 983 2586 Matth.
1003 2563 1048 2595 ix,
1066 2561 1121 2586 22.
