1804 3205
328 229 376 252 iii-2
420 227 546 254 mimi
585 227 626 254 ει
671 229 763 254 mis
796 228 988 265 «nucina,
1027 230 1106 254 Ltti.
1149 231 1173 253 ι.
1365 219 1446 256 317

61 291 184 334 dabis
203 290 271 334 vel
295 290 630 336 describendum
656 293 814 352 quibus
839 293 1042 352 potueriS,
1069 293 1134 336 vel
1159 294 1320 352 quibus
1341 294 1452 337 dan-

59 361 162 405 dum
192 377 281 405 esse
302 362 574 421 judicaveris.
611 367 659 407 ln
696 380 782 423 quo
812 365 931 408 istius
951 365 1120 424 juvenis
1151 366 1448 424 praesumptio-

60 449 157 476 nem
182 433 238 477 ita
264 434 582 493 reprimendam
606 444 649 479 et
673 436 1018 494 redarguendam
1041 437 1205 495 putavi,
1233 445 1281 479 ut
1307 445 1452 479 tamen

58 519 156 547 cum
189 504 394 564 diligam,
430 521 508 549 uec
535 505 748 557 damnari,
783 507 854 550 scd
886 506 1108 551 emendari
1132 506 1260 550 velim
1292 515 1453 565 :atquc

59 574 114 618 ita
139 576 346 634 prolicere
370 576 413 618 iu
437 576 569 620 domo
591 591 764 634 magna,
790 594 888 637 quar
911 587 974 622 est
996 576 1188 621 Ecclesia
1219 575 1448 630 catholica,

58 662 146 705 quo
169 661 267 689 eum
294 646 582 691 misericordia
605 647 750 692 divina
776 648 992 705 perduxit,
1017 658 1067 692 ut
1087 649 1140 692 sit
1162 650 1204 691 in
1224 647 1294 691 illa
1315 663 1387 692 vas
1406 648 1450 691 in

61 718 222 763 honore
244 719 560 764 sanctificatum
588 723 618 774 ¹,
647 720 752 764 utile
777 722 983 773 Domino,
1010 720 1063 764 ad
1088 736 1216 765 omne
1239 735 1348 779 opus
1374 720 1452 763 bo-

58 805 162 833 num
185 805 352 850 semper
373 801 588 850 paratum,
616 800 659 836 et
680 791 791 835 bene
815 791 1019 847 vivendo,
1046 801 1089 836 et
1114 806 1215 835 sana
1233 790 1447 836 docendo.

60 862 192 905 Porro
222 870 367 905 autem
397 863 429 906 si
466 863 606 921 ipsum
642 871 813 920 oportet
844 871 892 906 ut
928 862 1132 921 diligam,
1165 864 1275 906 sicut
1302 861 1450 916 facio,

57 941 222 990 quanto
245 933 377 991 magis
404 943 459 986 te,
486 932 617 976 frater
639 935 764 992 cujus
790 948 887 990 erga
912 948 981 976 me
1004 932 1351 977 benevolentiam
1373 966 1383 984 ,
1410 940 1452 973 et

57 1005 179 1063 cujus
207 1004 464 1049 catholicam
491 1004 621 1048 fidem
645 1014 818 1048 cautam
847 1013 889 1048 et
916 1005 1104 1047 sobriam
1129 1004 1294 1062 optime
1320 1002 1452 1046 novi?

60 1076 184 1119 Unde
212 1076 374 1120 factum
399 1085 462 1120 est
481 1111 491 1131 ,
519 1085 567 1119 ut
591 1091 663 1120 eos
684 1076 818 1120 libros
841 1076 917 1135 qui
942 1075 1021 1119 tibi
1044 1074 1379 1134 displicuerunt,
1410 1083 1452 1117 et

58 1146 102 1189 in
124 1146 282 1206 quibus
306 1162 465 1191 nomen
487 1161 635 1191 meum
660 1146 783 1190 aliter
808 1161 938 1206 quam
965 1144 1097 1189 velles
1121 1145 1311 1204 positum
1337 1159 1454 1189 com-

58 1218 201 1276 peristi
216 1253 225 1266 ,
247 1217 556 1262 describendos
572 1217 767 1277 mihique
786 1217 1022 1260 mittendos
1039 1231 1139 1259 vere
1158 1215 1347 1258 fraterna
1365 1215 1453 1274 pla-

56 1303 199 1348 neque
223 1289 386 1333 sincera
415 1288 650 1333 dilectione
677 1303 864 1332 curares.
894 1290 1082 1331 Tantum
1106 1302 1209 1346 crgo
1232 1287 1379 1343 abest,
1404 1296 1453 1330 ut

58 1358 159 1403 hinc
177 1367 264 1403 tuce
281 1359 479 1403 charitati
499 1374 799 1413 succenseam,
821 1358 923 1417 quia
943 1358 1106 1415 fecisti,
1125 1367 1174 1402 ut
1190 1357 1352 1416 potius,
1372 1358 1452 1401 nisi

57 1429 244 1484 fecisses,
278 1431 448 1488 integro
466 1430 565 1489 jure
595 1429 794 1474 amicitiae
824 1444 1077 1473 succensere
1104 1427 1327 1472 deberem.
1361 1431 1454 1484 Ago

56 1501 204 1561 itaque
234 1500 388 1545 uberes
417 1501 587 1558 gratias.
627 1499 1006 1553 Quemadmodum
1038 1509 1182 1544 autem
1213 1499 1452 1557 acceperim

58 1570 222 1616 factum
240 1581 364 1616 tuum
383 1607 393 1626 ,
417 1573 518 1616 hinc
538 1570 806 1616 manifestius
823 1570 1038 1623 indicavi,
1060 1570 1181 1631 quod
1200 1570 1320 1614 hunc
1339 1570 1393 1613 ad
1412 1578 1454 1612 te

57 1642 236 1698 librum,
259 1659 358 1689 mox
380 1653 430 1688 ut
452 1643 548 1688 illos
571 1643 671 1702 legi,
696 1643 788 1687 sine
804 1642 950 1704 aliqua
972 1642 1178 1688 dilatione
1200 1640 1450 1699 conscripsi.

108 1746 116 1762 ¹
139 1751 149 1772 1
172 1739 254 1773 Tim.
273 1751 307 1781 n,
327 1749 381 1773 20.
