1784 3205
306 221 390 260 430
745 234 778 258 s.
814 230 1046 258 Auens-*rim
1078 230 1263 257 Emscom

304 299 370 342 his
386 306 573 358 quatuor
590 296 719 341 rebus
737 296 896 354 eligite.
920 296 1077 340 Procul
1096 295 1229 340 dubio
1243 295 1358 339 enim
1370 328 1382 351 ,
1403 304 1478 339 aut
1494 296 1688 354 quoties-

302 383 492 428 cumque
527 368 743 422 libuisset,
786 367 913 410 toties
955 367 1293 411 concubuissent
1325 385 1335 412 :
1366 375 1441 410 aut
1471 364 1690 410 frenarent

302 437 544 492 libidinem,
565 437 744 497 quando
764 436 1021 480 concubitus
1038 436 1300 480 necessarius
1317 451 1406 480 non
1425 435 1595 491 fuisset,
1615 444 1690 479 aut

302 518 409 553 tunc
425 508 480 552 ad
502 517 659 552 nutum
674 506 910 552 voluntatis
933 507 1070 551 libido
1087 516 1383 565 consurgeret,
1404 506 1582 565 quando
1599 521 1690 550 esse

303 578 587 623 concubitum
603 577 890 621 necessarium
906 587 1019 622 casta
1036 577 1267 636 prudentia
1280 576 1568 635 praesensisset
1588 596 1600 633 3
1616 583 1691 619 aut

302 648 423 691 nulla
449 648 508 690 ibi
541 648 719 691 omnino
756 647 966 691 existente
996 647 1176 691 libidine
1193 681 1204 700 ,
1235 654 1286 689 ut
1313 655 1468 690 caetera
1494 646 1690 689 membra

304 733 491 778 quaeque
513 718 569 762 ad
589 733 719 776 opera
741 733 832 772 sua,
859 718 917 761 sic
945 717 1000 762 ad
1036 733 1145 775 opus
1167 718 1391 776 proprium
1411 717 1542 760 etiam
1569 716 1691 774 geni-

304 788 403 833 talia
424 788 551 848 jussis
571 787 812 832 volentium
833 790 923 832 sine
943 788 1033 832 ulla
1055 787 1314 832 difficultate
1335 788 1577 831 servissent.
1595 788 1689 831 Ho-

303 875 400 903 rum
414 869 604 919 quatuor
621 859 740 918 quod
757 859 885 903 vultis
907 859 1064 917 eligite.
1085 859 1168 902 Sed
1189 867 1296 917 puto
1310 857 1429 916 quod
1442 857 1530 901 duo
1549 857 1690 916 priora

303 931 533 988 respuetis.
560 930 637 974 ubi
658 929 830 973 libidini
848 939 923 974 aut
938 931 1136 983 servitur,
1157 938 1233 973 aut
1254 938 1533 988 repugnatur.
1558 930 1691 973 Nam-

303 1015 390 1059 que
408 1000 518 1043 illud
541 1000 731 1058 primum
762 1008 851 1043 tam
874 990 1081 1059 praeclara
1104 1000 1326 1054 honestas,
1351 999 1433 1043 hoc
1454 1008 1598 1042 autem
1620 1013 1690 1042 se—

303 1068 498 1112 cundum
540 1078 624 1112 tam
656 1084 810 1127 magna
837 1068 1020 1113 felicitas
1050 1084 1138 1113 non
1173 1069 1282 1123 vult,
1319 1068 1442 1112 Absit
1470 1068 1587 1112 enim
1605 1103 1616 1123 ‚
1642 1076 1692 1112 ut

304 1147 435 1181 tantae
454 1137 571 1181 illius
596 1139 874 1182 beatitudinis
902 1138 1034 1183 decus
1049 1173 1060 1193 ,
1087 1147 1162 1182 aut
1183 1137 1500 1197 praecedentem
1522 1153 1691 1197 semper

302 1206 525 1266 sequendo
553 1205 781 1250 libidinem
807 1216 953 1264 ageret
990 1208 1278 1265 turpissimam
1309 1207 1560 1251 servitutem
1577 1241 1588 1261 ,
1616 1215 1691 1251 aut

303 1276 341 1320 ei
379 1275 617 1320 resistendo
654 1291 744 1320 non
772 1277 950 1320 haberet
987 1276 1281 1335 plenissimam
1314 1291 1465 1334 pacem
1507 1296 1516 1321 ε
1548 1277 1689 1332 absit,

302 1348 499 1407 inquam,
523 1357 571 1392 ut
595 1348 734 1392 carnis
751 1348 1149 1407 concupiscentiam
1172 1364 1262 1392 non
1284 1356 1530 1407 opportune
1547 1348 1601 1392 ad
1623 1363 1691 1407 ge-

303 1419 568 1474 nerandum,
593 1419 668 1462 sed
697 1419 945 1463 inordinata
974 1419 1269 1463 commotione
1305 1427 1581 1476 surgentem,
1617 1428 1692 1463 aut

302 1488 365 1532 illi
386 1490 522 1533 menti
562 1489 752 1548 placeret
792 1489 1104 1533 consentiendo
1143 1489 1318 1543 satiare,
1354 1498 1428 1533 aut
1457 1489 1520 1533 illi
1555 1489 1691 1549 quieti

302 1574 475 1603 necesse
491 1568 599 1603 esset
621 1558 914 1604 dissentiendo
940 1560 1160 1603 cohibere.

361 1632 758 1674 XXXV.›Duarum
779 1645 882 1674 vero
901 1629 1168 1689 reliquarum
1191 1630 1434 1689 quamlibet
1454 1629 1663 1688 elegeritis
1676 1664 1688 1684 ,

303 1715 390 1744 non
413 1709 477 1744 est
504 1700 707 1744 adversus
732 1715 807 1743 vos
838 1700 926 1743 ulla
951 1702 1230 1744 contentione
1252 1700 1554 1744 laborandum.
1579 1703 1635 1744 Et
1657 1701 1691 1744 si

302 1772 417 1814 enim
441 1780 640 1830 quartam
662 1770 888 1815 nolueritis
907 1770 1078 1828 eligere,
1100 1771 1177 1814 ubi
1199 1781 1262 1815 est
1275 1771 1472 1815 omnium
1488 1771 1692 1815 obedien-

305 1841 411 1884 tium
434 1842 731 1886 membrorum
758 1841 849 1884 sine
872 1840 961 1884 ulla
981 1840 1166 1885 libidine
1188 1855 1356 1884 summa
1374 1839 1661 1900 tranquillitas
1676 1875 1687 1896 ,

301 1912 509 1970 quoniam
536 1914 627 1971 jam
656 1927 731 1955 vos
760 1912 798 1955 ei
824 1910 926 1956 fecit
962 1920 1200 1955 vestrarum
1230 1910 1575 1970 disputationum
1608 1912 1690 1954 im-

302 1990 427 2038 petus
449 1982 646 2026 inimicos
667 1980 807 2026 :illud
836 1981 958 2026 vobis
984 1981 1135 2025 saltem
1161 1980 1374 2040 placebit,
1410 1980 1529 2040 quod
1561 1982 1690 2025 tertio

301 2050 398 2095 loco
420 2053 664 2110 posuimus,
690 2060 740 2095 ut
757 2051 830 2095 illa
854 2052 1035 2097 carnalis
1055 2052 1403 2111 concupiscentia
1419 2086 1429 2105 ‚
1455 2053 1578 2112 cujus
1599 2066 1684 2096 mo-

301 2130 371 2165 tus
393 2122 448 2165 ad
471 2132 753 2181 postremam,
790 2138 889 2182 quae
917 2138 991 2167 vos
1015 2123 1203 2166 multum
1235 2122 1450 2177 delectat,
1490 2123 1688 2181 pervenit

301 2192 569 2251 voluptatem
585 2228 595 2247 ,
628 2208 855 2253 nunquam
883 2193 927 2235 in
949 2191 1171 2252 paradiso,
1203 2192 1281 2235 nisi
1308 2208 1407 2236 cum
1429 2192 1484 2237 ad
1507 2194 1687 2251 gignen-

301 2261 406 2305 dum
442 2272 551 2306 esset
593 2264 857 2320 necessaria,
891 2262 946 2306 ad
982 2262 1218 2306 voluntatis
1251 2272 1407 2306 nutum
1441 2271 1682 2321 exurgeret.

303 2334 425 2376 Hanc
459 2333 492 2376 si
516 2333 655 2391 placet
673 2333 795 2377 vobis
826 2334 870 2375 in
902 2333 1100 2392 paradiso
1133 2332 1368 2387 collocare,
1391 2342 1434 2376 et
1456 2348 1533 2391 per
1557 2332 1686 2376 talem

302 2404 695 2462 concupiscentiam
715 2404 854 2448 carnis
870 2438 881 2459 ,
907 2420 1006 2464 quae
1032 2419 1112 2448 nec
1134 2404 1413 2463 praeveniret,
1439 2419 1519 2448 nec
1542 2403 1685 2448 tarda-

300 2482 392 2528 ret,
424 2488 503 2518 nec
526 2473 749 2519 excederet
769 2475 1000 2534 imperium
1022 2474 1279 2530 voluntatis,
1297 2474 1419 2519 vobis
1447 2475 1619 2520 videtur
1639 2475 1685 2519 in

301 2540 374 2587 illa
405 2541 610 2589 felicitate
643 2543 752 2590 filios
785 2545 974 2604 potuisse
1010 2544 1228 2604 generari,
1261 2559 1350 2590 non
1372 2558 1678 2604 repugnamus.
