1784 3205
327 278 409 315 360
757 282 789 310 s.
825 281 1054 309 umus-nm
1087 279 1263 307 zmscom

326 354 546 398 affectum.
575 368 595 391 »
620 351 723 394 Haec
743 347 872 392 verba
894 355 969 389 tua
990 353 1106 399 sunt,
1129 344 1203 388 ubi
1225 352 1268 387 te
1289 343 1505 387 confiteris
1522 355 1703 386 consen-

324 424 405 468 tire
437 421 624 475 dicenti,
669 415 933 478 quibusdam
966 429 1056 459 non
1087 413 1312 472 baptizatis
1356 413 1414 456 sic
1448 412 1705 471 temporarie

325 491 534 537 collatum
556 504 645 533 esse
661 486 925 548 paradisum,
950 493 1000 528 ut
1021 483 1203 543 supersit
1224 482 1306 526 illis
1328 483 1373 526 in
1395 482 1706 527 resurrectione

324 562 552 621 praemium
568 559 690 617 regni
706 556 935 609 coelorum,
960 563 1111 598 contra
1132 552 1387 597 sententiam
1404 551 1703 611 principalem,

324 646 410 690 qua
431 629 718 674 constitutum
740 634 819 680 est,
836 624 1197 669 nonintraturum
1218 622 1264 666 in
1281 620 1392 665 illud
1413 636 1612 681 regnum,
1631 620 1707 680 qui

324 715 413 744 non
434 707 607 742 renatus
629 697 762 742 fuerit
786 711 836 739 ex
860 709 972 754 aqua
993 702 1035 738 et
1059 692 1220 752 Spiritu
1253 699 1415 736 sancto.
1440 692 1582 743 Quam
1607 705 1708 734 sen-

323 770 502 815 tentiam
520 767 802 828 principalem
825 766 978 809 timens
1000 764 1159 808 violare
1179 762 1388 820 Pelagius,
1412 775 1492 806 nec
1506 761 1601 806 illos
1617 762 1708 805 sine

324 840 538 899 baptismo
560 840 605 882 in
634 851 816 895 regnum
848 834 1062 879 coelorum
1098 833 1282 878 credidit
1308 833 1568 887 intraturos,
1601 847 1709 891 quos

324 925 414 954 non
434 908 616 954 credidit
638 923 731 953 reos
752 927 760 952 :
787 917 834 951 tu
855 915 1000 951 autem
1020 914 1063 949 et
1080 902 1293 963 originalis
1310 903 1476 962 peccati
1497 917 1592 947 reos
1612 918 1711 962 par-

324 980 448 1025 vulos
471 979 705 1033 confiteris,
730 987 773 1021 et
794 986 941 1021 tamen
968 991 1040 1020 eos
1061 976 1151 1020 sine
1173 974 1346 1018 lavacro
1377 973 1712 1032 regenerationis

326 1049 528 1104 absolvis,
549 1058 592 1093 et
613 1048 659 1092 in
681 1048 927 1107 paradisum
947 1047 1079 1091 mittis
1094 1082 1105 1101 ,
1142 1054 1184 1090 et
1206 1054 1355 1105 postea
1375 1045 1504 1089 etiam
1530 1058 1713 1103 regnum

325 1119 536 1162 coelorum
559 1120 719 1161 intrare
739 1116 964 1176 permittis.

384 1190 481 1231 XX.
520 1190 623 1231 Haec
646 1197 776 1246 atque
800 1185 1076 1245 hujusmodi,
1114 1186 1146 1228 si
1181 1194 1224 1229 et
1251 1185 1334 1229 alia
1361 1184 1538 1229 forsitan
1563 1185 1609 1229 in
1630 1185 1715 1228 tuis

324 1259 445 1302 libris
464 1258 672 1302 attentior
694 1266 737 1301 et
758 1257 935 1302 otiosior
949 1256 1142 1299 invenire
1156 1256 1363 1314 potueris,
1382 1256 1472 1299 sine
1493 1255 1582 1299 ulla
1604 1255 1716 1299 dila-

325 1329 442 1372 tione
452 1330 543 1387 jam
569 1328 753 1386 corrige,
781 1328 815 1370 si
838 1326 1031 1370 animum
1059 1326 1321 1370 catholicum
1343 1326 1477 1383 geris,
1502 1325 1549 1368 id
1567 1334 1630 1369 est
1647 1360 1658 1380 ,
1683 1325 1718 1369 si

325 1400 534 1443 veraciter
551 1398 815 1457 praelocutus
838 1412 897 1451 es,
924 1396 1088 1451 dicens,
1120 1415 1139 1437 «
1164 1396 1283 1455 quod
1307 1396 1386 1439 tibi
1413 1396 1492 1455 ipsi
1516 1395 1718 1440 credulus

326 1485 415 1513 non
443 1470 495 1512 sis
513 1484 561 1512 ea
583 1468 758 1527 probari
773 1482 897 1526 posse
919 1482 1018 1526 quae
1037 1466 1220 1522 dixeri53
1242 1474 1285 1509 et
1302 1466 1422 1525 quod
1439 1481 1606 1525 semper
1627 1475 1718 1510 stu-

328 1539 428 1581 deas
446 1538 574 1580 etiam
596 1537 816 1595 propriam
834 1536 1092 1579 sententiam
1111 1551 1200 1579 non
1218 1536 1348 1591 tueri,
1371 1536 1404 1578 si
1420 1534 1718 1594 improbabilis

328 1606 584 1665 detegatur,
621 1615 664 1649 et
696 1606 750 1649 sit
784 1605 863 1649 tibi
892 1604 1038 1659 cordi,
1071 1606 1247 1663 proprio
1277 1604 1445 1664 judicio
1485 1604 1715 1660 damnato,

329 1675 509 1719 meliora
533 1676 665 1732 magis
688 1684 731 1718 et
752 1690 851 1734 quae
880 1683 980 1717 sunt
1002 1674 1169 1718 veriora
1192 1674 1358 1717 sectari.
1384 1692 1403 1715 »
1425 1674 1558 1719 Modo
1580 1674 1720 1733 proba

331 1745 592 1800 charissime,
619 1760 708 1789 non
734 1753 779 1788 te
802 1744 1012 1788 fallaciter
1036 1744 1115 1787 ista
1139 1743 1309 1798 dixisse,
1330 1753 1380 1788 ut
1404 1744 1458 1787 de
1481 1753 1555 1788 tua
1572 1743 1719 1789 indole

330 1832 419 1860 non
444 1816 584 1860 solum
609 1815 846 1873 ingeniosa,
882 1829 1034 1858 verum
1065 1814 1194 1858 etiam
1216 1823 1358 1868 cauta,
1395 1815 1480 1873 pia,
1507 1814 1717 1870 modesta,

333 1887 517 1944 gaudeat
540 1885 752 1931 catholica
776 1885 983 1941 Ecclesia,
1005 1900 1094 1930 non
1118 1885 1173 1929 de
1195 1886 1464 1929 contentiosa
1485 1886 1721 1944 pertinacia

332 1956 533 2000 haeretica
556 1955 807 2000 exardescat
823 1955 1002 2000 insania.
1025 1957 1152 2000 Nunc
1169 1964 1232 1999 est
1254 1964 1304 1999 ut
1321 1955 1537 2010 ostendas,
1557 1964 1721 2014 quanta

333 2035 431 2083 post
451 2027 545 2070 haec
568 2027 683 2070 bona
705 2025 837 2069 verba
860 2040 959 2084 quae
986 2034 1061 2069 tua
1082 2025 1443 2080 commemoravi,
1477 2025 1721 2070 sinceritate

332 2096 518 2152 pectoris
541 2095 714 2149 dixeris,
740 2095 860 2154 quod
877 2094 1086 2139 continuo
1108 2095 1328 2153 subjecisti
1347 2113 1355 2139 :
1388 2115 1401 2134 α
1430 2097 1537 2140 Nam
1562 2104 1612 2139 ut
1632 2104 1717 2152 est,

333 2165 493 2224 inquis,
531 2166 682 2223 optimi
709 2165 919 2223 propositi
952 2164 1248 2223 laudandique
1284 2165 1473 2220 consilii,
1508 2164 1634 2209 facile
1666 2166 1722 2210 ad

335 2233 500 2277 veriora
530 2234 780 2291 transduci,
814 2235 872 2277 ita
906 2234 1096 2291 improbi
1127 2233 1421 2293 obstinatique
1447 2233 1599 2293 judicii
1633 2244 1718 2291 est,

336 2303 452 2346 nolle
469 2304 596 2347 citius
618 2303 672 2347 ad
695 2303 912 2347 tramitem
935 2303 1109 2346 rationis
1131 2303 1309 2347 inflecti.
1338 2321 1358 2344 »
1377 2305 1481 2348 Esto
1497 2304 1629 2363 igitur
1646 2320 1720 2363 op-

338 2372 428 2414 timi
451 2373 659 2430 propositi
692 2371 988 2431 laudandique
1024 2371 1218 2426 consilii,
1246 2381 1289 2416 et
1318 2371 1444 2417 facile
1470 2373 1525 2417 ad
1553 2373 1719 2418 veriora

339 2440 613 2483 transducere
637 2460 645 2484 :
674 2456 753 2485 nec
775 2442 830 2485 sis
847 2441 1033 2500 improbi
1056 2441 1347 2500 obstinatique
1365 2442 1540 2501 judicii,
1566 2452 1615 2486 ut
1636 2458 1719 2487 no-

338 2508 387 2553 lis
409 2509 533 2552 citius
558 2509 611 2552 ad
633 2511 846 2553 tramitem
875 2511 1050 2555 rationis
1070 2510 1248 2554 inflecti.
1285 2511 1327 2554 Si
1349 2511 1463 2554 enim
1494 2512 1586 2555 haec
1607 2510 1717 2554 lihe-

341 2577 483 2621 ralitcr
503 2579 696 2622 elocutus
719 2596 776 2633 es,
802 2581 834 2622 si
858 2596 945 2624 non
966 2581 1007 2623 in
1032 2581 1154 2624 labiis
1179 2581 1255 2624 ista
1279 2580 1476 2636 sonuisti,
1500 2580 1575 2624 sed
1601 2581 1717 2625 intus
