1784 3205
339 191 417 227 188
770 199 800 224 s.
840 197 1067 223 ΛυουεΤιΜ
1106 197 1282 223 eriscori

336 265 479 325 inquit
498 266 527 317 ¹,
546 264 588 306 in
609 262 745 306 Adam
767 297 776 316 ,
802 260 855 304 de
877 259 1072 319 paradiso
1095 261 1254 319 ejectus
1278 261 1320 303 in
1345 259 1501 313 Adam,
1527 267 1722 302 mortuus

338 338 379 379 in
409 333 547 380 Adam
579 354 587 377 z
608 348 737 393 quem
762 348 849 375 non
876 339 1047 374 revocat
1069 331 1148 374 nisi
1170 346 1236 373 me
1258 331 1302 373 in
1332 331 1468 374 Adam
1491 328 1720 380 invenerit,

336 417 383 450 ut
402 408 445 449 in
464 404 540 448 illo
562 404 702 463 culpae
725 404 980 456 obnoxium,
1008 402 1133 446 morti
1157 403 1352 446 debitum
1373 436 1382 454 ,
1410 402 1465 443 ita
1489 401 1531 443 in
1552 401 1723 444 Christo

329 478 612 537 justificatum
637 477 668 518 ².
711 495 728 514 »
764 478 869 518 Item
905 473 1096 517 scribens
1131 482 1280 517 contra
1319 472 1579 517 Novatianos
1612 471 1720 524 ait³³,

335 551 496 593 Omnes
514 547 710 591 homines
732 546 813 589 sub
836 554 1011 604 peceato
1035 546 1267 597 nascimur,
1289 558 1475 603 quorum
1499 543 1588 600 ipse
1605 550 1724 585 ortus

336 621 379 663 in
414 619 519 662 vitio
554 627 631 670 est,
670 618 780 661 sieut
807 616 937 660 habes
970 615 1130 660 lectum
1165 615 1337 659 dicente
1366 612 1502 657 David
1529 633 1537 657 2
1568 633 1586 654 «
1613 615 1724 656 Ecce

340 708 358 730 n
394 690 439 731 in
463 688 764 747 iniquitatibus
787 696 1023 745 conceptus
1045 702 1139 729 suin
1160 720 1170 739 ‚
1215 694 1257 728 et
1285 685 1328 727 in
1367 683 1535 727 delictis
1559 683 1725 742 peperit

339 778 359 800 »
396 774 463 801 me
486 767 621 801 mater
650 774 740 800 mea
762 761 792 800 ⁴.
818 776 836 797 »
870 759 969 800 Ideo
995 757 1116 799 Pauli
1139 771 1239 799 caro
1261 770 1418 813 corpus
1440 755 1588 797 mortis
1614 762 1720 807 erat,

336 829 554 887 sicutipse
577 828 634 871 ait
655 847 663 871 ι
690 846 708 868 «
737 827 841 880 Quis
868 842 935 869 me
965 825 1169 869 liberabit
1193 826 1246 868 de
1269 839 1449 884 corpore
1476 824 1625 867 mortis
1647 823 1725 866 liu-

342 922 358 939 »
389 900 459 957 jus
485 901 524 940 ⁵?
551 917 569 938 »
596 898 756 942 Christi
779 907 924 941 autem
949 912 1049 940 earo
1075 895 1298 939 damnavit
1325 904 1552 954 peceatum
1571 928 1581 948 ,
1608 895 1726 952 quod

337 969 554 1014 nascendo
585 985 673 1013 non
703 970 859 1020 sensit,
893 968 1013 1028 quod
1050 966 1277 1011 moriendo
1316 966 1558 1022 crucifixit,
1599 974 1648 1008 ut
1684 966 1727 1008 in

337 1057 466 1084 earne
489 1050 633 1084 nostra
663 1050 770 1083 esset
790 1040 1041 1098 justificatio
1071 1054 1144 1097 per
1177 1038 1374 1096 gratiani,
1408 1036 1484 1080 ubi
1508 1045 1599 1079 erat
1629 1044 1729 1079 ante

338 1111 528 1155 colluvio
562 1127 637 1170 per
669 1111 858 1169 eulpam,
899 1130 917 1150 »
956 1114 1061 1153 Item
1096 1110 1212 1153 idem
1243 1109 1333 1166 ipse
1361 1123 1459 1151 cum
1495 1116 1729 1165 exponeret

339 1184 492 1225 isaiam
522 1182 776 1240 prophetam
806 1180 989 1239 loquens
1019 1179 1072 1222 de
1098 1180 1269 1223 Christo
1290 1180 1332 1222 6;
1365 1197 1384 1219 «
1411 1177 1514 1221 Ideo
1531 1213 1540 1231 ,
1567 1178 1724 1236 inquit,

339 1261 381 1294 et
403 1253 523 1310 quasi
551 1252 681 1295 homo
709 1267 781 1309 per
798 1252 993 1294 universa
1013 1260 1202 1293 tentatus
1219 1259 1304 1303 est,
1324 1258 1365 1292 et
1386 1250 1429 1291 in
1447 1246 1730 1290 similitudine

341 1322 568 1365 hominum
602 1331 760 1365 cuncta
790 1320 996 1364 sustinuit
1026 1339 1034 1363 ;
1060 1318 1134 1362 sed
1165 1319 1289 1378 quasi
1327 1317 1381 1361 de
1412 1318 1573 1376 Spiritu
1604 1326 1730 1360 natus

341 1393 550 1436 abstinuit
576 1409 598 1436 a
620 1401 798 1451 peceato
827 1411 834 1436 z
871 1411 889 1433 (a
913 1391 1064 1434 Omnis
1087 1390 1200 1432 enim
1226 1390 1357 1433 homo
1382 1388 1591 1432 mendax⁷
1614 1409 1624 1444 3
1648 1410 1663 1427 »
1691 1396 1732 1430 et

341 1478 469 1506 nemo
491 1464 582 1505 sine
606 1473 782 1521 peceato
799 1497 809 1515 ,
836 1462 915 1505 nisi
940 1476 1051 1504 unus
1074 1464 1202 1504 Deus.
1231 1462 1457 1503 Servatum
1481 1467 1544 1503 est
1566 1458 1697 1516 igitur
1717 1493 1728 1513 ,

342 1542 389 1575 ut
408 1548 458 1575 ex
481 1533 572 1576 viro
590 1543 633 1576 et
657 1533 852 1585 muliere,
877 1531 922 1575 id
942 1540 1020 1586 est,
1048 1546 1124 1589 per
1141 1529 1258 1573 illam
1278 1544 1510 1588 corporum
1529 1528 1731 1572 commix-

342 1605 522 1657 tionem,
560 1619 688 1647 nemo
725 1603 924 1647 videatur
957 1617 1106 1661 expers
1143 1616 1231 1644 esse
1268 1599 1430 1644 delicti.
1471 1600 1551 1652 Qui
1585 1608 1729 1644 autem

341 1689 490 1732 expers
520 1684 583 1717 est
609 1672 778 1726 delicti,
806 1688 951 1731 expers
972 1681 1034 1715 est
1057 1672 1186 1715 etiam
1211 1670 1462 1730 hujusmodi
1486 1670 1731 1728 conceptio-

342 1745 421 1787 nis.
461 1763 478 1784 »
514 1748 621 1787 Item
654 1759 749 1787 cum
783 1752 1017 1802 exponeret
1051 1741 1336 1799 Evangelium
1367 1739 1608 1784 secundum
1642 1743 1731 1783 Lu-

341 1830 434 1858 cam
454 1818 468 1840 ⁸
497 1834 504 1858 :
531 1834 550 1856 «
576 1817 673 1859 Non
695 1815 809 1857 enim
833 1813 966 1858 virilis
989 1817 1146 1866 coitus,
1168 1813 1326 1872 inquit,
1354 1811 1495 1856 vulvae
1517 1811 1733 1868 virginalis

341 1895 501 1928 secreta
546 1885 780 1939 reseravit,
827 1883 902 1928 sed
940 1883 1267 1927 immaculatum
1307 1897 1454 1926 semen
1492 1881 1731 1925 inviolabili

343 1965 466 1998 utero
497 1956 677 2014 Spiritus
707 1964 880 1999 sanetus
907 1954 1084 1998 infudit.
1116 1953 1240 1998 Solus
1272 1954 1388 1997 enim
1416 1968 1492 2012 per
1513 1953 1657 1997 omnia
1682 1968 1730 1994 ex

344 2026 452 2067 natis
490 2024 544 2068 de
581 2025 762 2068 foemina
795 2034 968 2068 sanctus
1002 2025 1210 2067 Dominus
1250 2027 1403 2077 Jesus,
1438 2024 1516 2082 qui
1553 2033 1732 2066 terrenae

342 2096 538 2154 contagia
561 2094 820 2154 corruptelae
843 2094 1110 2139 immaculati
1135 2104 1283 2153 partus
1307 2096 1500 2139 novitate
1523 2110 1611 2138 non
1632 2109 1731 2138 sen-

343 2166 444 2209 serit
463 2201 473 2219 ,
501 2175 543 2209 et
564 2165 729 2210 coelesti
755 2167 973 2225 majestate
1001 2164 1233 2223 depulerit.
1265 2182 1284 2205 »

404 2237 602 2278 LXVIII.
642 2237 715 2279 His
751 2245 894 2279 tamen
924 2235 1065 2278 verbis
1093 2234 1279 2278 hominis
1310 2235 1411 2288 Dei,
1446 2249 1578 2293 quem
1614 2243 1733 2278 tanto

345 2305 563 2364 praeconio
595 2305 684 2364 ipse
718 2305 911 2349 laudavit
946 2304 1142 2363 Pelagius
1162 2339 1172 2358 ,
1204 2303 1491 2358 contradicit,
1524 2313 1567 2347 et
1597 2305 1729 2359 dicit,

392 2428 400 2443 ¹
429 2426 518 2467 Apud
538 2425 681 2457 Ambros
712 2426 767 2457 lib.
791 2426 830 2457 ‹le
859 2426 932 2457 Fide
951 2424 1214 2457 Resurrectionis.
1234 2441 1273 2445 ——
1291 2432 1301 2445 ²
1331 2425 1376 2456 Id.
1396 2424 1451 2455 lib.
1473 2425 1513 2456 de
1529 2425 1729 2459 Pmnitentia,

345 2493 417 2523 cap.
440 2492 457 2512 2
476 2482 522 2512 vel
544 2482 572 2512 3.
591 2479 655 2503 —3
676 2482 754 2512 Psal.
777 2493 805 2521 L,
827 2493 855 2522 7.
874 2480 943 2510 ——4
964 2484 1052 2513 Rom.
1076 2492 1130 2517 vn,
1150 2478 1400 2519 24.—5He1›1-.
1423 2491 1465 2515 iv,
1492 2480 1541 2511 15.
1558 2478 1627 2503 -6
1648 2480 1726 2511 Psal.

346 2548 418 2578 «κν,
442 2546 473 2569 2.
493 2544 559 2569 *7
587 2538 678 2579 Apud
693 2536 835 2569 Ambros.
861 2537 915 2569 lil».
941 2548 1021 2578 11,1i.
1041 2536 1081 2569 56
1095 2537 1132 2567 ud
1152 2537 1227 2569 Luc.
1251 2547 1322 2578 cap.
1343 2546 1372 2568 2.
