1784 3205
325 227 378 265 24
755 238 788 263 s.
826 234 1053 263 Aueus'rtm
1087 235 1267 263 13121300121

324 321 344 344 «
363 304 459 346 Non
473 301 587 344 enim
604 299 880 359 reprehendit
895 314 963 343 me
975 315 1048 344 cor
1062 315 1204 343 meum
1223 300 1266 343 in
1284 299 1403 343 omni
1416 299 1502 343 vita
1521 300 1657 343 mea¹:
1678 317 1697 340 »

319 383 424 417 tunc
447 387 524 416 nos
544 372 588 414 in
608 372 687 415 ista
709 371 818 425 vita,
844 372 888 413 in
911 386 996 429 qua
1027 386 1079 413 ex
1100 371 1185 413 fide
1214 371 1413 424 vivimus,
1440 384 1528 413 non
1555 383 1702 428 repre·-

317 443 470 488 hendit
487 458 560 486 cor
578 451 772 486 nostrum
787 476 797 495 ‚
822 441 855 485 si
873 440 1023 485 eadem
1048 441 1153 485 fides
1175 457 1261 501 qua
1283 442 1413 485 corde
1435 438 1626 484 creditur
1648 439 1702 484 ad

313 515 522 575 justitiam
538 549 548 568 ,
572 529 661 557 non
687 513 867 571 negligit
888 512 1206 572 reprehendere
1226 522 1453 571 peccatum
1484 519 1698 555 nostrum.

319 585 443 630 Unde
467 584 570 628 dicit
593 583 825 642 Apostolus
849 603 857 627 ε
883 602 902 626 «
934 587 1031 630 Non
1061 585 1176 627 enim
1196 585 1317 644 quod
1347 582 1446 627 volo
1478 582 1592 625 facio
1620 582 1700 625 bo-

319 673 339 696 »
359 670 481 709 num,
503 655 576 698 sed
592 653 711 714 quod
727 653 799 698 odi
822 653 983 697 malum
1007 655 1090 698 hoc
1113 669 1193 712 ago
1209 656 1240 696 Ἰ.
1266 671 1285 694 n
1312 656 1480 697 Bonum
1504 659 1567 695 est
1587 651 1703 695 enim

316 740 405 768 non
423 725 742 781 concupiscere,
758 733 801 767 et
814 724 897 767 hoc
912 724 1079 767 bonum
1094 723 1352 781 vultjustus,
1377 723 1453 782 qui
1475 737 1526 764 ex
1542 720 1627 764 fide
1645 722 1703 764 vi-

314 795 376 838 vit
394 795 408 818 3
435 812 443 837 :
465 802 508 836 et
523 802 669 836 tamen
683 792 784 836 facit
803 791 922 851 quod
941 792 1048 846 odit,
1069 793 1169 850 quia
1191 791 1480 850 concupiscit,
1507 789 1704 848 quamvis

318 873 411 923 post
428 862 794 921 concupiscentias
823 877 919 905 suas
946 877 1034 906 non
1058 861 1151 905 eat⁴
1180 880 1188 905 :
1213 860 1333 920 quod
1349 861 1383 904 si
1412 859 1576 914 fecerit,
1599 868 1704 904 tunc

313 950 413 978 vere
434 936 525 993 ipse
540 933 640 977 fecit
654 942 703 978 ut
721 933 861 988 cedat,
887 942 936 977 ut
957 933 1214 987 consentiat,
1240 942 1290 977 ut
1312 931 1522 976 desiderio
1540 931 1705 990 peccati

313 1006 503 1050 obediat.
533 1007 656 1048 Tunc
674 1020 773 1048 cum
796 1019 870 1048 cor
889 1005 980 1063 ejus
1009 1004 1318 1063 reprehendit,
1345 1002 1447 1063 quia
1476 1002 1617 1061 ipsum
1633 1016 1704 1044 re·

314 1075 561 1135 prehendit,
588 1091 677 1120 non
695 1075 805 1119 illud
827 1085 1055 1134 peccatum
1075 1076 1180 1134 ejus,
1196 1074 1318 1135 quod
1334 1074 1555 1117 habitatin
1570 1087 1704 1116 mem-

316 1147 403 1190 bris
415 1147 518 1205 ejus.
536 1148 648 1190 Cum
664 1161 766 1190 vero
785 1161 873 1189 non
887 1146 987 1189 sinit
1005 1160 1181 1202 regnare
1199 1154 1426 1203 peccatum
1438 1144 1481 1186 in
1501 1158 1579 1186 suo
1594 1157 1705 1186 mor-

314 1217 389 1260 tali
413 1232 593 1275 corpore
627 1217 681 1260 ad
711 1216 1004 1261 obediendum
1035 1215 1256 1260 desideriis
1282 1217 1399 1274 ejus,
1424 1229 1506 1258 nec
1530 1214 1705 1257 exhibet

312 1288 508 1330 membra
526 1303 601 1330 sua
615 1302 730 1330 arma
744 1288 982 1345 iniquitatis
996 1296 1171 1345 peccato
1182 1289 1214 1343 ⁵3
1231 1287 1340 1330 inest
1353 1285 1531 1345 quidem
1546 1299 1702 1343 pecca-

312 1368 407 1402 tum
428 1358 473 1399 in
493 1358 694 1400 membris
717 1359 821 1415 ejus,
847 1356 920 1400 sed
949 1372 1036 1401 non
1062 1365 1235 1416 regnat,
1262 1357 1362 1416 quia
1385 1371 1474 1399 non
1497 1355 1703 1399 obeditur

313 1426 532 1470 desideriis
546 1428 580 1485 ej
590 1442 650 1470 us.
669 1429 724 1470 Et
741 1427 840 1470 ideo
853 1426 958 1469 dum
977 1425 1097 1486 quod
1116 1442 1204 1470 non
1216 1426 1311 1470 vult
1330 1427 1433 1483 agit,
1454 1426 1498 1468 id
1515 1434 1594 1480 est,
1615 1439 1705 1468 non

313 1498 408 1542 vult
421 1498 726 1556 concupiscere
741 1507 784 1542 et
797 1498 1062 1556 concupiscit
1074 1518 1084 1554 3
1101 1498 1315 1541 consentit
1327 1496 1412 1554 legi
1422 1498 1455 1551 ⁶,
1473 1498 1575 1555 quia
1590 1496 1706 1540 bona

312 1578 390 1612 est.
418 1571 511 1613 Hoc
536 1569 649 1612 enim
672 1568 768 1613 vult
797 1578 839 1612 ct
869 1569 960 1627 ipse
988 1567 1108 1628 quod
1127 1567 1223 1624 lex3
1251 1568 1353 1627 quia
1383 1567 1478 1611 vult
1500 1568 1592 1625 ipse
1615 1582 1705 1611 non

312 1639 640 1697 concupiscere,
666 1647 708 1682 et
730 1638 799 1681 lex
824 1638 951 1693 dicit,
981 1657 1000 1680 «
1027 1641 1123 1683 Non
1148 1638 1426 1697 concupisces
1445 1640 1474 1680 ⁷.
1502 1655 1521 1678 »
1548 1640 1597 1681 In
1622 1639 1705 1682 hoc

312 1710 520 1770 quoniam
542 1709 637 1753 vult
666 1709 786 1769 (guod
819 1719 860 1752 et
896 1709 963 1753 lex
996 1709 1112 1763 vult,
1149 1709 1301 1768 procul
1325 1709 1461 1753 dubio
1490 1710 1706 1754 consentit

311 1780 397 1838 legi
425 1799 433 1823 ε
458 1780 724 1838 concupiscit
752 1789 923 1833 tamen,
949 1781 1048 1839 quia
1072 1796 1159 1823 non
1184 1790 1247 1824 est
1275 1780 1366 1823 sine
1395 1789 1599 1838 peccato,
1630 1781 1707 1824 sed

305 1851 395 1909 jam
420 1865 508 1893 non
542 1850 631 1908 ipse
657 1859 861 1907 operatur
889 1849 1022 1904 illud,
1059 1850 1134 1893 sed
1156 1849 1201 1893 id
1224 1851 1343 1910 quod
1377 1851 1422 1893 in
1439 1850 1515 1894 illo
1536 1851 1706 1896 habitat

310 1922 553 1979 peccatum.
577 1920 679 1963 Ideo
702 1936 788 1963 non
808 1935 908 1963 eum
930 1920 1209 1978 reprehendit
1226 1937 1300 1965 cor
1315 1922 1407 1980 ejus
1422 1922 1468 1964 in
1481 1922 1600 1965 omni
1617 1922 1704 1966 vita

313 1991 430 2048 ejus,
465 1991 548 2033 hoc
571 1998 655 2043 est,
687 1990 731 2033 in
755 1989 841 2033 fide
866 1991 981 2048 ejus,
1007 1991 1107 2049 quia
1131 1992 1273 2049 justus
1296 2006 1346 2034 ex
1375 1991 1461 2034 fide
1488 1991 1592 2035 vivit
1620 2010 1629 2036 ε
1661 2000 1704 2035 et

312 2059 409 2104 ideo
440 2059 545 2104 fides
569 2061 658 2119 ejus
700 2069 763 2103 est
800 2060 885 2103 vita
918 2062 1033 2119 ejus,
1077 2061 1164 2105 Scit
1207 2062 1323 2105 enim
1357 2062 1457 2119 quia
1496 2078 1584 2106 non
1621 2063 1702 2106 ha-

310 2131 421 2175 bitat
450 2132 494 2174 in
529 2146 657 2174 carne
686 2131 775 2189 ejus
799 2131 987 2185 bonum,
1025 2132 1100 2175 ubi
1132 2132 1305 2175 habitat
1337 2141 1563 2191 peccatum
1592 2152 1601 2177 ι
1626 2133 1701 2178 sed

312 2216 401 2245 non
437 2201 474 2244 ei
508 2200 822 2244 consentiendo
859 2201 965 2245 vivit
1001 2216 1051 2244 ex
1082 2200 1167 2244 fide
1182 2203 1216 2256 S,
1256 2217 1342 2261 qua
1371 2202 1544 2246 invocat
1562 2206 1700 2247 Deum

308 2280 358 2313 ut
395 2270 624 2329 adjuvetur
654 2286 853 2329 pugnans
884 2279 1033 2314 contra
1073 2280 1328 2329 peccatum,
1368 2272 1489 2330 quod
1519 2282 1567 2316 ut
1602 2289 1701 2318 om-

307 2341 413 2384 nino
436 2340 495 2383 ihi
516 2356 605 2384 non
635 2341 712 2395 sit,
744 2341 909 2399 adjacet
946 2341 984 2384 ei
1019 2340 1154 2397 velle,
1192 2340 1268 2386 sed
1290 2342 1495 2400 perficere
1532 2343 1699 2388 bonum

305 2426 395 2456 non
427 2410 610 2469 adjacet.
642 2414 739 2457 Non
780 2412 922 2456 facere
960 2412 1126 2456 bonum
1159 2427 1248 2457 non
1277 2413 1462 2473 adjacet,
1499 2414 1573 2458 sed
1596 2431 1700 2474 per-

354 2508 363 2524 ¹
386 2501 461 2542 Job,
478 2510 579 2540 xxvn,
599 2504 632 2534 6.
649 2518 690 2525 —
707 2509 719 2524 ²
739 2504 830 2535 Rom.
850 2514 907 2543 vn,
930 2503 980 2535 15.
1000 2520 1041 2526 -—-
1058 2501 1072 2525 3
1093 2503 1215 2536 nabao.
1235 2515 1269 2545 ιι,
1290 2503 1399 2545 4.-4
1420 2505 1518 2538 Eccii.
1536 2517 1625 2548 xvni,
1646 2507 1698 2540 30.

307 2554 323 2580 ⁵
344 2558 434 2589 Itoni.
454 2556 625 2598 v1,'212.—
641 2556 655 2579 6
671 2557 716 2589 Id.
738 2568 794 2598 vn,
817 2558 866 2593 16.
885 2575 925 2582 —
940 2565 953 2590 7
972 2559 1070 2590 Exod.
1090 2567 1144 2601 xx,
1167 2570 1219 2601 17.
1235 2558 1303 2582 ——8
1321 2562 1412 2593 Rom.
1434 2571 1490 2601 vn,
1513 2560 1561 2592 18.
