1804 3205
287 227 340 253 m:
375 224 512 255 amm
547 228 598 255 nr
631 228 728 258 Est's
761 231 954 271 omerus,
990 232 1072 260 Lm.
1110 234 1169 260 iv.
1342 227 1425 264 :377

42 308 63 333 »
91 291 278 350 palmam
320 306 519 350 supernae
562 296 798 341 vocationis
832 299 907 343 Dei
937 299 981 344 in
1010 299 1182 346 Christo
1207 303 1371 347 Jesu¹P
1404 324 1422 345 »

98 364 225 407 XIII.
252 365 320 406 An
340 362 450 408 forte
472 365 599 409 etiam
624 366 705 411 hoe
727 369 828 427 quia
853 368 962 425 dixi,
983 370 1097 424 Quid
1117 387 1289 417 oremus
1316 375 1427 420 sicut

38 441 209 493 oportet
231 433 446 478 noscimus
475 454 483 478 ε
510 436 779 483 irridendum
798 455 867 484 me
890 442 1112 487 arbitraris
1134 452 1178 487 et
1197 444 1425 489 irrationa-

37 503 151 548 libus
175 503 358 548 similem
389 505 681 553 animantibus
698 509 900 568 judicas?
932 514 985 557 Et
1004 511 1115 558 forte
1138 513 1423 560 tolerabilius.

35 576 147 619 Cum
164 575 279 619 enim
309 584 425 620 recto
444 592 638 638 sanoque
652 580 818 638 judicio
850 581 996 628 futura
1027 592 1170 629 nostra
1199 587 1427 645 praeteritis

35 644 339 705 praeferamus,
365 658 408 692 et
431 650 569 694 oratio
604 652 731 695 nobis
763 668 851 697 non
884 664 1061 714 propter
1094 655 1214 716 quod
1238 657 1423 713 fuimus,

5 731 7 737 ⁴
34 715 109 761 sed
129 726 306 777 propter
327 718 448 778 quod
474 721 635 766 erimus
662 723 716 767 sit
744 725 1002 781 necessaria,
1034 726 1173 772 multo
1193 737 1255 772 est
1274 730 1426 789 utique

33 786 256 833 molestius
296 790 462 834 nescire
499 792 607 851 quid
647 808 836 849 oremus,
875 812 1007 856 quam
1050 798 1425 857 quemadmodum

33 859 167 903 exorti
193 858 420 905 fuerimus.
449 862 532 907 Sed
558 865 701 909 veniat
722 865 798 909 tibi
816 867 862 912 in
884 877 1074 913 mentem
1098 869 1172 913 ubi
1200 871 1283 915 hoc
1305 870 1424 931 lege-

33 929 110 984 ris,
139 930 202 974 vel
225 929 460 990 relegendo
484 935 624 980 recole
652 956 659 980 :
685 947 728 981 et
748 937 838 982 noli
859 939 903 982 in
928 954 996 983 me
1014 941 1142 1000 hujus
1159 943 1342 986 convicii
1362 943 1425 986 la-

31 999 177 1060 pidem
206 1003 379 1061 jacere,
410 1020 465 1048 ne
488 1006 543 1050 ad
565 1023 695 1067 quem
729 1024 818 1054 non
848 1011 936 1064 vis,
962 1012 1201 1070 perveniat.
1236 1011 1314 1055 Ille
1336 1014 1426 1072 ipse

30 1072 194 1131 quippe
212 1073 366 1118 doctor
384 1077 577 1134 gentium
600 1079 834 1137 Apostolus
854 1081 988 1136 (lixit,
1013 1101 1032 1124 «
1054 1082 1171 1135 Quid
1188 1083 1302 1126 enim
1328 1099 1424 1128 ore·

33 1160 54 1183 »
80 1157 177 1187 mus
190 1144 300 1188 sieut
317 1155 504 1204 oportet,
526 1149 769 1194 nescimus²
790 1170 798 1195 2
818 1168 836 1190 »
854 1152 984 1204 Quod
1001 1168 1088 1196 non
1107 1161 1275 1196 tantum
1292 1154 1426 1198 verbo

29 1212 206 1269 docuit,
253 1217 329 1260 sed
372 1232 451 1261 suo
489 1234 667 1278 quoque
707 1221 1022 1266 demonstravit
1062 1223 1273 1282 exemplo.
1316 1226 1423 1269 Nam

30 1293 180 1328 contra
220 1286 454 1332 utilitatem
487 1298 530 1332 et
564 1289 714 1334 salutis
751 1307 840 1335 suae
878 1290 1188 1351 perfectionem
1229 1295 1423 1339 nesciens

30 1355 182 1399 orabat
218 1365 267 1401 ut
302 1357 543 1403 discederet
577 1360 632 1403 ab
665 1376 716 1405 eo
751 1362 949 1406 stimulus
982 1363 1144 1418 carnis,
1185 1379 1316 1424 quem
1341 1365 1422 1409 sibi

31 1427 182 1470 datum
201 1427 330 1481 dixit,
354 1445 408 1473 ne
430 1431 730 1488 magnitudine
753 1433 1066 1479 revelationum
1087 1450 1262 1479 suarum
1285 1436 1423 1481 extol-

30 1497 228 1542 leretur&
252 1501 306 1543 Et
326 1502 428 1560 quia
451 1501 575 1545 illum
591 1504 802 1548 Dominus
817 1504 1043 1563 diligebat,
1070 1522 1158 1549 non
1184 1505 1284 1551 fecit
1302 1507 1420 1565 quod

20 1567 277 1625 >ignoranter
295 1571 487 1628 petebat.
517 1571 600 1617 Sed
620 1582 762 1617 tamen
785 1574 862 1618 ubi
886 1577 970 1629 ait,
999 1594 1015 1615 «
1039 1576 1155 1629 Quid
1181 1578 1297 1620 enim
1326 1592 1422 1622 ore·

33 1655 54 1680 »
77 1653 172 1683 mus
198 1640 310 1684 sicut
348 1651 544 1700 oportet,
594 1645 808 1689 nescimus
835 1664 843 1689 :
873 1664 892 1687 »
919 1661 1018 1691 mox
1039 1648 1262 1706 adjunxit,
1289 1667 1308 1690 «
1337 1647 1420 1693 Sed

34 1729 51 1750 ι)
77 1709 169 1768 ipse
188 1710 370 1770 Spiritus
387 1713 636 1772 interpellat
652 1730 731 1774 pro
749 1716 876 1760 nobis
892 1718 1123 1775 gemitibus
1146 1718 1419 1762 inenarrabi-

31 1797 52 1822 »
77 1779 205 1826 libus.
251 1784 335 1835 Qui
369 1792 513 1828 autem
547 1795 766 1830 serutatur
792 1788 948 1842 corda,
985 1788 1064 1832 scit
1096 1787 1203 1848 quid
1238 1790 1420 1849 Spiritus

32 1867 52 1892 »
77 1852 235 1910 sapiat,
262 1854 362 1912 quia
385 1855 627 1898 secundum
648 1859 786 1900 Deum
804 1858 1053 1917 interpellat
1074 1874 1152 1918 pro
1171 1861 1353 1905 sanetis:
1376 1859 1418 1903 id

32 1937 53 1962 u
77 1929 162 1976 est,
197 1922 474 1982 interpellare
501 1934 670 1969 sanctos
704 1925 821 1971 facit.
857 1946 876 1968 »
916 1927 993 1972 llle
1023 1928 1175 1988 utique
1209 1930 1416 1988 Spiritus,

33 2008 204 2052 «quem
230 1996 344 2038 Deus
371 1996 486 2039 misit
512 1996 557 2040 in
590 1997 719 2042 corda
748 2008 893 2043 nostra
910 2035 920 2054 ,
950 1999 1209 2045 clamantem
1230 2037 1240 2057 ,
1268 2002 1415 2055 Abba,

32 2081 52 2104 »
79 2066 204 2108 Pater
221 2067 235 2090 ⁴
259 2084 268 2110 :
294 2075 337 2109 et
358 2067 403 2110 in
426 2082 514 2126 quo
536 2067 798 2124 clamamus,
828 2071 978 2126 Abba,
1007 2075 1131 2116 Pater
1156 2088 1163 2112 z
1199 2091 1218 2113 »
1252 2082 1419 2116 utrum—

5 2149 113 2193 .que
130 2135 244 2178 enim
263 2135 452 2191 dictum,
478 2148 521 2182 et
545 2140 755 2198 accepisse
778 2156 856 2185 nos
885 2142 1091 2200 Spiritum
1126 2143 1386 2187 clamantem
1405 2179 1415 2198 ,

29 2204 179 2260 Abba,
218 2209 343 2251 Pater
374 2227 382 2252 :
419 2218 462 2252 et
495 2211 539 2253 in
572 2226 661 2269 quo
695 2211 955 2266 clamamus,
993 2213 1144 2267 Abba,
1191 2217 1331 2268 Pater,
1370 2223 1417 2258 ut

28 2287 317 2335 exponeretur
338 2281 561 2338 quomodo
583 2280 692 2325 dixit
714 2281 973 2326 clamantem
990 2317 1000 2337 ‚
1027 2284 1109 2327 hoc
1131 2293 1210 2337 est,
1232 2283 1418 2328 clamare

27 2343 275 2401 facientem,
292 2357 341 2392 ut
358 2348 450 2408 ipso
473 2349 658 2395 faciente
685 2350 933 2396 clamemus.
960 2356 1121 2398 Doceat
1142 2369 1243 2413 ergo
1269 2364 1312 2398 et
1336 2355 1419 2400 hoe

28 2430 98 2460 me
116 2416 292 2475 quando
310 2418 512 2474 voluerit,
537 2422 570 2464 si
594 2422 675 2465 hoc
693 2421 799 2465 mibi
822 2423 1023 2481 expedire
1046 2425 1189 2480 novit,
1216 2434 1264 2469 ut
1287 2426 1417 2470 sciam

79 2532 87 2546 ¹
106 2525 216 2567 Philip.
246 2537 295 2568 m,
319 2528 368 2560 13.
388 2535 451 2553 ——2
473 2532 561 2562 Rom.
583 2539 650 2563 vui,
671 2529 724 2562 26.
742 2547 782 2554 —-
797 2529 809 2555 3
827 2541 845 2563 2
863 2533 934 2564 Cor.
954 2543 1000 2565 xit
1017 2556 1024 2570 ,
1045 2532 1365 2573 8.—!·Gnl.1v‚6‚
1384 2538 1416 2564 et

29 2587 119 2619 Rom.
139 2598 209 2625 vur,
235 2589 282 2620 15.
