1784 3205
353 233 435 271 322
792 246 823 269 s.
862 242 1091 270 mensuum
1124 241 1307 270 nmscom

347 308 491 368 aliqua
520 307 631 352 facta
658 321 748 351 non
782 316 866 361 θεῖ,
894 306 1038 366 aliqua
1071 304 1186 350 facta
1212 314 1289 351 est.
1321 309 1455 351 Porro
1487 322 1587 366 quae
1617 308 1730 353 facta

346 394 437 423 non
462 387 525 422 est
540 413 551 433 ‚
583 387 625 422 et
649 387 794 422 tamen
817 393 867 420 ex
890 377 984 436 ipso
1007 385 1091 432 θεῖ,
1118 386 1193 421 aut
1215 377 1359 436 genita
1380 387 1444 421 est
1465 377 1520 421 ab
1543 377 1634 433 illo,
1655 387 1732 424 aut

344 449 541 508 procedit
570 464 620 493 ex
642 448 717 493 illo
743 467 752 492 ι
774 463 872 507 quae
896 447 1039 506 genita
1060 455 1139 501 est,
1165 446 1300 491 Filius
1328 457 1392 491 est
1414 448 1598 506 unicus3
1631 463 1733 508 quae

341 519 554 578 procedit,
582 520 763 579 Spiritus
780 527 953 563 sanctus
972 537 981 562 ε
1007 527 1051 563 θῖ
1071 519 1165 563 haec
1186 519 1370 563 Trinitas
1389 519 1517 563 unius
1534 528 1597 563 est
1613 520 1732 579 ejus-

343 590 532 650 demque
553 600 736 635 naturae.
769 591 876 634 Nam
900 590 994 634 haec
1015 590 1097 633 tria
1125 605 1265 633 unum
1288 598 1416 644 sunt,
1445 598 1488 634 θῖ
1510 589 1732 648 singulum

339 661 547 720 quodque
568 665 697 717 Deus⁷
723 669 765 705 et
786 660 915 704 simul
944 660 1089 705 omnia
1119 675 1232 703 unus
1260 662 1395 715 Deus,
1420 660 1728 716 immutabilis,

339 730 650 788 sempiternus,
678 731 769 775 sine
799 731 1005 789 temporis
1030 729 1121 774 ullo
1150 729 1276 773 initio
1306 730 1395 773 sive
1435 729 1637 774 termino.
1675 732 1733 774 At

338 814 440 844 vero
471 799 546 844 illa
580 809 736 845 natura
770 816 870 860 quae
905 799 1019 844 facta
1048 809 1139 855 θεῖ,
1178 809 1374 844 creatura
1414 809 1728 859 nuncupatur:

336 872 516 916 Creator
538 880 684 916 autem
706 875 838 926 Deus,
864 870 937 915 illa
971 871 1135 915 scilicet
1166 870 1366 914 Trinitas.
1400 872 1609 915 Creatura
1630 885 1733 929 ergo

334 941 394 985 ita
415 957 505 986 esse
524 942 684 986 dicitur
698 957 748 986 ex
769 946 874 996 Deo,
901 951 951 986 ut
970 957 1059 986 non
1078 957 1130 985 ex
1154 943 1246 1001 ejus
1269 950 1424 985 natura
1445 940 1559 985 facta
1578 942 1646 986 sit.
1668 945 1733 985 Ex

335 1010 411 1056 illo
434 1012 549 1055 enim
574 1022 802 1071 propterea
825 1013 1001 1068 dicitur,
1021 1013 1123 1073 quia
1138 1013 1280 1072 ipsum
1297 1022 1517 1058 auctorem
1534 1013 1669 1057 habet
1683 1021 1732 1056 ut

334 1081 387 1124 sit
414 1100 423 1124 :
448 1097 538 1125 non
560 1083 634 1138 ita,
662 1092 711 1126 ut
738 1082 794 1126 ab
814 1082 890 1126 illo
913 1091 1013 1126 nata
1049 1083 1126 1137 sit,
1158 1082 1225 1127 vel
1257 1083 1539 1142 processerit3
1579 1081 1654 1126 sed
1678 1083 1732 1127 ab

331 1150 406 1195 illo
428 1161 587 1207 creata,
609 1153 804 1207 condita,
825 1152 938 1198 facta
962 1154 1031 1208 sit,
1057 1153 1214 1212 partim
1237 1169 1290 1198 ex
1307 1153 1427 1197 nulla
1451 1153 1549 1209 alia,
1574 1153 1621 1198 id
1643 1162 1728 1209 est,

333 1222 512 1266 omnino
534 1237 584 1265 ex
602 1222 757 1277 nihilo,
775 1224 884 1267 sicut
900 1223 1061 1267 coelum
1079 1231 1121 1266 et
1136 1232 1265 1278 terra,
1280 1224 1350 1268 vel
1362 1224 1506 1282 potius
1521 1224 1732 1267 universae

332 1290 569 1335 mundanae
592 1292 718 1337 molis
741 1293 943 1337 universa
964 1307 1064 1337 cum
1090 1291 1258 1336 mundo
1275 1301 1505 1338 concreata
1521 1293 1700 1338 materia
1718 1312 1727 1338 :

331 1362 487 1420 partim
510 1378 613 1407 vero
635 1379 685 1407 ex
708 1363 791 1408 alia
807 1365 899 1424 jam
921 1372 1065 1409 creata
1085 1372 1216 1423 atque
1240 1364 1450 1409 existente
1473 1373 1643 1420 natura,
1667 1365 1727 1409 si-

331 1441 406 1476 cut
421 1433 486 1477 vir
500 1448 549 1476 ex
564 1433 686 1488 limo,
707 1434 862 1478 mulier
879 1449 930 1478 ex
942 1435 1053 1489 viro,
1079 1449 1130 1478 ex
1151 1434 1404 1493 parentibus
1418 1434 1551 1479 homo
1573 1453 1583 1479 z
1604 1450 1725 1479 crea-

332 1510 430 1546 tura
454 1495 601 1547 tamen
616 1505 757 1548 omnis
779 1520 829 1548 ex
846 1508 953 1559 Deo⁷
978 1504 1053 1549 sed
1074 1514 1250 1550 creante
1271 1505 1341 1550 vel
1363 1520 1413 1549 ex
1436 1503 1573 1550 nihilo
1586 1505 1656 1550 vel
1677 1520 1728 1550 ex

331 1571 497 1632 aliquo,
523 1589 613 1618 non
635 1583 781 1618 autem
801 1575 1006 1633 gignente
1023 1575 1093 1620 vel
1110 1575 1379 1634 producente
1397 1573 1451 1619 de
1465 1590 1510 1618 se
1527 1576 1636 1635 ipso.

390 1644 466 1686 VI.
506 1644 548 1688 Si
577 1644 672 1688 haec
706 1660 805 1689 cum
836 1644 1052 1690 catholico
1078 1645 1252 1705 loquor,
1290 1646 1423 1703 magis
1445 1661 1728 1690 commonens

331 1727 463 1771 quam
482 1712 657 1757 docens.
682 1716 833 1774 Neque
856 1715 971 1758 enim
990 1730 1080 1761 esse
1103 1715 1181 1759 tibi
1197 1715 1383 1759 arbitror
1397 1730 1531 1770 nova,
1556 1716 1627 1760 vel
1652 1731 1728 1760 au-

332 1780 421 1825 dita
439 1783 618 1842 quidem
634 1793 675 1827 et
689 1793 829 1839 antea,
850 1800 940 1829 non
953 1794 1101 1829 tamen
1117 1785 1306 1829 credita:
1327 1785 1419 1840 sed,
1444 1794 1494 1829 ut
1512 1785 1722 1841 existimo,

331 1851 390 1896 sic
400 1851 503 1910 legis
518 1854 743 1913 epistolam
762 1870 920 1910 meam,
936 1864 985 1899 ut
998 1856 1068 1899 hic
1082 1871 1286 1914 agnoscas
1297 1857 1426 1900 etiam
1439 1854 1571 1900 fidem
1584 1864 1722 1911 tuam,

331 1938 430 1982 quae
439 1924 562 1968 nobis
571 1925 615 1968 in
625 1925 1053 1981 catholicaEcclesia,
1065 1926 1252 1970 Domino
1261 1926 1468 1980 donante,
1480 1926 1725 1971 communis

331 2003 409 2037 est.
431 1995 473 2039 Si
486 2010 588 2054 ergo
600 1997 711 2051 haec,
724 1996 924 2041 utdicere
939 2011 1174 2055 coeperam,
1195 2011 1296 2041 cum
1309 1995 1524 2041 catholico
1537 1996 1697 2057 loquor
1712 2017 1723 2054 3

331 2065 450 2109 unde
468 2066 647 2111 obsecro
665 2067 803 2112 credis
818 2083 907 2112 esse
929 2068 1139 2123 animam,
1162 2084 1252 2112 non
1267 2069 1612 2128 uniuscujusque
1625 2083 1727 2113 nos-

332 2144 449 2180 trum
473 2137 587 2192 dico,
611 2139 685 2182 sed
702 2139 884 2198 primam
904 2139 1043 2198 primo
1062 2138 1125 2181 illi
1146 2138 1313 2181 homini
1331 2138 1509 2182 datam?
1527 2140 1570 2184 Si
1586 2154 1638 2183 ex
1655 2138 1725 2182 ni-

332 2206 424 2251 hilo
444 2242 455 2262 ,
486 2217 530 2252 et
558 2207 719 2252 factam
745 2218 892 2253 tamen
920 2209 1274 2267 insufflatamque
1298 2223 1321 2251 a
1345 2210 1435 2252 Deo
1469 2227 1477 2252 :
1511 2209 1556 2252 id
1587 2207 1725 2252 credis

332 2277 452 2336 quod
485 2293 579 2336 ego.
612 2280 656 2324 Si
692 2289 835 2324 autem
870 2295 921 2324 ex
950 2279 1095 2339 aliqua
1123 2278 1205 2322 alia
1227 2287 1439 2334 creatura,
1478 2294 1578 2338 quae
1606 2279 1724 2324 unde

334 2350 476 2392 anima
498 2350 639 2405 fieret,
669 2359 878 2410 tanquam
907 2350 1105 2394 materies
1131 2349 1382 2408 subjacebat
1418 2350 1571 2394 artifici
1608 2352 1720 2405 Deo,

331 2417 442 2462 sicut
477 2419 618 2477 pulvis
649 2421 767 2464 unde
790 2421 911 2465 fieret
934 2421 1090 2475 Adam,
1115 2418 1185 2464 vel
1208 2428 1325 2463 costa
1348 2421 1440 2479 ejus
1467 2418 1585 2463 unde
1612 2422 1719 2474 Eva,

331 2487 398 2531 vcl
437 2489 547 2533 sicut
579 2505 703 2549 aquae
726 2489 844 2533 unde
868 2490 1004 2549 pisces
1037 2499 1079 2534 ct
1110 2488 1305 2534 volucres
1323 2522 1334 2543 ‚
1377 2489 1445 2533 vel
1473 2490 1585 2534 sicut
1608 2497 1723 2535 terra

329 2558 448 2602 unde
488 2557 688 2603 animalia
723 2574 909 2618 quaeque
945 2560 1159 2604 terrestria
1192 2577 1200 2603 :
1230 2574 1318 2603 non
1341 2567 1405 2603 est
1429 2558 1718 2614 catholicum,
