1784 3205
353 243 438 284 346
792 255 824 284 s.
861 255 1093 283 Αυαυετωι
1127 256 1308 284 EPJSCOPI

350 336 516 366 errores
549 321 681 366 fuisse
702 321 1023 382 judicabuntur
1049 321 1345 366 studiosissimi
1364 322 1558 382 juvenis,
1582 337 1732 368 emen-

347 393 439 438 dari
461 394 606 452 potius
628 408 759 453 quam
782 393 827 436 in
849 391 907 436 eis
932 406 1153 436 remanere
1175 393 1402 452 cupientis.
1426 394 1470 439 Si
1491 403 1635 438 autem
1652 409 1732 454 pro

346 465 405 508 eis
427 464 507 508 tibi
529 464 657 508 etiam
680 464 1003 508 contentionem
1022 498 1033 518 ,
1057 463 1180 523 quod
1199 463 1331 520 absit,
1354 465 1613 524 persuaserit
1632 480 1733 524 per-

345 536 534 579 vicacem
550 555 561 590 ς
576 535 664 594 jam
680 544 888 593 tanquam
907 534 1107 578 haeretica
1125 533 1329 593 dogmata
1349 550 1448 579 cum
1467 550 1545 579 suo
1562 549 1734 580 necesse

345 606 425 648 erit
445 614 621 649 auctore
642 604 859 659 damnari,
884 619 987 648 cura
1005 603 1164 648 scilicet
1180 605 1385 664 pastorali
1404 614 1447 649 et
1466 604 1730 661 medicinali,

343 675 461 733 prius
479 690 610 734 quam
632 691 709 734 per
742 675 968 719 incautum
995 675 1153 734 vulgus
1185 685 1359 734 serpant
1392 677 1484 720 dira
1505 676 1702 734 contagia
1717 711 1729 732 ‚

342 765 443 794 cum
465 749 707 795 dilectionis
727 766 816 795 non
833 751 1037 805 veritate,
1063 750 1138 795 sed
1161 751 1336 795 nomine
1354 786 1365 805 ,
1387 751 1570 795 salubris
1588 751 1731 810 negli-

345 822 463 881 gitur
484 822 725 882 disciplina.

402 896 484 937 ΙΙΙ.
523 894 564 939 Si
587 893 745 953 quaeris
765 908 969 953 quaenam
986 892 1059 937 illa
1081 893 1168 938 sint
1184 928 1194 948 ,
1214 893 1375 953 poteris
1397 893 1574 953 quidem
1592 892 1734 951 legere

343 978 437 1007 mea
471 965 629 1023 scripta
657 963 713 1008 ad
734 964 889 1008 fratres
907 973 1076 1008 nostros
1092 999 1103 1019 ,
1128 966 1349 1008 Renatum
1373 963 1449 1007 Dei
1470 978 1641 1008 servum
1656 998 1667 1019 ,
1692 972 1736 1008 et

341 1035 646 1092 presbyterum
670 1038 848 1078 Petrum
863 1069 874 1089 ,
898 1033 954 1078 ad
973 1049 1106 1093 quem
1123 1043 1173 1078 tu
1192 1032 1342 1078 eadem
1361 1034 1449 1092 ipsa
1462 1068 1473 1088 ,
1498 1033 1553 1077 de
1574 1033 1735 1092 quibus

344 1119 463 1148 nunc
496 1105 686 1163 agimus,
724 1104 951 1149 scribenda
973 1104 1241 1160 existimasti,
1273 1105 1432 1163 «ejus,
1470 1113 1520 1148 ut
1556 1104 1730 1159 asseris,

342 1172 559 1217 voluntati
590 1175 775 1232 petentis
812 1175 1130 1233 obtemperans.
1160 1192 1180 1215 »
1212 1174 1389 1218 Dabunt
1426 1174 1541 1218 enim
1573 1174 1654 1217 tibi
1683 1183 1733 1218 ut

340 1244 455 1302 legas
484 1244 638 1302 procul
676 1244 838 1299 dubio,
871 1246 903 1288 si
929 1244 1116 1288 volueris
1134 1278 1144 1298 ,
1183 1253 1225 1287 et
1257 1245 1456 1302 ingerent
1482 1245 1610 1287 etiam
1641 1259 1730 1289 non

339 1316 520 1373 petenti.
548 1318 861 1360 Verumtamen
888 1315 1018 1360 etiam
1049 1316 1142 1369 hic,
1174 1331 1274 1375 quae
1296 1316 1478 1358 maxime
1499 1315 1545 1358 in
1566 1314 1728 1359 eisdem

338 1386 459 1429 libris
475 1387 585 1441 tuis,
616 1396 658 1430 et
680 1387 724 1430 in
749 1387 833 1431 fide
859 1396 933 1431 tua
956 1385 1177 1430 emendari
1209 1387 1407 1445 cupiam,
1432 1401 1522 1430 non
1547 1387 1724 1431 tacebo.

339 1457 531 1501 Primum
555 1467 639 1513 est,
674 1457 793 1517 quod
819 1477 837 1499 «
865 1459 1053 1502 animam
1075 1473 1165 1502 non
1195 1458 1253 1501 ita
1277 1458 1362 1502 visa
1397 1460 1487 1502 Deo
1515 1472 1605 1501 esse
1634 1457 1727 1502 sac-

337 1537 424 1570 tam
442 1562 452 1579 ,
489 1538 539 1571 ut
567 1543 661 1572 eam
693 1545 745 1572 ex
773 1529 910 1573 nihilo
940 1528 1115 1583 fecerit,
1149 1529 1225 1572 sed
1247 1544 1297 1572 ex
1320 1529 1564 1587 semetipso„
1593 1547 1613 1570 »
1643 1530 1727 1573 Ubi

340 1613 427 1641 non
451 1607 576 1657 putas
600 1613 688 1642 esse
710 1613 1001 1658 consequens,
1023 1608 1072 1642 ut
1094 1608 1260 1642 naturae
1285 1598 1339 1642 sit
1361 1599 1437 1642 Dei
1464 1617 1472 1642 ε
1498 1599 1599 1658 quia
1623 1614 1726 1657 pro-

339 1667 454 1712 fecto
476 1684 607 1727 quam
629 1669 683 1712 sit
706 1669 890 1728 impium
909 1704 919 1722 ,
946 1678 988 1713 et
1010 1669 1101 1728 ipse
1122 1669 1355 1726 cognoscis.
1382 1671 1478 1721 Qua
1504 1669 1726 1728 impietate

339 1746 387 1780 ut
410 1753 553 1782 careas
567 1772 578 1793 ,
599 1739 659 1782 ita
677 1747 849 1797 oportet
868 1747 919 1782 ut
935 1738 1052 1782 dicas
1073 1738 1228 1782 animae
1250 1747 1471 1782 auctorem
1489 1741 1651 1794 Deum,
1676 1747 1725 1783 ut

338 1809 393 1852 ab
416 1809 491 1853 illo
509 1808 620 1853 facta
642 1811 717 1865 sit,
743 1825 833 1854 non
855 1809 909 1853 de
930 1808 1019 1854 illo.
1046 1808 1176 1862 Quod
1193 1809 1308 1853 enim
1329 1809 1384 1852 de
1404 1808 1480 1853 illo
1497 1819 1560 1853 est
1577 1844 1589 1864 ,
1611 1810 1723 1854 sicut

337 1879 588 1937 unigenitus
618 1879 775 1934 Filius,
811 1879 1004 1938 ejusdem
1034 1888 1202 1923 naturae
1233 1880 1358 1939 eujus
1389 1888 1432 1923 et
1464 1879 1537 1923 ille
1558 1888 1637 1924 est.
1666 1882 1723 1924 Ut

337 1959 480 1993 autem
505 1950 648 1994 anima
667 1952 861 2010 ejusdem
883 1960 1051 1995 naturae
1074 1966 1163 1995 non
1181 1950 1234 1994 sit
1255 1951 1379 2009 cujus
1405 1959 1468 1994 est
1488 1949 1583 2005 ille,
1605 1950 1721 1995 facta

336 2030 398 2064 est
425 2021 603 2079 quidem
631 2022 686 2065 ab
708 2022 806 2077 illo,
836 2023 910 2066 sed
931 2037 1020 2066 non
1042 2022 1096 2065 de
1122 2020 1215 2066 illo.
1241 2024 1330 2065 Aut
1358 2036 1461 2079 ergo
1485 2020 1555 2065 dic
1577 2021 1716 2076 unde,

336 2100 411 2134 aut
428 2090 562 2135 fatere
582 2092 637 2135 de
658 2092 810 2136 nihilo.
836 2093 948 2145 Quid
973 2100 1036 2135 est
1059 2093 1181 2150 quod
1203 2092 1308 2136 dicis
1326 2127 1337 2146 ,
1367 2110 1387 2134 «
1411 2106 1506 2135 eam
1529 2093 1718 2151 particu-

335 2160 421 2204 lam
452 2177 539 2206 esse
571 2163 805 2222 quamdam
834 2163 994 2206 halitus
1017 2171 1184 2205 naturae
1207 2162 1314 2205 Dei?
1338 2180 1359 2203 »
1391 2162 1718 2221 Numquidnam

334 2232 474 2290 ipsum
507 2233 691 2277 halitum
724 2242 890 2277 naturae
930 2234 1031 2287 Dei,
1070 2233 1193 2291 cujus
1223 2231 1383 2275 halitus
1411 2242 1474 2276 est
1506 2233 1585 2276 ista
1617 2249 1717 2292 par-

336 2303 488 2357 ticula,
531 2319 659 2362 negas
696 2304 888 2363 ejusdem
921 2305 1042 2363 cujus
1075 2306 1187 2347 Deus
1215 2312 1278 2346 est
1311 2318 1400 2347 esse
1434 2305 1631 2348 naturae?
1672 2306 1715 2349 Si

335 2388 484 2429 negas,
511 2389 613 2432 ergo
642 2374 695 2417 de
717 2374 854 2418 nihilo
876 2383 919 2417 et
940 2375 1068 2417 istum
1089 2373 1273 2417 halitum
1293 2372 1394 2417 fecit
1418 2376 1531 2418 Deus
1547 2408 1558 2429 ,
1592 2375 1715 2433 cujus

335 2442 493 2487 halitus
516 2444 700 2487 animam
719 2445 781 2488 vis
798 2460 886 2489 esse
907 2444 1181 2503 particulam.
1205 2446 1292 2486 Aut
1309 2444 1343 2487 si
1364 2459 1451 2488 non
1475 2444 1529 2487 de
1547 2444 1709 2499 nihilo,

334 2513 403 2556 dic
425 2513 541 2557 unde
561 2514 684 2557 illum
706 2514 855 2559 fecerit
882 2516 1029 2559 Deus?
1053 2515 1095 2559 Si
1117 2516 1170 2558 de
1191 2529 1235 2558 se
1257 2514 1364 2572 ipso,
1397 2529 1497 2571 ergo
1518 2515 1609 2573 ipse
1631 2524 1710 2569 est,

334 2584 450 2643 quod
481 2585 616 2639 absit,
650 2586 844 2629 materies
872 2586 1012 2644 operis
1039 2585 1119 2628 sui.
1148 2584 1231 2629 Sed
1254 2583 1380 2639 dicis,
1410 2604 1429 2626 «
1455 2586 1565 2629 Cum
1588 2586 1642 2628 de
1667 2600 1710 2629 se
