1784 3205
304 237 386 273 290
743 244 775 268 5.
813 238 1040 268 ,1000511111
1072 237 1253 265 Emscom

303 324 493 356 carnem.
523 309 565 353 Si
584 322 686 367 ergo
711 323 734 351 a
756 305 983 363 semetipsa
1015 304 1100 347 1100
1127 303 1328 346 meritum
1356 301 1538 356 habuit,
1568 313 1682 359 quo-

304 382 436 426 modo
453 379 623 434 habuit,
650 393 749 438 quae
771 385 870 420 31110
891 389 1065 420 carnem
1087 373 1194 417 nihil
1212 371 1313 416 mali
1330 372 1457 417 fecit?
1477 371 1518 416 Si
1538 378 1683 414 autem

305 452 388 496 hoc
416 450 620 494 meritum
650 464 700 492 ex
734 451 822 491 Deo
850 445 1009 490 dicitur
1032 444 1257 501 habuisse,
1287 443 1383 502 quis
1410 443 1493 485 hoc
1512 440 1681 494 audiat,

305 521 400 581 quis
423 519 548 574 serat,
573 519 669 578 quis
684 517 767 561 dici
783 517 960 575 impune
977 515 1227 574 permittat?
1244 516 1339 559 Non
1358 512 1472 555 enim
1489 512 1572 555 hoc
1589 509 1686 554 loco

307 591 532 651 quaeritur,
561 588 667 648 quid
691 587 916 642 meruerit,
945 595 994 631 ut
1017 585 1287 645 judicaretur
1316 581 1563 627 damnanda
1593 587 1690 641 post

307 676 480 706 carnem
507 680 515 705 :
543 660 619 705 sed
644 659 753 719 quid
773 659 979 702 meruerit
1001 665 1101 701 ante
1120 670 1293 700 carnem
1317 655 1374 699 ita
1395 652 1614 706 damnari,
1640 658 1691 693 ut

306 731 577 792 inquinanda
598 731 844 775 mitteretur
865 730 911 773 in
926 743 1116 773 carnem.
1141 726 1338 787 Explicet
1358 726 1442 770 hoc
1463 725 1495 769 si
1517 731 1659 783 potest
1676 755 1687 777 ,

308 803 384 861 qui
405 811 469 846 est
491 816 619 846 ausus
640 801 799 855 dicere,
824 801 1044 860 inquinari
1067 800 1252 844 animam
1277 797 1481 842 meruisse
1498 811 1575 856 per
1595 809 1692 839 car-

309 888 425 918 nem.

370 945 470 986 VII.
508 945 618 986 Item
641 942 724 986 alio
746 941 843 986 1000
858 977 868 997 ,
895 957 994 986 011111
1019 941 1243 995 eamdem,
1269 954 1354 999 qua
1376 953 1420 982 se
1441 938 1530 996 ipse
1551 934 1696 995 impli-

313 1022 481 1067 cuerat,
508 1011 629 1057 velut
650 1012 947 1071 explicandam
980 1020 1241 1071 proponeret
1267 1009 1568 1069 quaestionem,
1601 1015 1697 1050 tan-

312 1098 444 1141 quam
459 1097 509 1125 ex
522 1097 704 1140 persona
718 1081 1061 1126 adversariorum
1074 1082 1133 1125 ait
1152 1100 1161 1126 z
1181 1100 1200 1122 «
1220 1083 1326 1135 Cur,
1350 1079 1572 1139 inquiunt,
1585 1080 1699 1120 Deus

313 1151 501 1194 animam
522 1160 611 1195 tam
631 1152 789 1210 injusta
807 1151 1179 1196 animadversione
1202 1150 1442 1204 mulctavit,
1464 1158 1514 1193 ut
1536 1148 1582 1191 in
1603 1161 1700 1191 cor-

313 1237 395 1280 pus
419 1237 513 1265 eam
536 1222 700 1280 peccati
728 1222 920 1280 relegare
946 1221 1149 1276 voluerit,
1183 1236 1282 1265 011111
1315 1220 1531 1264 0011501110
1563 1217 1701 1262 carnis

312 1291 527 1350 peccatrix
549 1306 638 1334 esse
660 1290 826 1348 incipit,
849 1306 947 1350 quae
970 1291 1185 1349 peccatrix
1208 1305 1298 1334 esse
1319 1305 1408 1334 non
1426 1289 1592 1348 potuit?
1613 1307 1630 1329 »
1649 1289 1702 1330 In

316 1363 443 1421 hujus
455 1361 704 1421 quaestionis
720 1371 928 1421 tanquam
942 1361 1170 1421 scopuloso
1186 1361 1372 1420 gurgite,
1389 1360 1541 1404 debuit
1552 1359 1704 1417 utique

315 1447 465 1476 cavere
489 1432 783 1490 naufragium,
809 1447 889 1476 nec
911 1448 962 1476 eo
992 1447 1035 1476 se
1056 1433 1327 1477 committere
1343 1466 1353 1485 ,
1393 1430 1510 1475 unde
1537 1445 1581 1474 50
1617 1442 1705 1472 non

318 1510 488 1546 erueret
516 1501 806 1556 transeundo,
844 1501 919 1545 sed
961 1501 1074 1547 forte
1116 1502 1342 1546 redeundo
1357 1536 1368 1556 ,
1400 1501 1445 1544 id
1479 1509 1567 1555 est,
1609 1514 1706 1558 poe-

320 1571 517 1615 nitendo.
545 1574 651 1616 Nam
676 1571 731 1614 de
755 1572 1023 1630 praescientia
1053 1572 1130 1616 Dei
1153 1587 1196 1616 50
1223 1572 1377 1616 nititur
1404 1570 1606 1625 liberare,
1631 1567 1706 1613 sed

320 1641 495 1686 frustra.
524 1642 795 1686 Praescientia
829 1643 992 1701 quippe
1023 1642 1099 1686 Dei
1129 1658 1200 1686 005
1229 1657 1338 1702 quos
1366 1651 1594 1686 sanaturus
1625 1647 1705 1694 est,

323 1720 568 1771 peccatores
586 1712 832 1771 praenoscit,
857 1728 947 1757 non
968 1712 1086 1757 facit.
1113 1715 1220 1757 Nam
1235 1713 1268 1756 si
1287 1727 1356 1756 eas
1379 1712 1540 1756 animas
1555 1710 1710 1754 liberat

325 1799 348 1828 a
370 1792 563 1842 peccato,
588 1798 696 1842 quas
718 1783 971 1828 innocentes
988 1793 1031 1828 01
1055 1783 1239 1827 mundas
1258 1783 1474 1843 implicuit
1497 1783 1585 1842 ipse
1610 1795 1711 1840 pec-

325 1864 448 1911 cato,
476 1855 634 1898 vulnus
655 1864 776 1899 sanat
797 1856 919 1915 quod
946 1855 1093 1900 intulit
1113 1856 1260 1911 nobis,
1278 1871 1376 1900 11011
1399 1854 1519 1914 quod
1545 1853 1712 1898 invenit

324 1926 371 1968 in
395 1926 536 1969 nobis.
563 1928 741 1970 Avertat
763 1935 908 1970 autem
932 1929 1062 1981 Deus,
1088 1935 1131 1970 ct
1153 1926 1330 1970 omnino
1353 1925 1463 1969 absit
1481 1960 1491 1978 ,
1523 1933 1573 1968 ut
1591 1923 1712 1967 dica-

327 2011 439 2049 mus,
462 1996 639 2054 quando
656 1995 828 2040 lavacro
851 1997 1184 2054 regenerationis
1206 2000 1320 2041 Deus
1342 1995 1527 2040 mundat
1551 1995 1714 2038 animas

330 2064 627 2123 parvulorum,
651 2074 756 2109 tunc
780 2081 879 2108 eum
902 2065 1012 2110 mala
1035 2081 1111 2110 sua
1133 2067 1367 2124 corrigere,
1393 2082 1492 2126 quae
1513 2064 1597 2109 illis
1624 2065 1716 2123 ipse

331 2134 448 2189 fecit,
465 2150 566 2178 011111
584 2150 654 2178 035
672 2135 843 2179 nullum
862 2136 1070 2180 habentes
1087 2146 1313 2195 peccatum
1330 2137 1560 2196 peccatrici
1577 2135 1712 2188 carni,

330 2206 451 2264 cujus
472 2205 669 2263 originali
687 2214 865 2264 peccato
887 2207 1301 2261 contaminarentur,
1329 2207 1572 2250 admiscuit..
1599 2209 1716 2259 Quas

334 2283 479 2318 tamen
496 2275 574 2319 iste
593 2290 798 2319 accusans
822 2275 928 2319 dicit
949 2275 1167 2334 inquinari
1189 2277 1395 2321 meruisse
1416 2292 1493 2336 per
1514 2291 1712 2330 carnem,

333 2358 413 2388 nec
428 2353 568 2403 potest
581 2344 724 2390 dicere
737 2346 854 2389 unde
869 2354 1041 2390 tantum
1050 2345 1398 2391 malimeruerint
1411 2356 1511 2391 ante
1523 2361 1712 2392 carnem.

394 2416 515 2458 Vffl.
552 2418 674 2460 Hanc
695 2431 797 2474 ergo
819 2417 1103 2476 quaestionem
1127 2415 1285 2461 frustra
1302 2432 1346 2461 se
1361 2426 1516 2476 putans
1533 2415 1587 2460 de
1605 2431 1716 2476 prae-

336 2487 512 2530 scientia
534 2487 610 2530 Dei
638 2502 759 2546 posse
786 2488 1032 2544 dissolvere,
1058 2487 1201 2533 adhuc
1222 2503 1266 2532 sc
1288 2488 1487 2543 involvit,
1513 2496 1556 2532 01
1578 2487 1684 2531 dicit
1704 2504 1714 2531 ε

341 2574 362 2598 «
381 2556 536 2602 Anima
556 2556 591 2602 si
608 2558 824 2617 peccatrix
845 2573 934 2604 esse
958 2559 1132 2614 meruit,
1162 2574 1261 2619 quae
1278 2558 1491 2619 peccatrix
1513 2572 1602 2603 esse
1627 2570 1717 2602 non
