1804 3205
505 258 557 284 nn
589 258 730 285 oasa-ts
763 255 946 284 nmen.
1369 244 1423 281 59

40 337 124 371 tem
144 324 440 384 promissionis
455 323 509 367 ad
527 337 619 366 eam
640 337 738 382 quas
751 335 919 365 sursum
939 328 1018 373 est,
1039 319 1218 363 liberam
1243 328 1420 362 matrem

36 404 224 440 nostram
251 396 293 438 in
319 393 441 437 coelis
462 396 708 436 zeternanik
725 393 848 436 Unde
864 389 1226 450 perspicitur‚qui
1252 389 1303 432 ad
1330 404 1424 445 reg-

35 481 140 510 num
175 475 422 515 terrenum,
454 464 592 522 etqui
628 464 871 521 pertineant
901 461 954 505 ad
987 476 1165 517 regnum
1191 459 1421 503 coelorum.

35 540 164 582 Istam
183 536 504 579 distinctionem
528 535 601 594 qui
624 535 751 577 etiam
775 533 850 577 illo
883 534 1076 591 tempore
1112 547 1186 590 per
1221 531 1294 574 Dei
1331 545 1426 587 gra-

35 608 138 652 tiam
157 604 551 664 intelligentes,lilii
573 604 866 662 promissionis
888 603 1032 647 effecti
1054 611 1171 655 sunt,
1193 602 1302 645 Novi
1328 604 1427 644 Tes-

37 677 217 722 tamenti
254 675 446 719 haeredes
480 675 524 717 in
563 674 737 719 occulto
776 675 849 717 Dei
878 673 1058 717 consilio
1092 672 1286 730 deputati
1309 680 1425 725 sunt,

36 748 200 792 etiamsi
218 749 686 790 Votus't‘estamentum
712 760 788 804 per
812 753 1056 803 temporum
1078 742 1426 786 distributionem

35 817 241 862 divinitus
258 816 409 860 datum
427 816 588 876 populo
603 817 736 860 veteri
751 823 1041 873 congruenter
1057 813 1424 857 ministrawirunt.

94 891 190 933 XV.
226 888 459 941 Quomodo
494 903 595 945 ergo
623 903 711 932 non
748 888 901 931 merito
936 894 1317 930 commoverentur
1354 883 1429 927 tilii

35 959 343 1019 promissionis,
369 959 446 1002 filii
468 959 619 1002 liberae
638 957 878 1002 Jerusalem
898 959 938 1000 in
967 956 1087 1000 coelis
1107 964 1300 1009 aeternae,
1329 969 1427 998 eum

35 1031 115 1075 ista
137 1030 338 1074 discretio
360 1030 593 1089 apostolica
618 1038 750 1088 atque
772 1027 986 1072 catholica
1011 1026 1173 1085 Pelagii
1196 1025 1340 1070 verbis
1368 1025 1430 1069 vi-

36 1102 213 1146 deretur
234 1100 410 1155 auferri,
430 1112 474 1145 et
496 1104 610 1160 Agar
637 1099 831 1160 quodam
861 1099 994 1144 modo
1028 1101 1144 1143 Sarae
1180 1095 1430 1141 crederetur

37 1171 230 1231 aequari?
267 1170 343 1214 1110
379 1171 511 1229 igitur
539 1171 741 1215 haeretica
762 1170 984 1229 impietate
1010 1169 1243 1227 Scripturas
1265 1167 1431 1210 Veteris

40 1242 302 1287 Testamenti
321 1241 424 1286 facit
444 1242 668 1302 injuriam,
695 1242 770 1300 qni
790 1256 881 1285 eam
907 1256 957 1284 ex
991 1243 1079 1283 Deo
1105 1240 1236 1292 bono,
1261 1253 1430 1282 summo

39 1323 82 1358 et
98 1329 218 1366 vero,
241 1314 386 1358 fronte
402 1313 619 1371 sacrilegae
642 1313 873 1372 impietatis
891 1320 1019 1368 negat
1046 1330 1053 1353 :
1081 1311 1192 1354 sicut
1211 1309 1404 1354 Marcion
1417 1343 1427 1362 ,

39 1386 149 1430 sicut
173 1386 455 1439 Manichaeus‚
478 1395 520 1429 et
542 1386 576 1429 si
594 1400 694 1444 quae
713 1384 794 1427 alia
814 1383 943 1443 pestis
961 1384 1044 1426 hoc
1063 1383 1210 1426 sentit.
1232 1384 1431 1439 Quapro-

40 1465 152 1516 pter,
171 1465 218 1499 ut
236 1455 291 1498 de
309 1456 389 1499 hac
413 1470 457 1498 re
475 1454 595 1514 quod
615 1455 771 1508 sentio,
792 1470 878 1513 qua
898 1468 1071 1512 possum
1090 1453 1300 1496 brevitate
1317 1466 1431 1495 com‘

40 1527 204 1587 plectar
228 1544 236 1570 :
263 1526 373 1570 sicut
398 1526 543 1570 Veteri
571 1528 868 1579 Testamento,
893 1526 926 1568 si
956 1539 1046 1568 esse
1068 1539 1118 1567 ex
1142 1527 1230 1567 Deo
1252 1523 1368 1566 bono
1390 1531 1431 1565 et

41 1612 212 1642 summo
233 1606 418 1655 negetur
435 1618 446 1653 f,
470 1597 528 1640 ita
547 1605 590 1640 et
609 1598 732 1640 Novo
749 1596 797 1639 fit
815 1595 987 1654 injuria,
1010 1595 1043 1638 si
1054 1594 1197 1638 Veteri
1215 1602 1428 1651 aequetur.

44 1668 128 1714 Sed
145 1683 245 1712 cum
269 1667 463 1727 Pelagius
484 1667 788 1727 respondisset,
809 1682 886 1711 cur
902 1667 1031 1710 etiam
1050 1666 1208 1709 dixerit
1222 1666 1432 1708 inVetere

45 1744 319 1784 Testamento
334 1740 528 1799 promitti
552 1753 734 1797 regnum
755 1739 986 1792 coelorum,
1007 1736 1192 1781 Danielis
1209 1737 1433 1796 prophetae

41 1826 384 1856 commemorans
409 1811 725 1865 testimonium,
762 1810 838 1870 qui
861 1818 1031 1854 sanctos
1053 1817 1307 1867 accepturos
1336 1823 1433 1866 reg-

44 1896 150 1926 num
183 1881 413 1935 Altissimi,
453 1881 719 1940 apertissime
752 1880 1030 1939 prophetavit
1059 1914 1069 1932 ‚
1108 1894 1197 1922 non
1226 1893 1316 1921 esse
1350 1880 1432 1921 hoe

45 1952 274 1996 alienuma
300 1952 388 1995 fide
413 1950 642 2004 catholiea,
669 1949 822 1994 merito
846 1948 1091 2008 judicatum
1127 1957 1214 2001 est,
1251 1963 1339 1991 non
1367 1963 1434 1990 se-

45 2023 241 2068 cundum
264 2022 380 2065 illam
403 2021 742 2075 distinctionem,
769 2036 856 2080 qua
877 2021 922 2063 in
940 2029 1088 2064 monte
1108 2020 1208 2064 Sina
1227 2019 1433 2078 promissa

46 2104 217 2139 terrena
234 2093 288 2138 ad
298 2096 431 2138 Vetus
446 2096 767 2137 Testamentum
782 2093 955 2151 proprie
973 2092 1186 2151 pertinere
1196 2100 1435 2135 monstran-

48 2176 140 2223 tur,
164 2180 244 2210 nec
267 2173 410 2209 tamen
437 2164 650 2224 improbe,
685 2163 924 2208 secundum
948 2164 1062 2208 hane
1091 2162 1302 2222 loquendi
1330 2178 1435 2207 eon-

47 2235 340 2290 suetudinem,
374 2251 461 2295 qua
488 2235 701 2279 universae
733 2235 967 2294 Scripturae
989 2233 1211 2278 canonieae
1234 2243 1335 2277 ante
1364 2234 1434 2276 in·

49 2308 342 2352 carnationem
364 2307 536 2351 Domini
554 2306 805 2350 ministratae
824 2306 988 2349 Veteris
1005 2305 1267 2349 Testamenti
1283 2303 1434 2363 appel-

50 2379 211 2423 latione
227 2387 472 2422 censentur.
496 2381 592 2424 Non
617 2378 732 2421 enim
757 2376 874 2421 aliud
905 2385 969 2421 est
998 2391 1176 2434 regnum
1203 2375 1433 2430 Altissimi,

50 2464 182 2510 quam
216 2449 293 2493 Dei
325 2463 533 2507 regnum,
561 2458 635 2492 aut
666 2449 897 2509 quisquam
926 2448 1191 2492 contendere
1228 2445 1433 2498 audebit,

54 2519 172 2564 aliud
194 2533 284 2563 esse
300 2520 378 2563 Dei
401 2534 601 2579 regnum,
627 2518 747 2564 aliud
769 2533 951 2577 regnum
970 2517 1199 2564 coelorum.

103 2610 113 2628 ¹
142 2603 210 2637 Gal.
230 2614 277 2645 iv,
299 2603 354 2636 ⁴25.
