1804 3205
337 240 387 268 nt
424 237 558 269 :turm
592 242 643 269 Er
676 241 772 269 mus
803 241 997 281 omanus,
1034 244 1114 270 Lm.
1151 246 1178 271 1.
1365 234 1447 273 303

63 312 141 359 est,
161 319 291 364 super
316 314 469 350 terram
485 342 494 357 ,
521 322 608 351 non
630 307 710 352 nisi
733 308 919 353 animam
939 307 1071 353 velint
1095 309 1227 368 accipi
1255 310 1407 354 ilatum
1436 330 1445 356 ;

61 375 181 436 quod
202 391 305 421 vero
321 378 533 437 adjunxit,
561 380 647 422 «Et
664 380 862 438 spiritum
887 379 1156 425 calcantibus
1171 396 1283 435 eam,
1305 400 1325 422 s>
1350 382 1448 441 Spi-

62 447 195 491 ritum
229 458 426 494 sanctum
456 450 743 508 significatum
780 452 1068 496 arbitrentur:
1099 451 1173 497 illo
1190 452 1351 496 scilieet
1376 469 1448 497 or-

62 517 180 575 dine,
194 536 283 580 quo
301 530 344 565 et
361 521 593 581 Apostolus
611 521 715 567 dicit
732 541 739 566 ι
763 541 781 564 «
799 525 894 568 Non
913 523 1103 583 primum
1121 522 1239 584 quod
1258 523 1450 583 spiritale

66 608 86 630 »
112 600 191 645 est,
216 591 290 636 sed
313 591 432 652 quod
456 592 664 648 animale,
690 602 836 653 postea
861 594 1094 654 spiritale1.
1123 613 1142 637 »
1168 597 1276 641 Nam
1301 611 1350 639 ex
1370 597 1451 641 hac

61 663 314 722 prophetica
339 666 551 709 sententia
572 665 701 709 etiarn
720 666 899 725 felegans
916 666 996 725 ἶἰΙῙρ
1018 682 1167 712 sensus
1186 668 1446 727 exculpunt,

62 733 182 793 quod
200 734 257 778 ita
279 734 449 790 dixerit,
477 755 496 778 «
521 736 803 782 Calcantibus
826 753 917 781 eam
933 774 943 793 ,
968 757 988 779 »
1016 748 1065 783 ut
1086 738 1213 783 vellet
1236 739 1448 798 intelligi,

63 806 444 851 contemnentibus
466 822 575 851 eam.
604 809 687 862 Qui
712 809 826 853 enim
852 810 1071 870 accipiunt
1097 811 1304 870 Spiritum
1327 826 1451 856 sanc-

65 884 182 932 tum,
218 893 363 923 amore
391 878 634 923 coelestium
659 889 826 925 terrena
849 890 1154 926 contemnunt.
1189 885 1268 927 Hae
1302 897 1452 927 omnes

62 949 288 993 sententiae
310 965 399 994 non
423 960 523 995 sunt
546 961 696 995 contra
719 951 872 1007 fidem,
899 953 988 996 sive
1010 962 1271 1013 utrumque,
1297 952 1342 996 id
1361 961 1450 1010 est,

63 1028 106 1063 et
127 1020 280 1064 flatum
305 1029 348 1065 et
369 1022 568 1081 spiritum
584 1022 658 1082 qui
674 1023 862 1082 pertinet
886 1022 940 1066 ad
959 1023 1195 1067 humanam
1220 1032 1419 1067 naturam
1439 1059 1450 1078 ,

62 1090 249 1151 quisque
264 1091 500 1151 intelligat,
528 1094 616 1138 sive
637 1102 874 1154 utrumque
893 1093 1061 1137 dictum
1081 1094 1262 1153 accipiat
1278 1093 1333 1138 de
1358 1094 1457 1153 Spi-

63 1161 150 1205 ritu
179 1171 352 1218 sancto‚
385 1163 474 1207 sive
510 1164 663 1208 flatum
690 1165 744 1208 ad
777 1165 993 1219 animam,
1035 1165 1233 1224 spiritum
1262 1180 1362 1209 vero
1401 1165 1455 1208 ad

64 1231 273 1290 Spiritum
302 1243 502 1278 sanctum
524 1235 698 1279 referat.
727 1235 811 1280 Sed
832 1235 866 1278 si
891 1235 1033 1279 anima
1057 1244 1099 1279 et
1120 1237 1294 1295 spiritus
1310 1235 1454 1279 homi·

63 1302 127 1346 nis
161 1312 204 1347 et
232 1304 302 1348 hie
339 1304 647 1364 intelligendus
682 1315 770 1361 est,
811 1307 921 1350 sieut
950 1322 1039 1351 non
1062 1307 1358 1351 dubitandum
1394 1316 1456 1350 est

62 1373 182 1432 quod
203 1389 303 1419 eum
328 1378 441 1420 Deus
463 1377 536 1420 det
555 1398 565 1436 ·,
591 1377 648 1421 ita
673 1378 964 1438 qurerendum
983 1388 1045 1423 est
1060 1379 1204 1423 adhuc
1228 1377 1345 1422 unde
1362 1377 1453 1432 det,

64 1453 210 1490 utrum
236 1461 287 1490 ex
306 1448 568 1507 propagine,
593 1450 705 1493 sicut
727 1451 816 1509 ipse
835 1450 1012 1510 quidem
1033 1450 1123 1505 dat,
1144 1449 1217 1493 sed
1242 1459 1386 1494 tamen
1407 1464 1457 1493 ex

63 1516 299 1574 propagine
322 1516 398 1561 dat
427 1520 618 1577 corporis
649 1521 868 1577 membra,
894 1536 947 1564 an
971 1536 1073 1564 vero
1095 1535 1259 1565 novum
1278 1555 1288 1574 ,
1315 1534 1458 1579 neque

63 1596 348 1645 propagatum
383 1589 565 1648 singulis
597 1590 863 1635 insufflando
897 1591 1130 1635 distribuat
1168 1611 1176 1635 ε
1216 1589 1337 1651 quod
1369 1605 1459 1634 non

65 1657 293 1715 ambigua,
327 1659 436 1703 sicut
459 1660 539 1705 iste
567 1661 697 1717 facit,
725 1663 798 1707 sed
825 1661 970 1722 aliqua
999 1663 1232 1707 certissima
1256 1661 1459 1706 volumus

65 1724 312 1772 divinorum
333 1730 624 1791 Eloquiorum
642 1734 901 1777 auctoritate
923 1732 1116 1777 defendi.

126 1800 246 1843 XXI.
268 1800 431 1844 Eadem
456 1802 624 1846 ratione
645 1803 776 1846 etiam
795 1802 916 1862 quod
937 1802 1044 1848 dicit
1063 1806 1197 1858 Deus,
1228 1822 1246 1845 «
1277 1802 1459 1862 Spiritus

70 1885 90 1907 »
111 1869 226 1913 enim
241 1886 265 1914 a
279 1885 348 1915 me
366 1872 493 1927 exiet,
515 1882 558 1916 et
579 1888 752 1917 omnem
768 1873 920 1917 flatum
936 1889 1017 1933 ego
1032 1872 1113 1918 feci
1140 1892 1149 1918 :
1174 1892 1193 1914 »
1220 1872 1275 1917 de
1296 1873 1460 1932 Spiritu

68 1942 245 2001 quidem
263 1954 414 1990 sancto
431 1945 735 2005 accipiendum
750 1956 813 1991 est
836 1946 956 2007 quod
980 1947 1080 2001 ait2,
1106 1966 1121 1986 «
1145 1946 1328 2006 Spiritus
1344 1961 1367 1989 a
1391 1960 1460 1989 me

76 2029 97 2053 »
123 2013 261 2072 exiet3
283 2034 303 2056 »
327 2016 382 2060 de
403 2032 492 2075 quo
507 2026 549 2060 et
572 2017 768 2062 Salvator
786 2018 864 2071 ait,
892 2021 927 2061 Α
952 2021 1078 2062 Patre
1103 2017 1324 2077 procedit³
1350 2036 1359 2061 ;
1385 2015 1462 2060 sed

0 2138 7 2141 ‚
74 2083 194 2144 quod
217 2085 382 2130 dictum
410 2096 494 2142 est,
523 2106 543 2130 «
574 2089 759 2132 Omnem
787 2089 939 2134 flatum
964 2105 1044 2148 ego
1066 2089 1175 2144 feci,
1203 2105 1224 2130 π
1256 2087 1311 2132 de
1343 2086 1462 2132 omni

70 2153 214 2199 anima
232 2155 399 2201 dictum
418 2158 564 2216 negari
578 2174 668 2203 non
686 2168 842 2218 potest.
873 2159 955 2204 Sed
986 2174 1115 2204 omne
1146 2158 1276 2203 etiam
1304 2172 1462 2217 corpus

69 2223 160 2283 ipse
190 2224 293 2270 facit
324 2245 332 2271 ε
358 2227 478 2287 quod
509 2238 655 2273 autem
689 2244 741 2273 ex
763 2230 1005 2289 propagine
1037 2245 1194 2290 corpus
1216 2230 1461 2273 humanum

70 2292 224 2351 faciat,
249 2297 397 2342 nullus
428 2299 625 2359 ambigit.
652 2302 714 2344 Ac
746 2315 824 2359 per
843 2300 928 2344 hoc
953 2299 1008 2344 de
1032 2301 1197 2354 anima,
1234 2314 1332 2344 cum
1366 2313 1462 2343 eam

0 2385 2 2389 ·
69 2376 237 2411 constet
259 2368 313 2412 ab
328 2368 405 2413 illo
425 2370 533 2426 fieri,
555 2372 674 2414 unde
691 2386 786 2415 eam
810 2370 956 2426 faciat,
978 2380 1126 2416 utrum
1150 2387 1202 2415 ex
1223 2370 1462 2431 propagine

71 2436 181 2480 sicut
203 2452 388 2497 corpus,
419 2456 474 2484 an
495 2441 761 2486 insufflando
796 2441 908 2486 sicut
937 2442 1124 2502 primam
1155 2441 1284 2498 feeit,
1318 2441 1462 2487 adhuc

70 2507 224 2567 utique
250 2509 564 2569 requirendum
585 2520 664 2557 est.

121 2603 130 2619 ¹
152 2608 165 2630 1
185 2599 257 2632 Cor.
278 2609 334 2641 xv,
355 2597 411 2642 46.
426 2617 467 2625 -
483 2608 496 2624 ²
512 2599 584 2635 lsai.
603 2612 678 2644 uu,
699 2600 803 2636 16.—
817 2599 830 2626 3
848 2603 940 2636 Joan,
959 2612 1014 2644 xv,
1030 2602 1085 2636 26.
