1804 3205
532 243 585 269 niz
617 244 756 269 niu-*ris
790 241 974 270 panon.
1395 233 1449 270 85

67 310 142 366 git,
163 316 237 353 aut
251 308 397 368 aliquo
416 308 545 353 modo
561 307 603 351 id
624 317 736 351 ret-tc
756 324 876 367 posse
894 308 1028 366 accipi
1049 307 1357 361 existimantes,
1379 325 1446 352 cu-

61 381 131 438 jus
153 378 207 422 de
231 381 308 423 hac
339 395 381 422 re
409 378 694 424 confessiones
724 379 910 438 liquidas
939 379 1017 422 sibi
1051 379 1208 422 habere
1238 377 1468 423 videban:

68 461 152 504 tur,
174 465 282 509 pene
300 449 354 494 de
377 466 464 494 uno
487 451 637 499 verbo,
665 451 769 493 nihil
793 451 829 494 ei
855 451 1159 494 coutroversiae
1185 450 1434 494 niov‹·ndun

66 530 287 580 putarunt.
319 520 447 573 Quod
476 530 518 565 et
548 521 673 564 nobis
706 520 880 564 forsitan
907 522 1183 579 contigisset,
1213 522 1244 565 si
1269 536 1368 565 cum
1393 522 1451 564 eis

65 593 105 636 in
132 592 204 635 illo
223 593 387 652 judicio
415 592 682 637 sedissemus.
719 593 760 637 Si
790 594 903 636 enim
934 609 1011 652 pro
1039 609 1090 637 eo
1118 592 1237 653 quod
1263 594 1450 653 positum

62 674 125 708 est
167 663 337 721 dignus,
385 665 569 723 positum
614 674 720 708 esset
767 664 1097 724 prsedestinatus
1118 700 1128 720 ,
1175 665 1242 708 vel
1287 664 1451 724 aliquid

65 735 337 795 hujusmodi,
369 736 473 780 nihil
501 746 616 779 certe
646 736 838 795 scrupuli
874 746 1069 796 tangeret
1104 746 1234 797 atque
1273 745 1453 794 angeret

62 808 254 850 animum
283 827 290 851 :
318 816 358 851 et
400 817 542 851 tamen
569 808 602 850 si
632 808 817 861 dicatur,
859 823 955 851 eum
988 809 1062 867 qui
1091 824 1167 867 per
1193 807 1450 852 electionem

62 879 211 935 gratiae
231 878 507 935 justificatur,
539 876 670 921 nullis
696 877 871 937 quidem
909 878 1258 936 praecodentibus
1291 877 1453 920 meritis

63 948 201 1002 bonis,
227 948 301 991 scd
324 949 611 992 destinatione
629 948 810 1006 dignum
831 949 990 1001 vocari,
1013 948 1126 991 sicut
1142 948 1304 992 electus
1322 962 1453 991 voea-

62 1028 147 1072 tur,
166 1028 314 1062 utrum
345 1018 412 1062 vel
436 1028 566 1070 certe,
594 1018 662 1062 vel
690 1019 868 1062 minima
891 1018 1132 1063 offensione
1154 1018 1454 1077 intelligenti-”e

60 1090 143 1133 (lici
169 1089 322 1147 possit,
348 1088 525 1132 ‹lillieile
546 1087 785 1148 judicatur.
812 1091 920 1133 Nam
945 1099 1160 1149 quantum
1186 1088 1239 1133 ad
1262 1105 1330 1132 me
1353 1089 1454 1133 atti-

61 1169 149 1210 net,
176 1161 230 1204 ab
255 1161 336 1204 hoc
358 1159 493 1203 verbo
519 1158 642 1204 facile
675 1160 916 1215 transirem,
942 1161 1022 1204 nisi
1045 1176 1114 1204 me
1136 1159 1247 1204 liber
1269 1160 1357 1215 ille,
1384 1160 1454 1205 cui

60 1231 287 1291 respondi,
322 1232 397 1274 ubi
427 1232 604 1275 omnino
634 1231 798 1274 nullam
823 1230 928 1276 dicit
952 1233 1028 1275 Dei
1052 1233 1248 1289 gratiam,
1276 1232 1354 1275 nisi
1377 1247 1455 1274 na-

62 1312 201 1346 turam
226 1311 413 1346 nostram
437 1317 537 1346 eum
562 1302 700 1345 libero
722 1301 899 1345 arbitrio
916 1337 925 1355 ,
953 1302 1132 1360 gratiam
1157 1311 1399 1345 creaturam
1420 1304 1451 1355 ¹,

59 1374 113 1417 (le
136 1375 268 1433 ipsius
291 1374 454 1432 Pelagii
477 1389 604 1416 sensu
631 1372 863 1416 sollicitum
888 1372 1088 1416 redderet
1108 1409 1118 1427 ,
1150 1388 1204 1416 ne
1233 1371 1343 1416 forte
1372 1373 1455 1415 hoc

59 1444 240 1488 verbum
276 1460 362 1487 non
393 1443 447 1486 de
472 1442 736 1502 negligentia
768 1442 1015 1497 locutionis,
1047 1443 1121 1486 sed
1149 1442 1203 1485 de
1231 1442 1454 1500 diligentia

59 1514 271 1570 dogmatis
293 1515 455 1558 curarit
471 1514 674 1556 inserere.
702 1515 796 1556 Jam
821 1528 868 1556 ea
897 1528 996 1572 quae
1018 1522 1178 1556 restant
1205 1512 1452 1566 novissima,

59 1588 116 1630 ita
136 1584 304 1643 judices
334 1593 690 1638 commoverunt,
727 1593 775 1627 ut
810 1594 910 1628 ante
939 1584 1263 1643 responsionem
1296 1583 1455 1642 Pelagii

60 1655 306 1699 damnanda
329 1664 571 1698 censerent.

120 1729 260 1771 XLII.
288 1729 393 1771 Nam
412 1727 456 1769 in
475 1735 596 1770 sexto
613 1725 805 1785 capitulo
828 1724 1023 1770 Coelestii
1047 1725 1146 1769 libri
1168 1726 1356 1785 positum
1377 1724 1458 1768 ol)-

55 1799 218 1857 jectum
236 1806 299 1840 est
320 1816 328 1840 :
353 1815 372 1838 «
400 1796 530 1840 Filios
553 1797 627 1840 Dei
653 1812 742 1843 non
762 1811 885 1855 posse
904 1797 1065 1850 vocari,
1088 1797 1166 1839 nisi
1184 1796 1302 1839 omni
1325 1795 1457 1838 modo

61 1869 224 1928 absque
248 1877 425 1927 peccato
450 1866 615 1911 fuerint
637 1868 794 1910 effecti.
831 1886 850 1907 n
884 1868 1011 1910 Unde
1041 1867 1283 1909 secundum
1313 1867 1454 1924 ipsum

63 1939 226 1983 dietum
245 1948 323 1991 est,
347 1954 490 1997 neque
510 1938 754 1997 apostolum
777 1937 961 1981 Paulum
986 1952 1075 1981 esse
1098 1937 1237 1980 filium
1262 1937 1355 1990 Dei,
1381 1937 1457 1996 qui

62 2009 168 2052 dixit
190 2029 198 2052 ;
229 2029 247 2050 «
273 2011 369 2052 Non
393 2008 510 2067 quod
530 2010 618 2068 jam
644 2009 903 2067 acceperim,
932 2017 1007 2050 aut
1032 2006 1151 2066 quod
1175 2008 1263 2066 jam
1286 2005 1457 2065 perfec·

66 2098 85 2119 n
110 2089 178 2123 tus
192 2078 310 2121 sim·2.
341 2097 359 2119 η
387 2081 435 2121 1η
459 2078 643 2137 septimo
666 2077 856 2134 capitulo
882 2097 890 2120 ;
916 2097 931 2115 «
960 2076 1239 2120 Oblivionem
1262 2084 1302 2119 et
1327 2076 1456 2134 igno-

64 2151 242 2193 rantiam
268 2165 354 2193 non
380 2149 604 2208 subjacere
627 2158 807 2207 peccato
829 2183 838 2203 ‚
865 2148 1073 2208 quoniam
1098 2164 1187 2192 non
1213 2147 1456 2191 secundum

62 2219 329 2264 voluntatem
353 2219 577 2270 eveniunt,
603 2218 678 2262 sed
702 2216 943 2262 seeundum
963 2218 1279 2262 necessitatem.
1301 2235 1321 2257 »
1342 2218 1454 2261 Cum

64 2289 200 2334 David
229 2290 370 2332 dieat:
397 2308 415 2329 «
442 2288 605 2333 Delicta
630 2289 872 2349 juventutis
906 2304 1014 2332 meae
1040 2303 1094 2332 ne
1133 2287 1380 2331 memineris
1414 2296 1457 2331 et

67 2379 86 2400 »
120 2360 376 2417 ignorantias
399 2374 507 2402 meae
523 2360 538 2384 3
561 2378 569 2403 :
595 2377 614 2399 »
642 2368 683 2402 et
706 2374 805 2403 eum
829 2360 873 2402 in
896 2357 990 2416 lege
1012 2357 1218 2402 sacrificia
1235 2372 1314 2416 pro
1334 2357 1435 2415 igno

66 2431 203 2474 rantia
221 2431 331 2474 sicut
346 2444 424 2488 pro
440 2438 620 2488 peccato
636 2429 913 2474 offerantur⁴.
939 2447 958 2470 »
982 2431 1033 2472 In
1050 2429 1221 2473 decimo
1237 2427 1429 2487 capitulo
1446 2447 1455 2472 :

113 2539 123 2555 ¹
149 2533 253 2565 Forte
275 2532 370 2574 gratis
387 2536 542 2565 creatam.
561 2549 601 2555 —
616 2539 627 2555 ²
646 2531 756 2575 Philip.
777 2542 824 2572 iu,
844 2539 899 2564 2¹2.
916 2547 957 2554 --
974 2529 987 2553 3
1009 2530 1090 2563 Psal.
1106 2541 1193 2568 xxiv,
1211 2540 1242 2572 7.
1260 2546 1299 2552 -—
1314 2529 1328 2558 4
1348 2528 1453 2561 Levis.

65 2598 106 2620 iv.
