1784 3205
333 191 387 228 32
756 197 790 226 s.
826 197 1055 226 Aucusnm
1089 198 1269 225 EPISCOPI

330 279 444 320 rum,
466 264 511 307 in
531 263 658 307 tantis
673 263 915 323 opprobriis
931 262 1163 321 impiorum
1179 261 1414 307 dicendum
1434 267 1497 303 est
1516 274 1609 303 eam
1628 274 1717 304 csse

330 334 575 394 gloriosam,
599 334 700 393 quia
721 348 840 392 reges
861 332 900 376 ei
923 332 1131 387 serviunt,
1157 332 1232 375 ubi
1254 340 1318 375 est
1338 328 1613 390 periculosior
1630 344 1718 372 ma-

323 406 480 465 jorque
500 405 681 449 tentatio
708 423 716 449 z
743 404 819 448 sed
844 412 947 447 tunc
966 402 1108 462 potius
1127 401 1310 460 gloriosa
1330 401 1425 455 erit,
1448 400 1625 458 quando
1643 400 1719 443 fiet

326 476 448 536 quod
471 476 586 519 idem
608 476 666 518 ait
689 473 922 534 Apostolus
941 492 949 517 ε
970 493 989 514 α
1009 475 1121 517 Cum
1144 473 1341 517 Christus
1363 470 1609 529 apparuerit
1631 469 1718 514 vita

330 565 350 587 »
382 556 538 600 vestra,
568 555 671 589 tunc
699 554 742 589 et
768 559 843 588 vos
876 543 1136 602 apparebitis
1162 558 1262 586 cum
1290 542 1383 601 ipso
1406 541 1450 584 in
1478 540 1611 598 gloria
1636 542 1665 583 ¹.
1695 558 1714 580 »

327 618 439 662 Cum
469 617 586 660 enim
618 616 825 661 Dominus
858 615 947 674 ipse
984 613 1226 658 secundum
1254 612 1439 657 formam
1470 611 1607 665 servi,
1644 625 1719 669 per

325 703 458 746 quam
481 703 525 730 se
549 687 762 730 mediator
785 685 1010 744 conjunxit
1032 684 1235 729 Ecclesise
1253 719 1263 738 ,
1291 699 1380 727 non
1402 683 1533 727 fuerit
1555 681 1718 740 glorifi-

325 765 445 800 catus
468 756 548 799 nisi
570 755 891 800 resurrectionis
912 755 1046 812 gloria
1066 789 1075 808 ,
1100 755 1237 811 (unde
1259 754 1422 797 dictum
1448 762 1511 796 est
1531 772 1540 797 ;
1571 771 1590 793 «
1622 752 1719 810 Spi-

327 845 349 869 »
386 827 492 870 ritus
510 841 598 871 non
615 835 707 870 erat
724 825 872 880 datus,
899 825 998 884 quia
1023 827 1145 868 Jcsus
1171 824 1366 868 nondum
1392 824 1533 868 [iterat
1555 822 1719 882 glorifi-

329 916 351 940 »
384 907 505 942 catus
528 900 574 955 33
604 902 643 953 »)
666 895 889 957 quomodo
918 895 1103 940 dicenda
1133 905 1197 940 est
1229 905 1328 940 ante
1360 895 1717 939 resurrectionem

323 986 446 1014 suam
468 968 659 1014 Ecclesia
687 969 776 1028 ejus
800 982 888 1011 esse
912 967 1123 1025 gloriosa?
1148 966 1334 1012 Mundat
1357 982 1458 1025 ergo
1483 982 1577 1011 eam
1599 981 1717 1011 nunc

323 1039 495 1085 lavacro
514 1055 638 1099 aquae
661 1039 705 1082 in
728 1038 878 1092 verbo,
909 1037 1091 1081 abluens
1114 1037 1536 1096 peccatapraeterita,
1563 1046 1605 1081 et
1624 1036 1717 1096 pel-

322 1109 414 1154 lens
444 1110 498 1154 ab
532 1125 581 1153 ea
619 1108 969 1153 Dominationem
1003 1107 1217 1151 malorum
1251 1107 1521 1165 angelorum,
1557 1106 1716 1151 deinde

322 1180 548 1238 perficiens
574 1181 665 1239 ejus
693 1178 910 1233 sanitates,
935 1177 1152 1222 faciteam
1175 1193 1400 1223 occurrere
1419 1177 1599 1222 inillam
1623 1176 1716 1236 glo-

320 1251 476 1294 riosam
491 1285 502 1304 ,
523 1251 613 1294 sine
632 1248 802 1294 macula
822 1258 865 1293 et
882 1265 989 1307 ruga
1017 1268 1025 1293 :
1053 1268 1071 1290 «
1094 1251 1211 1301 Quos
1233 1249 1350 1293 enim
1372 1248 1711 1309 praedestinavit,

324 1336 345 1361 n
381 1319 476 1364 illos
502 1330 545 1364 et
573 1320 765 1374 vocavit,
797 1328 840 1362 et
867 1334 976 1378 quos
1004 1320 1203 1373 vocavit,
1230 1319 1343 1378 ipsos
1368 1329 1410 1363 et
1429 1319 1712 1379 justificavit,

322 1407 345 1431 )ι
381 1405 489 1450 quos
522 1399 667 1434 autem
695 1390 963 1450 justificavit,
989 1389 1084 1434 illos
1111 1399 1154 1433 et
1178 1389 1479 1448 glorificavit⁴.
1510 1409 1530 1432 »
1557 1393 1608 1434 In
1631 1391 1714 1435 hoc

320 1460 529 1518 mysterio
551 1460 718 1504 dictum
742 1459 928 1504 arbitror
955 1478 963 1504 :
996 1479 1015 1501 ι(
1040 1463 1153 1504 Ecce
1175 1460 1298 1519 ejicio
1322 1461 1552 1505 daemonia.
1577 1470 1620 1505 et
1645 1476 1713 1505 sa-

323 1549 344 1573 »
371 1532 525 1575 nitates
547 1530 724 1590 perficio
746 1529 876 1575 hodie
907 1540 949 1574 et
970 1546 1077 1585 craS,
1104 1539 1146 1574 et
1169 1532 1292 1575 tertia
1315 1531 1384 1575 die
1411 1547 1710 1586 consummor,

322 1620 344 1643 »
370 1602 414 1645 id
438 1612 516 1657 est,
542 1601 775 1661 perficior1.
808 1621 825 1642 »
856 1600 966 1645 Dixit
987 1602 1101 1645 enim
1129 1601 1210 1645 hoc
1238 1617 1288 1645 ex
1316 1617 1499 1661 persona
1520 1604 1712 1662 corporis

319 1674 402 1729 sui,
426 1673 545 1734 quod
565 1681 628 1731 est
650 1671 838 1716 Ecclesia
865 1691 873 1716 :
900 1672 990 1716 dies
1012 1688 1177 1731 ponens
1200 1673 1512 1732 prodistinctis
1534 1674 1711 1718 ordina-

322 1744 461 1804 tisque
483 1743 752 1802 temporibus
770 1778 780 1799 ,
806 1742 926 1803 quod
949 1753 992 1787 et
1009 1744 1054 1787 in
1071 1759 1147 1788 sua
1166 1745 1477 1789 resurrectione
1496 1745 1710 1804 significa-

320 1814 382 1858 vit
404 1815 448 1857 in
473 1814 636 1858 triduo.

377 1885 581 1927 XXXVI.
620 1886 733 1927 Puto
762 1892 907 1927 autem
929 1884 1132 1928 interesse
1154 1884 1267 1928 inter
1289 1895 1458 1929 rectum
1481 1884 1612 1930 corde
1629 1921 1641 1941 ,
1667 1896 1710 1931 et

318 1954 535 1999 mundum
557 1953 702 1998 corde.
727 1956 838 1999 Nam
861 1964 903 1998 et
922 1964 1063 1999 rectus
1082 1955 1213 1999 corde
1230 1955 1275 1998 in
1295 1971 1343 1999 ea
1364 1972 1463 2015 quoe
1486 1965 1585 2000 ante
1608 1967 1711 2001 sunt

320 2024 581 2079 extenditur,
598 2040 645 2067 ea
659 2041 757 2084 quae
771 2033 884 2068 retro
898 2034 998 2069 sunt
1015 2024 1273 2069 obliviscens
1293 2027 1324 2080 ⁰,
1352 2035 1401 2070 ut
1419 2036 1538 2072 recto
1557 2044 1704 2083 cursu,

319 2095 364 2139 id
388 2105 474 2150 est,
500 2103 616 2138 recta
638 2095 724 2138 fide
748 2104 879 2154 atque
901 2094 1144 2139 intentione
1166 2096 1416 2153 perveniat,
1442 2098 1517 2140 ubi
1540 2098 1708 2143 habitet

318 2165 509 2210 mundus
527 2165 671 2210 corde.
701 2165 820 2210 Sicut
844 2165 914 2209 illa
940 2166 1111 2223 singula
1139 2166 1361 2210 reddenda
1384 2177 1486 2210 sunt
1509 2168 1703 2227 singulis,

318 2237 395 2280 ubi
415 2237 582 2281 dictum
606 2245 669 2280 est
695 2254 703 2280 :
731 2254 750 2277 «
771 2235 872 2288 Quis
895 2235 1098 2279 ascendet
1121 2236 1165 2279 in
1190 2246 1385 2281 montem
1411 2239 1598 2293 Domini,
1632 2250 1707 2284 aut

321 2326 343 2350 ι)
378 2309 473 2367 quis
499 2307 629 2352 stabit
659 2307 704 2350 in
731 2306 828 2351 loco
854 2316 1003 2351 sancto
1031 2309 1155 2366 ejus?
1187 2311 1402 2353 Innocens
1431 2311 1633 2355 manibus
1665 2321 1708 2356 et

321 2396 342 2420 »
378 2378 566 2422 mundus
588 2376 718 2422 corde
733 2378 764 2420 ⁷.
793 2396 812 2419 »
840 2381 1053 2422 Innocens
1070 2379 1270 2423 manibus
1286 2379 1504 2436 ascendet,
1522 2390 1565 2426 et
1577 2397 1706 2426 mun-

367 2488 374 2501 ¹
398 2479 513 2513 Coloss.
530 2491 578 2521 111,
600 2478 685 2521 1.-
700 2485 712 2500 ²
735 2481 827 2511 Joan.
847 2489 904 2518 vn,
926 2479 977 2521 39.
995 2496 1035 2501 —
1052 2478 1066 2500 ³
1089 2479 1205 2521 Ephes.
1222 2490 1255 2519 v,
1278 2480 1333 2513 26.
1351 2479 1419 2507 —4
1441 2483 1535 2514 Rom.
1557 2493 1624 2522 vm,
1651 2482 1702 2516 30.

322 2534 337 2560 5
358 2538 434 2569 Luc.
455 2547 526 2578 xm,
549 2536 601 2568 32.
617 2552 658 2559 —
673 2532 688 2558 6
703 2535 815 2577 Philip.
836 2546 883 2574 ιιι,
907 2536 956 2569 13.
974 2542 1040 2568 -7
1062 2536 1144 2568 psal.
1164 2547 1254 2578 xxm,
1273 2537 1304 2569 3.
