1804 3205
315 229 367 256 οη
401 228 534 256 Auum
574 227 623 254 ετ
657 228 752 255 ssu-s
785 226 978 265 οιιιαιΝΕ,
1015 228 1094 253 ιιι.
1134 228 1160 253 ι.
1348 216 1430 255 297

108 298 201 340 XV.
239 297 330 353 Ego
363 294 470 338 nihil
499 295 680 338 istorum
706 293 895 339 duorum
934 293 1170 337 dicendum
1212 307 1300 336 esse
1332 309 1433 338 con-

45 367 191 423 firmo3
219 381 297 409 uec
321 364 430 409 illud
455 366 652 418 tertium,
680 365 782 408 alibi
808 378 1003 424 peccasse
1026 363 1189 407 animas
1221 372 1322 406 ante
1344 380 1434 408 car-

44 452 159 490 nem,
179 447 228 481 ut
245 437 441 481 damnari
457 445 728 480 mererentur
751 437 793 480 in
812 451 1003 481 carnem.
1022 435 1255 495 Apostolus
1270 436 1433 495 quippe

45 508 308 567 apertissime
329 507 548 561 definivit,
575 508 772 551 nondum
798 508 841 551 in
869 522 998 552 carne
1022 514 1145 551 natos
1170 506 1274 550 nihil
1298 507 1434 565 egisse

46 580 149 623 boni
184 595 258 623 seu
304 579 446 623 mali¹.
487 578 608 623 Unde
644 588 812 623 constat
844 578 1061 638 parvulos,
1100 587 1149 622 ut
1190 577 1436 622 remissione

47 650 269 709 indigeant
287 660 580 711 peccatorum,
606 666 694 695 non
723 651 804 694 nisi
825 649 1034 709 originale
1056 651 1318 694 contraxisse
1340 664 1435 708 pec-

43 730 204 765 catum.
230 724 318 767 Nec
336 721 445 766 illud
473 730 703 781 quntum,
741 737 811 765 cas
840 722 1002 765 animas
1031 719 1311 779 parvulorum
1344 720 1436 763 sine

44 791 301 851 baptismate
324 793 636 837 moriturorum
670 809 692 837 a
711 794 831 853 justo
856 795 944 836 Deo
964 792 1006 836 in
1029 806 1203 836 carnem
1224 790 1436 850 peccatri-

41 876 135 906 cem
158 862 336 922 relcgari
355 873 488 924 atque
519 864 735 918 damnari,
757 879 863 923 quas
882 863 1113 923 praescivit,
1136 862 1168 905 si
1191 862 1244 905 ad
1262 870 1434 905 aetatem

43 936 355 992 pervenissent,
376 936 420 978 in
438 951 524 995 qua
540 935 678 979 libero
703 943 930 978 uterentur
947 934 1127 978 arbitrio
1140 968 1150 987 ,
1177 931 1288 976 male
1306 930 1437 975 fuisse

44 1006 243 1050 victuras.
275 1009 368 1051 Hoc
391 1022 581 1067 namque
603 1021 682 1050 uec
715 1006 793 1049 iste
818 1019 945 1049 ausus
967 1013 1031 1048 est
1053 1003 1212 1058 dicere,
1238 1004 1284 1046 in
1308 1002 1437 1046 tantis

43 1077 251 1135 angustiis
272 1078 533 1121 constitutus
560 1095 568 1121 ε
595 1077 684 1120 imo
713 1076 843 1119 etiam
872 1083 1023 1120 contra
1050 1075 1173 1118 istam
1201 1074 1434 1117 vanitatem

35 1148 124 1207 jam
147 1147 246 1192 satis
276 1147 502 1192 manifeste
527 1163 574 1191 ac
600 1147 789 1191 breviter
810 1156 874 1191 est
896 1146 1085 1201 locutus,
1104 1146 1182 1189 ubi
1202 1145 1283 1200 ait,
1313 1164 1333 1186 «
1360 1147 1436 1188 In·-

37 1218 205 1276 justum
237 1221 373 1262 Deum
409 1218 609 1262 tuturum
646 1216 798 1271 fuisse,
832 1218 865 1261 si
895 1232 984 1260 non
1011 1215 1213 1275 perfectis
1247 1214 1436 1273 propria

43 1288 278 1333 voluntatis
291 1290 512 1348 operibus
535 1288 667 1333 vellet
681 1289 900 1333 hominem
912 1288 1108 1347 judicare
1122 1302 1211 1331 non
1227 1295 1431 1330 natum.»

44 1361 177 1403 Hoc
155 1360 270 1404 enim
294 1360 540 1420 respondit,
564 1375 665 1404 cum
690 1368 895 1403 tractaret
917 1359 1204 1418 quaestionem
1233 1357 1437 1400 adve1sus

42 1444 113 1474 eos
147 1432 223 1490 qui
247 1431 403 1475 dicunt
430 1451 438 1475 :
466 1433 555 1476 Cur
582 1434 696 1475 Deus
723 1431 944 1475 hominem
967 1428 1176 1481 faciebat,
1205 1442 1334 1487 quem
1352 1462 1362 1482 ‚
1389 1435 1436 1470 ut

42 1510 143 1560 pote
161 1502 386 1561 praescius,
413 1502 578 1546 sciebat
606 1502 806 1545 futurum
837 1515 926 1545 non
951 1500 1147 1544 bonum?
1168 1501 1266 1543 Non
1284 1506 1437 1541 natum

41 1573 156 1616 enim
175 1573 415 1632 judicaret,
444 1574 477 1617 si
512 1582 743 1633 propterea
772 1587 916 1616 creare
945 1571 1176 1624 noluisset,
1212 1571 1315 1630 quia
1349 1584 1438 1613 non

43 1642 210 1686 honum
233 1641 431 1687 futurum
456 1658 546 1688 esse
574 1643 828 1703 praescisset.
855 1645 912 1686 Et
935 1643 1090 1703 utique
1117 1643 1226 1685 sicut
1256 1649 1299 1684 et
1337 1640 1438 1683 huic

41 1714 181 1757 visum
202 1724 286 1769 est,
312 1715 367 1759 de
391 1714 594 1775 perfectis
618 1715 711 1774 ejus
741 1714 946 1773 operibus
970 1713 1192 1757 debuisset
1214 1711 1436 1756 hominem

36 1783 258 1842 judicare,
285 1800 374 1829 non
392 1785 447 1829 de
473 1785 771 1844 praecognitis,
798 1799 878 1828 nec
893 1784 985 1827 fleri
1008 1782 1244 1844 aliquando
1264 1781 1438 1841 permis-

43 1854 112 1897 sis.
134 1857 240 1899 Nam
276 1855 309 1897 si
339 1865 542 1913 peccata,
567 1870 666 1914 quae
703 1855 737 1899 si
767 1855 900 1899 homo
932 1855 1098 1898 viverat
1130 1854 1438 1898 commissurus

44 1934 170 1979 esset,
188 1925 318 1968 etiam
340 1940 429 1969 non
446 1925 672 1969 commissa
691 1925 956 1968 damnantur
979 1924 1023 1967 in
1042 1933 1239 1976 mortuo,
1266 1921 1438 1966 nullum

49 1995 306 2040 beneficium
325 1996 532 2040 collatum
552 2005 615 2039 cst
632 1995 710 2049 illi,
735 1995 810 2055 qui
831 2004 979 2053 raptus
1001 2004 1065 2039 cst
1084 2009 1138 2038 ne
1154 1993 1317 2038 malitia
1340 2007 1438 2035 rnu-

49 2074 156 2109 taret
176 2065 448 2110 intellectum
467 2067 502 2125 ej
512 2081 559 2109 us
579 2085 587 2109 ;
619 2064 979 2125 quandoquidem
993 2064 1267 2125 judicabitur
1289 2077 1441 2107 secun-

46 2135 153 2180 dum
176 2151 270 2179 eam
287 2172 298 2191 ,
326 2152 426 2196 quae
458 2137 502 2180 in
524 2135 600 2180 illo
625 2136 765 2179 fuerat
788 2134 936 2179 futura
956 2170 967 2190 ,
992 2134 1200 2179 malitiam
1222 2155 1233 2191 3
1259 2148 1348 2177 non
1371 2148 1440 2176 se-

46 2207 241 2252 cundum
257 2223 369 2263 eam,
394 2223 494 2268 quae
515 2208 560 2251 in
579 2206 652 2251 illo
668 2208 843 2251 inventa
859 2215 923 2251 est
943 2242 954 2262 ,
979 2206 1275 2251 innocentiam
1299 2224 1307 2249 :
1326 2203 1441 2248 etde

49 2277 171 2323 nullo
208 2288 382 2323 mortuo
415 2279 633 2338 baptizato
675 2278 837 2337 poterit
872 2293 962 2322 esse
999 2278 1229 2334 securitas;
1264 2276 1366 2336 quia
1398 2284 1438 2320 et

49 2358 144 2407 post
179 2350 473 2408 baptismum,
509 2365 598 2394 non
632 2348 1012 2408 qualitercumque
1045 2363 1249 2408 peccare,
1287 2361 1439 2391 verum

49 2418 178 2461 etiam
206 2428 447 2476 apostatare
477 2420 673 2463 homines
691 2429 887 2477 possunt.
914 2417 1032 2472 Quid
1048 2419 1082 2462 si
1110 2433 1213 2477 ergo
1235 2417 1311 2477 qui
1330 2418 1441 2476 bap-

51 2490 205 2534 tizatus
228 2490 329 2534 hinc
352 2499 500 2549 raptus
521 2499 600 2544 est,
627 2499 821 2549 apostata
843 2499 933 2534 erat
955 2489 1146 2545 futurus,
1172 2490 1206 2533 si
1227 2489 1438 2544 viveret&

101 2577 288 2617 ¹R0m.1x,
313 2582 442 2607 11.--²
459 2576 533 2617 Sap.
559 2586 604 2615 iv,
631 2586 678 2607 ιι.
