<?xml version="1.0" encoding="UTF-8"?>
<!DOCTYPE html PUBLIC "-//W3C//DTD XHTML 1.0 Transitional//EN"
    "http://www.w3.org/TR/xhtml1/DTD/xhtml1-transitional.dtd">
<html xmlns="http://www.w3.org/1999/xhtml" xml:lang="en" lang="en">
 <head>
  <title>
</title>
<meta http-equiv="Content-Type" content="text/html;charset=utf-8" />
  <meta name='ocr-system' content='tesseract 3.04.00' />
  <meta name='ocr-capabilities' content='ocr_page ocr_carea ocr_par ocr_line ocrx_word'/>
</head>
<body>
  <div class='ocr_page' id='page_1' title='image "./operaomniaaccura34auguuoft_0236.png"; bbox 0 0 1784 3205; ppageno 0'>
   <div class='ocr_carea' id='block_1_1' title="bbox 337 226 1280 264">
    <p class='ocr_par' dir='ltr' id='par_1_1' title="bbox 337 226 1280 264">
     <span class='ocr_line' id='line_1_1' title="bbox 337 226 1280 264; baseline -0.002 -1"><span class='ocrx_word' id='word_1_1' title='bbox 337 226 419 264; x_wconf 79' lang='lat'>226</span> <span class='ocrx_word' id='word_1_2' title='bbox 773 233 807 262; x_wconf 87' lang='lat' dir='ltr'>s.</span> <span class='ocrx_word' id='word_1_3' title='bbox 843 232 1071 262; x_wconf 63' lang='lat' dir='ltr'>Atecs‘rim</span> <span class='ocrx_word' id='word_1_4' title='bbox 1103 234 1280 262; x_wconf 73' lang='lat' dir='ltr'>Emscom</span> 
     </span>
    </p>
   </div>
   <div class='ocr_carea' id='block_1_2' title="bbox 333 298 1727 2390">
    <p class='ocr_par' dir='ltr' id='par_1_2' title="bbox 333 298 1727 2390">
     <span class='ocr_line' id='line_1_2' title="bbox 336 298 1713 360; baseline -0.001 -15"><span class='ocrx_word' id='word_1_5' title='bbox 336 300 586 360; x_wconf 76' lang='lat' dir='ltr'>pestiferum</span> <span class='ocrx_word' id='word_1_6' title='bbox 607 300 766 358; x_wconf 86' lang='lat' dir='ltr'>dogma</span> <span class='ocrx_word' id='word_1_7' title='bbox 787 299 1046 344; x_wconf 86' lang='lat' dir='ltr'>confirment</span> <span class='ocrx_word' id='word_1_8' title='bbox 1065 331 1076 353; x_wconf 94' lang='lat'>,</span> <span class='ocrx_word' id='word_1_9' title='bbox 1101 313 1189 358; x_wconf 90' lang='lat' dir='ltr'>quo</span> <span class='ocrx_word' id='word_1_10' title='bbox 1210 306 1406 342; x_wconf 87' lang='lat' dir='ltr'>asserunt</span> <span class='ocrx_word' id='word_1_11' title='bbox 1428 298 1593 357; x_wconf 90' lang='lat' dir='ltr'>prolem</span> <span class='ocrx_word' id='word_1_12' title='bbox 1615 313 1713 358; x_wconf 83' lang='lat' dir='ltr'>quae</span> 
     </span>
     <span class='ocr_line' id='line_1_3' title="bbox 334 367 1711 430; baseline -0.001 -15"><span class='ocrx_word' id='word_1_13' title='bbox 334 386 409 430; x_wconf 92' lang='lat' dir='ltr'>per</span> <span class='ocrx_word' id='word_1_14' title='bbox 431 370 550 415; x_wconf 88' lang='lat' dir='ltr'>illam</span> <span class='ocrx_word' id='word_1_15' title='bbox 578 369 784 423; x_wconf 87' lang='lat' dir='ltr'>nascitur,</span> <span class='ocrx_word' id='word_1_16' title='bbox 819 367 991 412; x_wconf 90' lang='lat' dir='ltr'>nullum</span> <span class='ocrx_word' id='word_1_17' title='bbox 1018 368 1190 412; x_wconf 83' lang='lat' dir='ltr'><strong>trahere</strong></span> <span class='ocrx_word' id='word_1_18' title='bbox 1220 367 1429 427; x_wconf 78' lang='lat' dir='ltr'>originale</span> <span class='ocrx_word' id='word_1_19' title='bbox 1458 376 1711 426; x_wconf 87' lang='lat' dir='ltr'>peccatum:</span> 
     </span>
     <span class='ocr_line' id='line_1_4' title="bbox 334 438 1716 499; baseline -0.003 -13"><span class='ocrx_word' id='word_1_20' title='bbox 334 441 389 485; x_wconf 87' lang='lat' dir='ltr'>de</span> <span class='ocrx_word' id='word_1_21' title='bbox 410 441 490 486; x_wconf 86' lang='lat' dir='ltr'>hac</span> <span class='ocrx_word' id='word_1_22' title='bbox 508 455 612 499; x_wconf 85' lang='lat' dir='ltr'>ergo</span> <span class='ocrx_word' id='word_1_23' title='bbox 631 440 769 485; x_wconf 88' lang='lat' dir='ltr'>carnis</span> <span class='ocrx_word' id='word_1_24' title='bbox 790 439 1156 497; x_wconf 87' lang='lat' dir='ltr'>concupiscentia,</span> <span class='ocrx_word' id='word_1_25' title='bbox 1182 439 1335 483; x_wconf 89' lang='lat' dir='ltr'>beatus</span> <span class='ocrx_word' id='word_1_26' title='bbox 1354 438 1607 483; x_wconf 81' lang='lat' dir='ltr'>Ambrosius</span> <span class='ocrx_word' id='word_1_27' title='bbox 1628 441 1716 483; x_wconf 91' lang='lat' dir='ltr'>Me-</span> 
     </span>
     <span class='ocr_line' id='line_1_5' title="bbox 334 508 1716 570; baseline -0.002 -14"><span class='ocrx_word' id='word_1_28' title='bbox 334 511 594 556; x_wconf 86' lang='lat' dir='ltr'>diolanensis</span> <span class='ocrx_word' id='word_1_29' title='bbox 619 510 867 570; x_wconf 89' lang='lat' dir='ltr'>episcopus,</span> <span class='ocrx_word' id='word_1_30' title='bbox 898 510 1021 569; x_wconf 90' lang='lat' dir='ltr'>cujus</span> <span class='ocrx_word' id='word_1_31' title='bbox 1049 509 1304 554; x_wconf 85' lang='lat' dir='ltr'>sacerdotali</span> <span class='ocrx_word' id='word_1_32' title='bbox 1330 509 1569 553; x_wconf 87' lang='lat' dir='ltr'>ministerio</span> <span class='ocrx_word' id='word_1_33' title='bbox 1597 508 1716 554; x_wconf 87' lang='lat' dir='ltr'>lava-</span> 
     </span>
     <span class='ocr_line' id='line_1_6' title="bbox 333 579 1717 640; baseline -0.002 -13"><span class='ocrx_word' id='word_1_34' title='bbox 333 598 457 628; x_wconf 85' lang='lat' dir='ltr'><strong>crum</strong></span> <span class='ocrx_word' id='word_1_35' title='bbox 479 581 814 640; x_wconf 84' lang='lat' dir='ltr'>regenerationis</span> <span class='ocrx_word' id='word_1_36' title='bbox 836 581 1008 640; x_wconf 87' lang='lat' dir='ltr'>accepi,</span> <span class='ocrx_word' id='word_1_37' title='bbox 1032 582 1091 625; x_wconf 89' lang='lat' dir='ltr'>sie</span> <span class='ocrx_word' id='word_1_38' title='bbox 1113 581 1300 625; x_wconf 86' lang='lat' dir='ltr'>breviter</span> <span class='ocrx_word' id='word_1_39' title='bbox 1319 589 1382 624; x_wconf 88' lang='lat' dir='ltr'>est</span> <span class='ocrx_word' id='word_1_40' title='bbox 1401 579 1590 634; x_wconf 90' lang='lat' dir='ltr'>locutus,</span> <span class='ocrx_word' id='word_1_41' title='bbox 1615 594 1717 624; x_wconf 88' lang='lat' dir='ltr'>cum</span> 
     </span>
     <span class='ocr_line' id='line_1_7' title="bbox 334 650 1720 713; baseline -0.002 -16"><span class='ocrx_word' id='word_1_42' title='bbox 334 668 553 713; x_wconf 79' lang='lat' dir='ltr'>exponens</span> <span class='ocrx_word' id='word_1_43' title='bbox 584 656 740 697; x_wconf 84' lang='lat' dir='ltr'>Isa&#39;i&#39;am</span> <span class='ocrx_word' id='word_1_44' title='bbox 767 652 1041 711; x_wconf 88' lang='lat' dir='ltr'>prophetam,</span> <span class='ocrx_word' id='word_1_45' title='bbox 1078 651 1295 696; x_wconf 88' lang='lat' dir='ltr'>carnalem</span> <span class='ocrx_word' id='word_1_46' title='bbox 1326 652 1486 697; x_wconf 84' lang='lat' dir='ltr'>Christi</span> <span class='ocrx_word' id='word_1_47' title='bbox 1516 650 1720 695; x_wconf 87' lang='lat' dir='ltr'>nativita-</span> 
     </span>
     <span class='ocr_line' id='line_1_8' title="bbox 335 722 1721 782; baseline -0.001 -15"><span class='ocrx_word' id='word_1_48' title='bbox 335 734 422 767; x_wconf 89' lang='lat' dir='ltr'>tem</span> <span class='ocrx_word' id='word_1_49' title='bbox 439 723 704 768; x_wconf 85' lang='lat' dir='ltr'>insinuaret:</span> <span class='ocrx_word' id='word_1_50' title='bbox 723 741 740 763; x_wconf 92' lang='lat'>«</span> <span class='ocrx_word' id='word_1_51' title='bbox 762 722 884 778; x_wconf 87' lang='lat' dir='ltr'>Ideo,</span> <span class='ocrx_word' id='word_1_52' title='bbox 902 722 1061 781; x_wconf 89' lang='lat' dir='ltr'>inquit,</span> <span class='ocrx_word' id='word_1_53' title='bbox 1082 731 1124 766; x_wconf 93' lang='lat' dir='ltr'>et</span> <span class='ocrx_word' id='word_1_54' title='bbox 1142 723 1263 782; x_wconf 85' lang='lat' dir='ltr'>quasi</span> <span class='ocrx_word' id='word_1_55' title='bbox 1280 723 1412 766; x_wconf 91' lang='lat' dir='ltr'>homo</span> <span class='ocrx_word' id='word_1_56' title='bbox 1426 737 1504 781; x_wconf 88' lang='lat' dir='ltr'>per</span> <span class='ocrx_word' id='word_1_57' title='bbox 1521 722 1721 765; x_wconf 89' lang='lat' dir='ltr'>universa</span> 
     </span>
     <span class='ocr_line' id='line_1_9' title="bbox 338 792 1722 847; baseline 0 -12"><span class='ocrx_word' id='word_1_58' title='bbox 338 811 359 835; x_wconf 89' lang='lat'>»</span> <span class='ocrx_word' id='word_1_59' title='bbox 395 801 586 836; x_wconf 90' lang='lat' dir='ltr'>tentatus</span> <span class='ocrx_word' id='word_1_60' title='bbox 609 802 698 847; x_wconf 89' lang='lat' dir='ltr'>est,</span> <span class='ocrx_word' id='word_1_61' title='bbox 723 802 767 837; x_wconf 90' lang='lat' dir='ltr'>et</span> <span class='ocrx_word' id='word_1_62' title='bbox 788 793 833 835; x_wconf 92' lang='lat' dir='ltr'>in</span> <span class='ocrx_word' id='word_1_63' title='bbox 855 792 1138 837; x_wconf 83' lang='lat' dir='ltr'>similitudine</span> <span class='ocrx_word' id='word_1_64' title='bbox 1163 793 1390 836; x_wconf 92' lang='lat' dir='ltr'>hominum</span> <span class='ocrx_word' id='word_1_65' title='bbox 1413 801 1570 836; x_wconf 87' lang='lat' dir='ltr'>cuncta</span> <span class='ocrx_word' id='word_1_66' title='bbox 1593 792 1722 836; x_wconf 64' lang='lat' dir='ltr'>sustir</span> 
     </span>
     <span class='ocr_line' id='line_1_10' title="bbox 339 861 1718 921; baseline -0.001 -16"><span class='ocrx_word' id='word_1_67' title='bbox 339 881 359 905; x_wconf 87' lang='lat'>»</span> <span class='ocrx_word' id='word_1_68' title='bbox 395 863 493 906; x_wconf 89' lang='lat' dir='ltr'>nuit</span> <span class='ocrx_word' id='word_1_69' title='bbox 514 881 523 906; x_wconf 77' lang='lat'>2</span> <span class='ocrx_word' id='word_1_70' title='bbox 543 862 618 906; x_wconf 88' lang='lat' dir='ltr'>sed</span> <span class='ocrx_word' id='word_1_71' title='bbox 636 863 759 921; x_wconf 84' lang='lat' dir='ltr'>quasi</span> <span class='ocrx_word' id='word_1_72' title='bbox 778 862 832 906; x_wconf 91' lang='lat' dir='ltr'>de</span> <span class='ocrx_word' id='word_1_73' title='bbox 852 862 1015 921; x_wconf 88' lang='lat' dir='ltr'>Spiritu</span> <span class='ocrx_word' id='word_1_74' title='bbox 1032 871 1159 906; x_wconf 89' lang='lat' dir='ltr'>natus</span> <span class='ocrx_word' id='word_1_75' title='bbox 1177 896 1188 916; x_wconf 92' lang='lat'>,</span> <span class='ocrx_word' id='word_1_76' title='bbox 1213 861 1424 906; x_wconf 87' lang='lat' dir='ltr'>abstinuit</span> <span class='ocrx_word' id='word_1_77' title='bbox 1444 877 1468 906; x_wconf 88' lang='lat' dir='ltr'>a</span> <span class='ocrx_word' id='word_1_78' title='bbox 1490 870 1669 920; x_wconf 89' lang='lat' dir='ltr'>peccato</span> <span class='ocrx_word' id='word_1_79' title='bbox 1687 863 1718 904; x_wconf 90' lang='lat'>¹.</span> 
     </span>
     <span class='ocr_line' id='line_1_11' title="bbox 340 931 1723 990; baseline -0.001 -15"><span class='ocrx_word' id='word_1_80' title='bbox 340 951 360 975; x_wconf 93' lang='lat'>»</span> <span class='ocrx_word' id='word_1_81' title='bbox 395 932 545 976; x_wconf 91' lang='lat' dir='ltr'>Omnis</span> <span class='ocrx_word' id='word_1_82' title='bbox 568 933 683 976; x_wconf 91' lang='lat' dir='ltr'>enim</span> <span class='ocrx_word' id='word_1_83' title='bbox 708 934 840 977; x_wconf 90' lang='lat' dir='ltr'>homo</span> <span class='ocrx_word' id='word_1_84' title='bbox 862 934 1089 987; x_wconf 44' lang='lat' dir='ltr'>mendax&amp;</span> <span class='ocrx_word' id='word_1_85' title='bbox 1114 942 1157 976; x_wconf 84' lang='lat' dir='ltr'>et</span> <span class='ocrx_word' id='word_1_86' title='bbox 1179 947 1308 975; x_wconf 91' lang='lat' dir='ltr'>nemo</span> <span class='ocrx_word' id='word_1_87' title='bbox 1330 931 1422 975; x_wconf 90' lang='lat' dir='ltr'>sine</span> <span class='ocrx_word' id='word_1_88' title='bbox 1443 940 1621 990; x_wconf 86' lang='lat' dir='ltr'>peccato</span> <span class='ocrx_word' id='word_1_89' title='bbox 1642 931 1723 975; x_wconf 91' lang='lat' dir='ltr'>nisi</span> 
     </span>
     <span class='ocr_line' id='line_1_12' title="bbox 340 1001 1719 1060; baseline 0.001 -18"><span class='ocrx_word' id='word_1_90' title='bbox 340 1020 360 1043; x_wconf 92' lang='lat'>»</span> <span class='ocrx_word' id='word_1_91' title='bbox 399 1017 509 1045; x_wconf 89' lang='lat' dir='ltr'>unus</span> <span class='ocrx_word' id='word_1_92' title='bbox 532 1005 661 1046; x_wconf 89' lang='lat' dir='ltr'>Deus.</span> <span class='ocrx_word' id='word_1_93' title='bbox 689 1004 916 1047; x_wconf 86' lang='lat' dir='ltr'>Servatum</span> <span class='ocrx_word' id='word_1_94' title='bbox 942 1011 1006 1046; x_wconf 89' lang='lat' dir='ltr'>est</span> <span class='ocrx_word' id='word_1_95' title='bbox 1027 1002 1160 1060; x_wconf 88' lang='lat' dir='ltr'>igitur</span> <span class='ocrx_word' id='word_1_96' title='bbox 1187 1011 1237 1046; x_wconf 90' lang='lat' dir='ltr'>ut</span> <span class='ocrx_word' id='word_1_97' title='bbox 1260 1017 1312 1046; x_wconf 86' lang='lat' dir='ltr'>ex</span> <span class='ocrx_word' id='word_1_98' title='bbox 1335 1002 1427 1046; x_wconf 90' lang='lat' dir='ltr'>viro</span> <span class='ocrx_word' id='word_1_99' title='bbox 1448 1011 1492 1045; x_wconf 88' lang='lat' dir='ltr'>et</span> <span class='ocrx_word' id='word_1_100' title='bbox 1513 1001 1694 1045; x_wconf 88' lang='lat' dir='ltr'>muliere</span> <span class='ocrx_word' id='word_1_101' title='bbox 1709 1035 1719 1055; x_wconf 87' lang='lat'>‚</span> 
     </span>
     <span class='ocr_line' id='line_1_13' title="bbox 339 1071 1724 1132; baseline 0.001 -19"><span class='ocrx_word' id='word_1_102' title='bbox 339 1091 359 1114; x_wconf 88' lang='lat'>»</span> <span class='ocrx_word' id='word_1_103' title='bbox 395 1073 441 1116; x_wconf 89' lang='lat' dir='ltr'>id</span> <span class='ocrx_word' id='word_1_104' title='bbox 463 1082 542 1127; x_wconf 87' lang='lat' dir='ltr'>est,</span> <span class='ocrx_word' id='word_1_105' title='bbox 568 1088 645 1132; x_wconf 88' lang='lat' dir='ltr'>per</span> <span class='ocrx_word' id='word_1_106' title='bbox 666 1072 785 1116; x_wconf 86' lang='lat' dir='ltr'>illam</span> <span class='ocrx_word' id='word_1_107' title='bbox 808 1088 1041 1132; x_wconf 87' lang='lat' dir='ltr'>corporum</span> <span class='ocrx_word' id='word_1_108' title='bbox 1063 1073 1417 1117; x_wconf 86' lang='lat' dir='ltr'>commixtionem</span> <span class='ocrx_word' id='word_1_109' title='bbox 1439 1087 1568 1117; x_wconf 92' lang='lat' dir='ltr'>nemo</span> <span class='ocrx_word' id='word_1_110' title='bbox 1583 1071 1724 1116; x_wconf 88' lang='lat' dir='ltr'>videa-</span> 
     </span>
     <span class='ocr_line' id='line_1_14' title="bbox 344 1141 1720 1200; baseline 0.001 -17"><span class='ocrx_word' id='word_1_111' title='bbox 344 1161 357 1181; x_wconf 82' lang='lat'>»</span> <span class='ocrx_word' id='word_1_112' title='bbox 395 1151 465 1185; x_wconf 85' lang='lat' dir='ltr'>tur</span> <span class='ocrx_word' id='word_1_113' title='bbox 495 1157 645 1200; x_wconf 83' lang='lat' dir='ltr'>expers</span> <span class='ocrx_word' id='word_1_114' title='bbox 672 1157 760 1186; x_wconf 89' lang='lat' dir='ltr'>esse</span> <span class='ocrx_word' id='word_1_115' title='bbox 788 1142 950 1186; x_wconf 87' lang='lat' dir='ltr'>delicti.</span> <span class='ocrx_word' id='word_1_116' title='bbox 989 1142 1074 1195; x_wconf 87' lang='lat' dir='ltr'>Qui</span> <span class='ocrx_word' id='word_1_117' title='bbox 1103 1152 1249 1186; x_wconf 86' lang='lat' dir='ltr'>autem</span> <span class='ocrx_word' id='word_1_118' title='bbox 1283 1157 1431 1200; x_wconf 83' lang='lat' dir='ltr'>expers</span> <span class='ocrx_word' id='word_1_119' title='bbox 1464 1152 1527 1186; x_wconf 91' lang='lat' dir='ltr'>est</span> <span class='ocrx_word' id='word_1_120' title='bbox 1556 1141 1720 1196; x_wconf 85' lang='lat' dir='ltr'>delicti,</span> 
     </span>
     <span class='ocr_line' id='line_1_15' title="bbox 339 1211 1725 1272; baseline 0.002 -20"><span class='ocrx_word' id='word_1_121' title='bbox 339 1229 360 1252; x_wconf 86' lang='lat'>»</span> <span class='ocrx_word' id='word_1_122' title='bbox 395 1227 542 1270; x_wconf 74' lang='lat' dir='ltr'>expers</span> <span class='ocrx_word' id='word_1_123' title='bbox 565 1221 629 1255; x_wconf 90' lang='lat' dir='ltr'>est</span> <span class='ocrx_word' id='word_1_124' title='bbox 649 1213 780 1255; x_wconf 87' lang='lat' dir='ltr'>etiam</span> <span class='ocrx_word' id='word_1_125' title='bbox 803 1212 1056 1272; x_wconf 84' lang='lat' dir='ltr'>hujusmodi</span> <span class='ocrx_word' id='word_1_126' title='bbox 1078 1213 1374 1271; x_wconf 88' lang='lat' dir='ltr'>conceptionis</span> <span class='ocrx_word' id='word_1_127' title='bbox 1388 1214 1419 1255; x_wconf 80' lang='grc'>3.</span> <span class='ocrx_word' id='word_1_128' title='bbox 1443 1231 1463 1254; x_wconf 89' lang='grc'>»</span> <span class='ocrx_word' id='word_1_129' title='bbox 1483 1211 1725 1271; x_wconf 89' lang='lat' dir='ltr'>Numquid-</span> 
     </span>
     <span class='ocr_line' id='line_1_16' title="bbox 336 1282 1724 1340; baseline 0.002 -17"><span class='ocrx_word' id='word_1_130' title='bbox 336 1296 436 1324; x_wconf 90' lang='lat' dir='ltr'>nam</span> <span class='ocrx_word' id='word_1_131' title='bbox 460 1290 503 1324; x_wconf 93' lang='lat' dir='ltr'>et</span> <span class='ocrx_word' id='word_1_132' title='bbox 524 1290 696 1325; x_wconf 85' lang='lat' dir='ltr'>sanctus</span> <span class='ocrx_word' id='word_1_133' title='bbox 719 1282 972 1326; x_wconf 83' lang='lat' dir='ltr'>Ambrosius</span> <span class='ocrx_word' id='word_1_134' title='bbox 1002 1282 1254 1340; x_wconf 88' lang='lat' dir='ltr'>nuptiarum</span> <span class='ocrx_word' id='word_1_135' title='bbox 1278 1282 1536 1336; x_wconf 84' lang='lat' dir='ltr'>bonitatem,</span> <span class='ocrx_word' id='word_1_136' title='bbox 1562 1297 1611 1326; x_wconf 86' lang='lat' dir='ltr'>ac</span> <span class='ocrx_word' id='word_1_137' title='bbox 1633 1296 1724 1326; x_wconf 87' lang='lat' dir='ltr'>non</span> 
     </span>
     <span class='ocr_line' id='line_1_17' title="bbox 340 1350 1724 1411; baseline 0 -16"><span class='ocrx_word' id='word_1_138' title='bbox 340 1351 481 1410; x_wconf 89' lang='lat' dir='ltr'>potius</span> <span class='ocrx_word' id='word_1_139' title='bbox 508 1351 690 1395; x_wconf 87' lang='lat' dir='ltr'>istorum</span> <span class='ocrx_word' id='word_1_140' title='bbox 716 1351 1036 1405; x_wconf 80' lang='lat' dir='ltr'>haereticorum,</span> <span class='ocrx_word' id='word_1_141' title='bbox 1066 1352 1265 1411; x_wconf 88' lang='lat' dir='ltr'>quamvis</span> <span class='ocrx_word' id='word_1_142' title='bbox 1294 1360 1400 1396; x_wconf 86' lang='lat' dir='ltr'>tunc</span> <span class='ocrx_word' id='word_1_143' title='bbox 1423 1350 1622 1396; x_wconf 91' lang='lat' dir='ltr'>nondum</span> <span class='ocrx_word' id='word_1_144' title='bbox 1649 1366 1724 1410; x_wconf 90' lang='lat' dir='ltr'>ap-</span> 
     </span>
     <span class='ocr_line' id='line_1_18' title="bbox 338 1421 1724 1481; baseline 0.001 -17"><span class='ocrx_word' id='word_1_145' title='bbox 338 1422 583 1480; x_wconf 88' lang='lat' dir='ltr'>parentium</span> <span class='ocrx_word' id='word_1_146' title='bbox 604 1422 864 1476; x_wconf 87' lang='lat' dir='ltr'>vanitatem,</span> <span class='ocrx_word' id='word_1_147' title='bbox 888 1422 1020 1481; x_wconf 86' lang='lat' dir='ltr'>hujus</span> <span class='ocrx_word' id='word_1_148' title='bbox 1040 1437 1130 1466; x_wconf 84' lang='lat' dir='ltr'>suae</span> <span class='ocrx_word' id='word_1_149' title='bbox 1151 1423 1376 1466; x_wconf 80' lang='lat' dir='ltr'>sententiae</span> <span class='ocrx_word' id='word_1_150' title='bbox 1397 1423 1577 1467; x_wconf 86' lang='lat' dir='ltr'>veritate</span> <span class='ocrx_word' id='word_1_151' title='bbox 1599 1421 1724 1465; x_wconf 86' lang='lat' dir='ltr'>dam-</span> 
     </span>
     <span class='ocr_line' id='line_1_19' title="bbox 339 1490 1724 1552; baseline 0.001 -18"><span class='ocrx_word' id='word_1_152' title='bbox 339 1492 489 1535; x_wconf 78' lang='lat' dir='ltr'>navit?</span> <span class='ocrx_word' id='word_1_153' title='bbox 504 1490 633 1544; x_wconf 90' lang='lat' dir='ltr'>Quod</span> <span class='ocrx_word' id='word_1_154' title='bbox 650 1491 749 1536; x_wconf 84' lang='lat' dir='ltr'>ideo</span> <span class='ocrx_word' id='word_1_155' title='bbox 766 1491 1200 1536; x_wconf 85' lang='lat' dir='ltr'>commemorandum</span> <span class='ocrx_word' id='word_1_156' title='bbox 1221 1492 1387 1551; x_wconf 89' lang='lat' dir='ltr'>putavi,</span> <span class='ocrx_word' id='word_1_157' title='bbox 1407 1493 1509 1552; x_wconf 88' lang='lat' dir='ltr'>quia</span> <span class='ocrx_word' id='word_1_158' title='bbox 1528 1491 1724 1549; x_wconf 84' lang='lat' dir='ltr'>Pelagius</span> 
     </span>
     <span class='ocr_line' id='line_1_20' title="bbox 338 1560 1724 1618; baseline 0 -12"><span class='ocrx_word' id='word_1_159' title='bbox 338 1562 398 1606; x_wconf 86' lang='lat' dir='ltr'>sie</span> <span class='ocrx_word' id='word_1_160' title='bbox 434 1560 582 1606; x_wconf 85' lang='lat' dir='ltr'>laudat</span> <span class='ocrx_word' id='word_1_161' title='bbox 620 1562 895 1606; x_wconf 84' lang='lat' dir='ltr'>Ambrosium</span> <span class='ocrx_word' id='word_1_162' title='bbox 911 1597 922 1618; x_wconf 89' lang='lat'>,</span> <span class='ocrx_word' id='word_1_163' title='bbox 962 1574 1012 1607; x_wconf 88' lang='lat' dir='ltr'>ut</span> <span class='ocrx_word' id='word_1_164' title='bbox 1047 1562 1163 1608; x_wconf 86' lang='lat' dir='ltr'>dicat</span> <span class='ocrx_word' id='word_1_165' title='bbox 1189 1583 1197 1607; x_wconf 92' lang='lat'>:</span> <span class='ocrx_word' id='word_1_166' title='bbox 1229 1584 1242 1604; x_wconf 70' lang='grc' dir='ltr'>α</span> <span class='ocrx_word' id='word_1_167' title='bbox 1281 1566 1438 1607; x_wconf 86' lang='lat' dir='ltr'>Beatus</span> <span class='ocrx_word' id='word_1_168' title='bbox 1471 1561 1724 1607; x_wconf 85' lang='lat' dir='ltr'>Ambrosius</span> 
     </span>
     <span class='ocr_line' id='line_1_21' title="bbox 343 1631 1725 1691; baseline 0.003 -20"><span class='ocrx_word' id='word_1_169' title='bbox 343 1649 363 1671; x_wconf 87' lang='lat'>»</span> <span class='ocrx_word' id='word_1_170' title='bbox 398 1632 650 1690; x_wconf 86' lang='lat' dir='ltr'>episcopus,</span> <span class='ocrx_word' id='word_1_171' title='bbox 688 1631 734 1674; x_wconf 88' lang='lat' dir='ltr'>in</span> <span class='ocrx_word' id='word_1_172' title='bbox 770 1632 892 1690; x_wconf 87' lang='lat' dir='ltr'>cujus</span> <span class='ocrx_word' id='word_1_173' title='bbox 932 1632 1151 1691; x_wconf 79' lang='lat' dir='ltr'>praecipue</span> <span class='ocrx_word' id='word_1_174' title='bbox 1186 1632 1307 1676; x_wconf 87' lang='lat' dir='ltr'>libris</span> <span class='ocrx_word' id='word_1_175' title='bbox 1346 1636 1544 1677; x_wconf 83' lang='lat' dir='ltr'>Romana</span> <span class='ocrx_word' id='word_1_176' title='bbox 1584 1631 1725 1676; x_wconf 88' lang='lat' dir='ltr'>elucet</span> 
     </span>
     <span class='ocr_line' id='line_1_22' title="bbox 347 1701 1725 1762; baseline 0.003 -20"><span class='ocrx_word' id='word_1_177' title='bbox 347 1721 361 1741; x_wconf 82' lang='lat'>»</span> <span class='ocrx_word' id='word_1_178' title='bbox 399 1701 530 1759; x_wconf 70' lang='lat' dir='ltr'>fides,</span> <span class='ocrx_word' id='word_1_179' title='bbox 551 1701 627 1760; x_wconf 89' lang='lat' dir='ltr'>qui</span> <span class='ocrx_word' id='word_1_180' title='bbox 650 1702 911 1760; x_wconf 85' lang='lat' dir='ltr'>scriptorum</span> <span class='ocrx_word' id='word_1_181' title='bbox 932 1702 1045 1746; x_wconf 86' lang='lat' dir='ltr'>inter</span> <span class='ocrx_word' id='word_1_182' title='bbox 1067 1703 1243 1746; x_wconf 90' lang='lat' dir='ltr'>Latinos</span> <span class='ocrx_word' id='word_1_183' title='bbox 1265 1703 1345 1746; x_wconf 87' lang='lat' dir='ltr'>flos</span> <span class='ocrx_word' id='word_1_184' title='bbox 1366 1703 1545 1762; x_wconf 89' lang='lat' dir='ltr'>quidam</span> <span class='ocrx_word' id='word_1_185' title='bbox 1566 1703 1725 1761; x_wconf 87' lang='lat' dir='ltr'>specio-</span> 
     </span>
     <span class='ocr_line' id='line_1_23' title="bbox 344 1772 1725 1832; baseline 0.003 -20"><span class='ocrx_word' id='word_1_186' title='bbox 344 1790 364 1812; x_wconf 85' lang='lat'>»</span> <span class='ocrx_word' id='word_1_187' title='bbox 395 1787 466 1816; x_wconf 88' lang='lat' dir='ltr'>sus</span> <span class='ocrx_word' id='word_1_188' title='bbox 501 1772 685 1827; x_wconf 76' lang='lat' dir='ltr'>enituit,</span> <span class='ocrx_word' id='word_1_189' title='bbox 716 1773 839 1832; x_wconf 86' lang='lat' dir='ltr'>cujus</span> <span class='ocrx_word' id='word_1_190' title='bbox 866 1773 997 1816; x_wconf 89' lang='lat' dir='ltr'>fidem</span> <span class='ocrx_word' id='word_1_191' title='bbox 1032 1782 1075 1817; x_wconf 88' lang='lat' dir='ltr'>et</span> <span class='ocrx_word' id='word_1_192' title='bbox 1105 1774 1384 1832; x_wconf 84' lang='lat' dir='ltr'>purissimum</span> <span class='ocrx_word' id='word_1_193' title='bbox 1413 1774 1459 1817; x_wconf 90' lang='lat' dir='ltr'>in</span> <span class='ocrx_word' id='word_1_194' title='bbox 1495 1773 1725 1831; x_wconf 87' lang='lat' dir='ltr'>Scripturis</span> 
     </span>
     <span class='ocr_line' id='line_1_24' title="bbox 344 1842 1722 1902; baseline 0.001 -19"><span class='ocrx_word' id='word_1_195' title='bbox 344 1859 364 1882; x_wconf 88' lang='lat'>»</span> <span class='ocrx_word' id='word_1_196' title='bbox 401 1856 575 1885; x_wconf 89' lang='lat' dir='ltr'>sensum</span> <span class='ocrx_word' id='word_1_197' title='bbox 597 1856 651 1886; x_wconf 88' lang='lat' dir='ltr'>ne</span> <span class='ocrx_word' id='word_1_198' title='bbox 674 1842 874 1886; x_wconf 87' lang='lat' dir='ltr'>inimicus</span> <span class='ocrx_word' id='word_1_199' title='bbox 897 1842 1077 1902; x_wconf 91' lang='lat' dir='ltr'>quidem</span> <span class='ocrx_word' id='word_1_200' title='bbox 1098 1858 1225 1888; x_wconf 85' lang='lat' dir='ltr'>ausus</span> <span class='ocrx_word' id='word_1_201' title='bbox 1246 1853 1310 1887; x_wconf 89' lang='lat' dir='ltr'>est</span> <span class='ocrx_word' id='word_1_202' title='bbox 1329 1842 1645 1902; x_wconf 84' lang='lat' dir='ltr'>reprehendere</span> <span class='ocrx_word' id='word_1_203' title='bbox 1661 1844 1722 1887; x_wconf 74' lang='lat'>4.»</span> 
     </span>
     <span class='ocr_line' id='line_1_25' title="bbox 341 1912 1723 1973; baseline 0.001 -18"><span class='ocrx_word' id='word_1_204' title='bbox 341 1912 557 1956; x_wconf 87' lang='lat' dir='ltr'>Poeniteat</span> <span class='ocrx_word' id='word_1_205' title='bbox 588 1926 688 1970; x_wconf 82' lang='lat' dir='ltr'>ergo</span> <span class='ocrx_word' id='word_1_206' title='bbox 720 1928 838 1968; x_wconf 90' lang='lat' dir='ltr'>eum,</span> <span class='ocrx_word' id='word_1_207' title='bbox 875 1913 995 1973; x_wconf 91' lang='lat' dir='ltr'>quod</span> <span class='ocrx_word' id='word_1_208' title='bbox 1026 1915 1158 1959; x_wconf 91' lang='lat' dir='ltr'>sensit</span> <span class='ocrx_word' id='word_1_209' title='bbox 1189 1915 1392 1960; x_wconf 87' lang='lat' dir='ltr'>adversus</span> <span class='ocrx_word' id='word_1_210' title='bbox 1422 1915 1723 1972; x_wconf 68' lang='lat' dir='ltr'>Ambrosium,</span> 
     </span>
     <span class='ocr_line' id='line_1_26' title="bbox 341 1983 1726 2041; baseline 0.003 -16"><span class='ocrx_word' id='word_1_211' title='bbox 341 1998 396 2025; x_wconf 91' lang='lat' dir='ltr'>ne</span> <span class='ocrx_word' id='word_1_212' title='bbox 429 1983 641 2041; x_wconf 84' lang='lat' dir='ltr'>poeniteat</span> <span class='ocrx_word' id='word_1_213' title='bbox 669 1998 770 2026; x_wconf 90' lang='lat' dir='ltr'>eum</span> <span class='ocrx_word' id='word_1_214' title='bbox 801 1985 921 2041; x_wconf 90' lang='lat' dir='ltr'>quod</span> <span class='ocrx_word' id='word_1_215' title='bbox 948 1984 1008 2028; x_wconf 85' lang='lat' dir='ltr'>sic</span> <span class='ocrx_word' id='word_1_216' title='bbox 1038 1984 1234 2029; x_wconf 84' lang='lat' dir='ltr'>laudavit</span> <span class='ocrx_word' id='word_1_217' title='bbox 1258 1985 1553 2029; x_wconf 85' lang='lat' dir='ltr'>Ambrosium.</span> <span class='ocrx_word' id='word_1_218' title='bbox 1582 1985 1726 2029; x_wconf 86' lang='lat' dir='ltr'>Habes</span> 
     </span>
     <span class='ocr_line' id='line_1_27' title="bbox 342 2049 1727 2115; baseline 0.004 -22"><span class='ocrx_word' id='word_1_219' title='bbox 342 2049 503 2094; x_wconf 89' lang='lat' dir='ltr'>librum</span> <span class='ocrx_word' id='word_1_220' title='bbox 522 2061 564 2095; x_wconf 88' lang='lat' dir='ltr'>et</span> <span class='ocrx_word' id='word_1_221' title='bbox 591 2051 788 2096; x_wconf 87' lang='lat' dir='ltr'>molestia</span> <span class='ocrx_word' id='word_1_222' title='bbox 808 2050 1111 2110; x_wconf 80' lang='lat' dir='ltr'>longitudinis,</span> <span class='ocrx_word' id='word_1_223' title='bbox 1136 2064 1179 2099; x_wconf 93' lang='lat' dir='ltr'>et</span> <span class='ocrx_word' id='word_1_224' title='bbox 1200 2054 1457 2100; x_wconf 82' lang='lat' dir='ltr'>difficultate</span> <span class='ocrx_word' id='word_1_225' title='bbox 1477 2054 1727 2115; x_wconf 79' lang='lat' dir='ltr'>quaestionis</span> 
     </span>
     <span class='ocr_line' id='line_1_28' title="bbox 341 2120 1725 2182; baseline 0.005 -20"><span class='ocrx_word' id='word_1_226' title='bbox 341 2135 472 2179; x_wconf 89' lang='lat' dir='ltr'>quam</span> <span class='ocrx_word' id='word_1_227' title='bbox 495 2121 602 2164; x_wconf 89' lang='lat' dir='ltr'>mihi</span> <span class='ocrx_word' id='word_1_228' title='bbox 621 2120 707 2164; x_wconf 88' lang='lat' dir='ltr'>fuit</span> <span class='ocrx_word' id='word_1_229' title='bbox 727 2122 783 2165; x_wconf 88' lang='lat' dir='ltr'>ad</span> <span class='ocrx_word' id='word_1_230' title='bbox 806 2120 1078 2178; x_wconf 89' lang='lat' dir='ltr'>dictandum,</span> <span class='ocrx_word' id='word_1_231' title='bbox 1104 2133 1193 2167; x_wconf 90' lang='lat' dir='ltr'>tam</span> <span class='ocrx_word' id='word_1_232' title='bbox 1216 2125 1296 2167; x_wconf 85' lang='lat' dir='ltr'>tibi</span> <span class='ocrx_word' id='word_1_233' title='bbox 1317 2125 1373 2168; x_wconf 89' lang='lat' dir='ltr'>ad</span> <span class='ocrx_word' id='word_1_234' title='bbox 1394 2124 1627 2182; x_wconf 83' lang='lat' dir='ltr'>legendum</span> <span class='ocrx_word' id='word_1_235' title='bbox 1646 2140 1725 2168; x_wconf 85' lang='lat' dir='ltr'>ne-</span> 
     </span>
     <span class='ocr_line' id='line_1_29' title="bbox 343 2191 1726 2254; baseline 0.004 -20"><span class='ocrx_word' id='word_1_236' title='bbox 343 2192 558 2249; x_wconf 87' lang='lat' dir='ltr'>gotiosum</span> <span class='ocrx_word' id='word_1_237' title='bbox 574 2225 585 2246; x_wconf 92' lang='lat'>,</span> <span class='ocrx_word' id='word_1_238' title='bbox 611 2191 769 2251; x_wconf 87' lang='lat' dir='ltr'>quibus</span> <span class='ocrx_word' id='word_1_239' title='bbox 792 2193 1010 2251; x_wconf 88' lang='lat' dir='ltr'>particulis</span> <span class='ocrx_word' id='word_1_240' title='bbox 1031 2202 1276 2252; x_wconf 88' lang='lat' dir='ltr'>temporum</span> <span class='ocrx_word' id='word_1_241' title='bbox 1305 2203 1345 2238; x_wconf 91' lang='lat' dir='ltr'>te</span> <span class='ocrx_word' id='word_1_242' title='bbox 1367 2194 1562 2239; x_wconf 89' lang='lat' dir='ltr'>invenire</span> <span class='ocrx_word' id='word_1_243' title='bbox 1584 2195 1726 2254; x_wconf 89' lang='lat' dir='ltr'>potuit</span> 
     </span>
     <span class='ocr_line' id='line_1_30' title="bbox 342 2261 1725 2323; baseline 0.004 -19"><span class='ocrx_word' id='word_1_244' title='bbox 342 2270 418 2304; x_wconf 88' lang='lat' dir='ltr'>aut</span> <span class='ocrx_word' id='word_1_245' title='bbox 444 2262 635 2319; x_wconf 88' lang='lat' dir='ltr'>potuerit</span> <span class='ocrx_word' id='word_1_246' title='bbox 662 2261 864 2306; x_wconf 86' lang='lat' dir='ltr'>otiosum.</span> <span class='ocrx_word' id='word_1_247' title='bbox 896 2265 1037 2315; x_wconf 89' lang='lat' dir='ltr'>Quem</span> <span class='ocrx_word' id='word_1_248' title='bbox 1065 2262 1276 2322; x_wconf 81' lang='lat' dir='ltr'>profecto,</span> <span class='ocrx_word' id='word_1_249' title='bbox 1308 2272 1522 2323; x_wconf 90' lang='lat' dir='ltr'>quantum</span> <span class='ocrx_word' id='word_1_250' title='bbox 1544 2280 1614 2308; x_wconf 88' lang='lat' dir='ltr'>me</span> <span class='ocrx_word' id='word_1_251' title='bbox 1636 2268 1725 2310; x_wconf 83' lang='lat' dir='ltr'>Do-</span> 
     </span>
     <span class='ocr_line' id='line_1_31' title="bbox 343 2330 1725 2390; baseline 0.004 -17"><span class='ocrx_word' id='word_1_252' title='bbox 343 2331 484 2374; x_wconf 89' lang='lat' dir='ltr'>minus</span> <span class='ocrx_word' id='word_1_253' title='bbox 506 2330 708 2390; x_wconf 87' lang='lat' dir='ltr'>adjuvare</span> <span class='ocrx_word' id='word_1_254' title='bbox 730 2332 931 2390; x_wconf 83' lang='lat' dir='ltr'>dignatus</span> <span class='ocrx_word' id='word_1_255' title='bbox 953 2341 1032 2388; x_wconf 87' lang='lat' dir='ltr'>est,</span> <span class='ocrx_word' id='word_1_256' title='bbox 1046 2332 1318 2377; x_wconf 87' lang='lat' dir='ltr'>elaboratum</span> <span class='ocrx_word' id='word_1_257' title='bbox 1340 2334 1453 2378; x_wconf 89' lang='lat' dir='ltr'>inter</span> <span class='ocrx_word' id='word_1_258' title='bbox 1467 2333 1725 2380; x_wconf 85' lang='lat' dir='ltr'>ecclesiasti-</span> 
     </span>
    </p>
   </div>
   <div class='ocr_carea' id='block_1_3' title="bbox 343 2439 1723 2537">
    <p class='ocr_par' dir='ltr' id='par_1_3' title="bbox 343 2439 1723 2537">
     <span class='ocr_line' id='line_1_32' title="bbox 391 2439 1723 2484; baseline 0.004 -15"><span class='ocrx_word' id='word_1_259' title='bbox 391 2445 398 2460; x_wconf 85' lang='lat'>¹</span> <span class='ocrx_word' id='word_1_260' title='bbox 422 2439 521 2470; x_wconf 80' lang='lat' dir='ltr'>Hebr.</span> <span class='ocrx_word' id='word_1_261' title='bbox 543 2450 587 2477; x_wconf 81' lang='lat' dir='ltr'>iv,</span> <span class='ocrx_word' id='word_1_262' title='bbox 611 2439 662 2470; x_wconf 82' lang='lat'>15.</span> <span class='ocrx_word' id='word_1_263' title='bbox 678 2456 720 2463; x_wconf 77' lang='lat'>-—-</span> <span class='ocrx_word' id='word_1_264' title='bbox 737 2446 750 2462; x_wconf 83' lang='lat'>²</span> <span class='ocrx_word' id='word_1_265' title='bbox 769 2439 850 2472; x_wconf 83' lang='lat' dir='ltr'>Psal.</span> <span class='ocrx_word' id='word_1_266' title='bbox 868 2451 941 2481; x_wconf 79' lang='lat' dir='ltr'>cxv,</span> <span class='ocrx_word' id='word_1_267' title='bbox 959 2450 991 2472; x_wconf 85' lang='lat'>2.</span> <span class='ocrx_word' id='word_1_268' title='bbox 1008 2456 1049 2463; x_wconf 89' lang='lat'>--</span> <span class='ocrx_word' id='word_1_269' title='bbox 1068 2439 1080 2462; x_wconf 78' lang='lat'>³</span> <span class='ocrx_word' id='word_1_270' title='bbox 1108 2440 1291 2473; x_wconf 81' lang='lat' dir='ltr'>Ambrosius</span> <span class='ocrx_word' id='word_1_271' title='bbox 1318 2452 1336 2473; x_wconf 77' lang='lat' dir='ltr'>a</span> <span class='ocrx_word' id='word_1_272' title='bbox 1368 2441 1493 2484; x_wconf 80' lang='lat' dir='ltr'>Pelagio</span> <span class='ocrx_word' id='word_1_273' title='bbox 1512 2441 1666 2476; x_wconf 70' lang='lat' dir='ltr'>laudatus,</span> <span class='ocrx_word' id='word_1_274' title='bbox 1682 2451 1723 2465; x_wconf 59' lang='lat'>¹-</span> 
     </span>
     <span class='ocr_line' id='line_1_33' title="bbox 343 2492 1123 2537; baseline 0.005 -12"><span class='ocrx_word' id='word_1_275' title='bbox 343 2492 358 2523; x_wconf 66' lang='grc'>4</span> <span class='ocrx_word' id='word_1_276' title='bbox 377 2494 468 2535; x_wconf 77' lang='lat' dir='ltr'>Apud</span> <span class='ocrx_word' id='word_1_277' title='bbox 485 2494 629 2526; x_wconf 67' lang='lat' dir='ltr'>Anibi-os.</span> <span class='ocrx_word' id='word_1_278' title='bbox 650 2494 704 2527; x_wconf 86' lang='lat' dir='ltr'>lib.</span> <span class='ocrx_word' id='word_1_279' title='bbox 721 2506 759 2528; x_wconf 90' lang='lat'>111</span> <span class='ocrx_word' id='word_1_280' title='bbox 778 2506 834 2537; x_wconf 84' lang='lat' dir='ltr'>pro</span> <span class='ocrx_word' id='word_1_281' title='bbox 853 2494 955 2529; x_wconf 81' lang='lat' dir='ltr'>libero</span> <span class='ocrx_word' id='word_1_282' title='bbox 968 2496 1123 2530; x_wconf 80' lang='lat' dir='ltr'>Arbitrio.</span> 
     </span>
    </p>
   </div>
  </div>
 </body>
</html>
