1804 3205
270 243 320 268 nr:
352 244 519 271 nur'riis
554 245 603 270 Εἰ·
634 246 1000 278 εουουνιεεεινιη,
1039 246 1118 270 tiu.
1160 247 1184 269 ι.
1342 235 1422 272 207

40 305 158 350 nulla
195 307 358 351 ratione
392 309 637 366 negabitur.
672 312 785 355 Cum
819 311 948 367 igitur
981 308 1211 368 culpabilis
1253 326 1338 353 nou
1372 311 1425 353 sit

39 377 272 435 generandi
290 377 533 424 intentione
553 381 813 425 concubitus
832 416 842 434 ‚
867 380 944 440 qui
966 381 1138 439 proprie
1156 380 1319 439 nuptiis
1341 380 1424 423 im-

41 447 258 506 putandus
281 458 360 503 est,
378 448 485 508 quid
505 451 747 495 secundum
771 451 940 496 veniam
956 450 1158 496 concedit
1176 450 1422 509 Apostolus,

40 519 118 562 nisi
142 518 262 580 quod
292 521 495 579 conjuges
511 556 521 574 ,
547 520 652 565 dum
683 537 727 565 sc
758 538 846 566 non
870 523 1096 566 continent
1116 557 1126 575 ‚
1147 521 1347 566 debitum
1371 522 1425 565 ab

39 589 248 636 alterutro
269 591 408 635 carnis
430 604 686 651 exposcunt,
707 608 795 637 non
813 593 1040 638 voluntate
1063 592 1325 651 propaginis,
1350 591 1425 636 sed

39 659 233 707 libidinis
262 662 526 721 voluptate?
556 666 664 717 Quae
701 674 846 709 tamen
889 664 1089 723 voluptas
1129 679 1216 709 non
1250 672 1425 722 propter

38 732 209 791 nuptias
240 732 354 778 cadit
376 735 420 777 in
442 734 617 794 culpam
638 770 648 788 ,
668 734 745 779 sed
769 745 944 795 propter
966 735 1139 792 nuptias
1162 734 1317 793 accipit
1349 748 1425 777 ve-

37 802 168 848 niam.
202 806 414 857 Quocirca
436 806 564 850 etiam
592 806 693 850 hinc
715 815 818 850 sunt
840 805 1081 851 laudabiles
1105 806 1269 865 nuptiae
1288 840 1298 859 ‚
1323 804 1425 864 quia

36 883 79 919 et
99 873 209 919 illud
233 876 351 935 quod
377 893 464 922 non
491 878 680 937 pertinet
703 879 757 922 ad
776 894 820 922 se
838 914 848 932 ‚
870 878 1032 937 ignosci
1056 877 1226 922 faciunt
1250 885 1426 935 propter

35 959 94 989 se.
111 947 260 1006 Neque
277 947 393 992 enim
416 948 546 992 etiam
568 949 646 993 iste
667 949 927 993 concubitus
949 964 1038 1008 quo
1057 949 1241 993 servitur
1258 962 1425 990 concu-

37 1016 268 1075 piscentiae,
293 1018 352 1064 sic
375 1019 516 1077 agitur
533 1054 544 1074 ‚
571 1028 619 1064 ut
641 1019 905 1079 impediatur
930 1018 1064 1064 foetus
1080 1054 1091 1074 ‚
1116 1033 1246 1078 quem
1272 1025 1425 1077 postu-

33 1085 127 1131 lant
142 1090 322 1147 nuptiae.

91 1160 231 1203 XVII.
262 1159 346 1204 Sed
368 1169 515 1205 tamen
538 1161 658 1206 aliud
679 1170 774 1216 est,
799 1177 888 1206 non
916 1160 1208 1206 concumbere
1236 1159 1317 1204 nisi
1335 1158 1423 1204 sola

32 1227 258 1275 voluntate
281 1231 552 1289 generandi,
584 1231 703 1292 quod
736 1247 824 1277 non
854 1233 987 1276 habet
1016 1231 1191 1291 culpam
1228 1251 1239 1287 3
1270 1228 1390 1274 aliud
1411 1264 1421 1282 ‚

31 1301 168 1345 carnis
190 1303 526 1348 concumbendo
543 1313 745 1362 appetere
760 1305 1048 1362 voluptatem,
1066 1302 1142 1361 sed
1156 1317 1244 1346 non
1267 1309 1425 1360 praeter

32 1373 260 1432 conjugem
281 1408 292 1428 ‚
316 1373 437 1434 quod
468 1374 682 1419 venialem
715 1375 847 1418 habet
869 1373 1199 1433 culpamgQuia
1221 1372 1298 1416 etsi
1335 1386 1423 1415 non

30 1457 157 1487 causa
180 1445 471 1504 propagandae
493 1445 624 1505 prolis
644 1446 953 1490 concumbitur
972 1479 982 1498 ,
1004 1460 1093 1489 non
1123 1453 1269 1488 tamen
1293 1443 1424 1501 hujus

31 1512 220 1559 libidinis
247 1530 376 1560 causa
413 1517 714 1575 propagationi
749 1516 879 1576 prolis
915 1516 1172 1570 obsistitur,
1204 1515 1291 1558 sive
1320 1521 1424 1557 voto

30 1583 161 1639 malo,
180 1586 270 1630 sive
299 1601 430 1645 opere
453 1586 583 1632 malo.
611 1589 718 1632 Nam
741 1588 817 1647 qui
837 1586 919 1632 hoc
940 1587 1106 1631 faciunt
1129 1584 1328 1646 quamvis
1345 1599 1424 1628 vo—
1467 1600 1469 1602 “

30 1665 185 1700 centur
212 1658 446 1717 conjuges,
472 1673 561 1703 non
591 1667 708 1713 sunt,
740 1674 820 1703 nec
858 1657 992 1702 ullam
1023 1657 1278 1716 nuptiarum
1319 1656 1422 1699 reti-

31 1737 137 1770 nent
158 1728 383 1773 veritatem
403 1764 414 1784 ,
443 1729 520 1774 sed
552 1730 780 1775 honestum
803 1745 965 1775 nomen
991 1729 1187 1774 velandae
1210 1727 1423 1786 turpidini

29 1797 306 1855 obtendunt]
336 1799 588 1845 Produntur
617 1810 763 1845 autem
792 1800 970 1861 quando
1000 1815 1051 1844 eo
1074 1814 1212 1859 usque
1238 1812 1421 1856 progre-

31 1867 231 1923 diuntur,
251 1878 301 1913 ut
313 1880 533 1928 exponant
550 1871 676 1926 lilios,
697 1873 774 1930 qui
791 1880 1028 1916 nascuntur
1046 1870 1207 1913 invitis.
1221 1867 1422 1929 O—derunt

31 1939 147 1983 enim
164 1941 331 1984 nutrire
354 1941 422 1984 vel
442 1942 617 1996 habere,
643 1958 751 2002 quos
775 1943 951 2001 gignere
969 1940 1422 2006 metuebantqltaque

30 2024 130 2054 cum
154 2011 198 2054 in
219 2026 319 2055 suos
331 2012 468 2062 saevit,
483 2028 592 2073 quos
609 2012 760 2057 nolens
783 2013 933 2071 genuit
952 2012 1179 2056 tenebrosa
1195 2009 1417 2068 iniquitas,

32 2078 146 2124 clara
167 2079 398 2141 iniquitate
418 2082 464 2126 in
486 2081 628 2127 lucem
654 2083 899 2143 promiturJ
925 2091 967 2126 et
990 2080 1163 2126 occulta
1192 2078 1420 2139 turpitudo

32 2149 260 2196 manifesta
295 2153 552 2198 crudelitate
585 2152 883 2198 convincitur.'
915 2151 1163 2211 Aliquando
1199 2166 1251 2195 eo
1281 2164 1420 2209 usque

33 2221 229 2279 pervenit
250 2223 343 2268 haec
370 2222 599 2269 libidinosa
621 2215 888 2278 crudelitass
899 2223 968 2268 vel
989 2222 1128 2267 libido
1145 2220 1349 2274 erudelis,
1371 2228 1421 2262 ut

32 2291 162 2336 etiam
190 2293 423 2338 sterilitatis
451 2309 618 2339 venena
648 2303 852 2354 procuret
884 2315 895 2351 3
931 2303 974 2338 et
1001 2294 1035 2337 si
1063 2292 1173 2337 nihil
1204 2290 1418 2344 valuerit,

32 2373 266 2422 conceptos
293 2364 428 2420 foetus
454 2365 602 2425 aliquo
631 2365 762 2410 modo
788 2366 902 2409 intra
927 2365 1090 2408 viscera
1125 2363 1349 2420 extinguat
1371 2376 1420 2404 ac

33 2431 205 2488 fundat,
226 2434 412 2480 volendo
436 2451 557 2480 suam
581 2436 748 2494 prolem
766 2437 884 2495 prius
902 2435 1077 2479 interire
1094 2449 1225 2493 quam
1245 2433 1388 2476 vivere
1407 2451 1417 2487 3

35 2512 108 2547 aut
126 2504 215 2548 siin
227 2514 351 2550 utero
363 2507 454 2566 jam
467 2506 657 2561 vivebat,
682 2505 820 2550 occidi
834 2514 1065 2566 antequam
1085 2504 1220 2548 nasci.
1241 2506 1418 2547 Prorsus

33 2577 67 2618 si
82 2574 212 2620 ambo
238 2574 342 2621 tales
361 2586 480 2633 sunt,
498 2576 703 2637 conjuges
721 2592 810 2622 non
831 2586 932 2622 sunt
953 2594 962 2620 :
983 2584 1026 2620 et
1047 2575 1082 2620 si
1099 2574 1157 2630 ab,
1170 2572 1296 2619 initio
1313 2571 1418 2616 tales
