1784 3205
335 225 415 263 162
759 232 791 257 s.
827 228 1058 256 Accus‘rim
1092 226 1273 252 nmseom

328 297 448 359 quod
471 295 691 356 discipulis
713 295 798 338 suis
821 291 1069 352 respondet,
1094 309 1113 331 «
1138 289 1236 334 ideo
1248 304 1291 332 se
1308 287 1380 331 illa
1399 287 1568 346 objecta
1587 285 1713 329 dam-

335 383 478 422 nasse,
502 366 602 426 quia
624 374 667 409 et
688 365 778 423 ipse
798 362 903 406 dicit
923 396 934 416 ,
958 375 1047 404 non
1074 368 1246 403 tantum
1263 358 1403 416 primo
1424 356 1589 400 homini
1606 390 1616 410 ,
1642 353 1717 398 sed

335 439 466 483 etiam
492 438 686 481 humano
715 432 859 493 generi
892 432 1080 492 primum
1113 428 1225 473 illud
1252 426 1439 472 obfuisse
1457 435 1683 486 peccatum
1704 459 1716 479 ,

335 524 425 553 non
449 507 703 566 propagine,
729 504 804 547 sed
828 501 1027 560 exemplo
1051 519 1059 544 :
1094 518 1114 541 ³)
1136 499 1181 543 id
1198 507 1289 552 est,
1315 513 1402 541 non
1421 495 1540 556 quod
1566 511 1618 540 ex
1645 494 1720 539 illo

336 576 547 621 traxerint
572 573 749 634 aliquod
777 573 929 616 vitium
947 605 958 625 ,
983 570 1058 630 qui
1082 585 1132 612 ex
1150 567 1226 612 illo
1245 567 1467 627 propagati
1491 574 1619 619 sunt,
1648 564 1721 607 sed

335 645 455 705 quod
485 659 585 688 eum
619 644 807 702 primum
845 649 1097 700 peccantem
1125 637 1281 681 imitati
1318 646 1420 681 sunt
1448 649 1624 689 omnes,
1648 633 1723 692 qui

331 723 478 773 postea
504 720 799 772 peccaverunt
820 712 838 754 P
863 729 882 751 «
909 713 996 753 Aut
1018 709 1119 768 quia
1138 708 1271 762 dicit,
1297 706 1396 750 ideo
1427 704 1615 748 infantes
1634 718 1722 747 non

333 785 377 827 in
396 798 447 827 eo
469 791 584 826 statu
605 796 712 835 esse,
732 782 775 824 in
796 793 885 839 quo
909 778 995 822 fuit
1017 778 1156 821 Adam
1182 785 1282 820 ante
1305 773 1722 834 praevaricationem,

334 853 436 912 quia
463 852 533 896 isti
564 859 832 910 praeceptum
856 863 1010 907 capere
1031 845 1230 890 nondum
1253 854 1463 904 possunt,
1488 844 1560 887 ille
1581 852 1725 887 autem

337 922 481 981 potuit
503 941 514 978 3
535 920 823 978 nondumque
839 927 1026 961 utuntur
1046 913 1264 959 rationalis
1279 914 1514 959 voluntatis
1530 913 1724 967 arbitrio,

336 1008 426 1052 quo
439 992 511 1035 ille
525 991 606 1035 nisi
620 999 830 1043 uteretur,
843 1003 931 1032 non
944 989 981 1031 ei
996 996 1261 1046 praeceptum
1278 985 1503 1029 dareturf'»
1517 981 1632 1036 Quid
1646 983 1729 1026 hoc

337 1062 391 1106 ad
415 1077 505 1106 rem
527 1061 729 1120 pertinet,
765 1060 867 1119 quia
890 1058 1018 1102 verba
1046 1057 1125 1101 sibi
1147 1057 1314 1116 objecta
1349 1056 1407 1100 sic
1436 1052 1693 1113 exponendo
1712 1086 1723 1106 ,

338 1141 453 1177 recte
476 1147 520 1175 se
554 1140 679 1191 putat
701 1130 924 1174 damnasse
953 1128 1074 1187 quod
1102 1126 1259 1171 dicitur
1278 1162 1288 1182 ,
1313 1145 1328 1165 a
1357 1134 1585 1185 peccatum
1615 1122 1722 1167 Adae

338 1202 417 1260 ipsi
439 1201 517 1245 soli
540 1200 749 1254 obfuisse,
775 1208 818 1242 et
844 1213 933 1242 non
961 1197 1106 1255 generi
1130 1198 1322 1240 humano
1346 1216 1356 1253 3
1379 1205 1422 1239 et
1445 1194 1632 1238 infantes
1651 1192 1728 1252 qui

340 1279 577 1314 nascuntur
591 1304 602 1324 ,
622 1270 666 1312 in
685 1284 736 1312 eo
767 1276 881 1312 statu
903 1282 993 1310 esse
1006 1301 1016 1320 ‚
1034 1266 1079 1309 in
1097 1282 1186 1326 quo
1205 1266 1341 1309 Adam
1358 1264 1443 1309 fuit
1460 1273 1559 1308 ante
1581 1278 1732 1323 pecca-

343 1349 433 1384 tum
457 1357 466 1384 :
501 1358 521 1380 «
555 1348 598 1382 et
630 1348 774 1382 tamen
796 1329 862 1380 his
889 1335 1105 1379 damnatis
1132 1350 1221 1379 non
1253 1334 1524 1378 mendaciter
1554 1343 1700 1376 tenere
1719 1367 1731 1387 ,

339 1409 459 1468 quod
494 1409 539 1452 in
563 1410 652 1467 ejus
668 1416 816 1466 postea
833 1405 1086 1464 conscriptis
1106 1403 1325 1464 opusculis
1342 1403 1582 1457 invenitur,
1598 1421 1617 1443 «
1643 1402 1733 1445 sine

340 1478 432 1523 ullo
455 1478 572 1522 malo
588 1512 598 1532 ,
620 1478 710 1521 sine
730 1476 821 1521 ullo
839 1475 945 1519 vitio
968 1474 1170 1534 parvulos
1192 1474 1307 1518 nasci
1321 1508 1331 1528 ,
1353 1483 1396 1517 et
1420 1474 1503 1517 hoc
1525 1472 1665 1516 solum
1686 1471 1733 1514 in

342 1549 403 1592 eis
419 1563 525 1602 esse,
551 1546 671 1607 quod
689 1550 802 1590 Deus
819 1545 1032 1599 condidit,
1061 1563 1080 1586 >2
1106 1559 1195 1589 non
1217 1543 1375 1587 vulnus
1394 1542 1515 1603 quod
1535 1542 1732 1586 inimicus

342 1618 504 1662 inflixit
527 1619 545 1661 Ρ

400 1690 543 1731 XVII.
578 1685 804 1745 Numquid
821 1686 915 1729 haec
934 1683 1123 1728 dicendo
1139 1718 1150 1738 ,
1170 1683 1302 1728 verba
1321 1691 1500 1741 propter
1521 1680 1643 1725 aliud
1658 1681 1734 1725 ob·

340 1759 455 1816 jecta
476 1757 598 1800 aliter
618 1755 893 1815 exponendo,
912 1754 957 1797 id
980 1755 1084 1813 agit,
1104 1763 1154 1797 ut
1176 1768 1220 1796 se
1235 1752 1402 1812 judices
1420 1767 1510 1796 non
1532 1750 1735 1795 fefellisse

344 1828 651 1871 demonstret?
684 1829 862 1870 Prorsus
893 1839 983 1868 non
1007 1823 1053 1867 id
1084 1823 1218 1867 efficit
1242 1841 1251 1867 :
1279 1831 1403 1866 tanto
1433 1822 1549 1865 enim
1579 1819 1736 1864 fefellit

344 1895 574 1950 occultius,
597 1903 764 1956 quanto
793 1893 970 1953 exponit
998 1894 1077 1937 ista
1098 1892 1328 1937 versutius.
1347 1890 1550 1951 Episcopi
1571 1890 1735 1950 quippe

346 1966 543 2011 catholici
573 1964 753 2025 quando
783 1964 1023 2008 audiebant
1051 1964 1274 2008 hominem
1298 1961 1734 2007 anathematizantem

347 2050 419 2079 eos
437 2036 514 2095 qui
536 2035 689 2079 dicunt
709 2068 720 2089 ,
760 2053 780 2075 «
806 2032 914 2078 Adae
936 2041 1163 2092 peccatum
1186 2033 1267 2092 ipsi
1294 2032 1376 2077 soli
1406 2030 1620 2086 obfuisse,
1646 2044 1735 2074 non

349 2105 495 2164 generi
518 2106 710 2149 humano
729 2138 740 2160 ,
767 2122 788 2144 »
814 2103 924 2147 nihil
947 2102 1067 2146 aliud
1096 2118 1194 2146 eum
1224 2118 1373 2161 sapere
1401 2102 1704 2147 existimabant
1721 2135 1732 2156 ‚

348 2190 481 2235 quam
518 2174 562 2219 id
594 2173 715 2234 quod
743 2172 955 2218 catholica
989 2171 1181 2216 Ecclesia
1216 2171 1450 2231 praedicare
1474 2171 1732 2217 consuevit:

349 2243 467 2288 unde
488 2243 698 2289 veraciter
722 2241 926 2302 parvulos
948 2242 994 2285 in
1014 2250 1291 2300 peccatorum
1316 2241 1607 2286 remissionem
1625 2241 1730 2299 bap-

350 2315 469 2369 tizat,
489 2330 578 2359 non
597 2328 697 2374 quae
719 2313 930 2357 imitando
944 2311 1166 2366 fecerunt,
1184 2320 1362 2370 propter
1382 2312 1510 2370 primi
1533 2319 1735 2370 peccato-

350 2384 405 2428 ris
438 2383 686 2443 exemplum
725 2403 736 2440 3
765 2382 841 2427 sed
874 2396 974 2441 quae
1008 2380 1226 2425 nascendo
1261 2389 1512 2435 traxerunt,
1557 2389 1733 2440 propter

349 2453 528 2506 originis
556 2453 726 2496 vitium.
763 2454 820 2495 Et
841 2449 1018 2509 quando
1041 2450 1276 2494 audiebant
1298 2450 1734 2494 anathematizantem

349 2532 421 2562 eos
444 2519 519 2577 qui
545 2520 722 2562 dicunt:
747 2538 766 2559 «
794 2518 986 2563 Infantes
1002 2519 1078 2577 qui
1093 2528 1347 2574 nascuntur,
1367 2519 1412 2563 in
1425 2534 1475 2563 eo
1488 2528 1603 2564 statu
1619 2533 1731 2574 esse,
