1784 3205
303 239 385 279 448
732 252 765 277 s.
801 246 1031 277 Aucus‘nm
1063 247 1245 278 EPISCOPI

301 314 508 359 attentius
532 314 792 373 cogitarem·⁷
817 313 936 372 prius
956 328 1106 357 eorum
1129 313 1260 357 verba
1281 328 1380 372 quae
1401 326 1679 372 consequun-

300 394 371 428 tur
397 385 576 443 inspexi.
604 384 672 429 Sic
694 385 808 428 enirn
843 384 925 428 hoc
962 383 1087 428 nobis
1114 383 1408 442 objiciendum
1433 392 1644 442 putarunt
1670 403 1677 428 :

304 475 324 497 «
351 456 440 500 Sub
464 456 666 510 nomine,
697 455 925 515 inquiunt,
955 455 1101 513 gratiae
1125 455 1183 498 ita
1212 454 1351 499 fatum
1375 457 1598 514 asserunt,
1633 462 1684 497 ut

300 528 468 582 dicant,
494 527 593 586 quia
614 527 696 570 nisi
719 530 831 570 Deus
853 527 989 571 invito
1011 535 1054 570 et
1076 525 1306 570 reluctanti
1323 527 1491 570 homini
1505 526 1685 584 inspira-

300 600 410 642 verit
431 599 535 642 boni
553 632 563 652 ,
589 606 631 641 et
654 598 788 656 ipsius
810 597 1076 657 imperfecti,
1102 597 1402 656 cupiditatem,
1428 612 1507 641 nec
1530 612 1553 640 a
1570 595 1684 640 malo

300 668 517 711 declinare
535 702 546 721 ,
567 682 647 711 nec
663 667 829 712 bonum
848 668 982 727 possit
999 669 1201 726 arripere.
1227 686 1246 708 »
1276 667 1438 711 Deinde
1463 666 1685 726 aliquanto

300 747 414 797 post,
439 738 517 781 ubi
535 738 614 796 ipsi
631 754 731 798 quae
747 737 1002 793 defendant,
1021 746 1363 782 commemorant
1381 772 1391 791 ,
1413 735 1519 796 quid
1537 735 1685 780 dehac

299 824 344 852 re
368 809 422 852 ab
441 808 500 851 eis
514 807 746 862 diceretur,
772 808 954 852 attendi.
984 827 1004 850 «
1030 808 1268 866 Baptisma,
1289 807 1517 866 inquiunt,
1542 807 1685 851 omni-

300 878 380 922 bus
403 878 691 922 necessarium
713 893 802 923 esse
824 879 1025 922 aetatibus
1047 879 1308 922 confitemur
1333 896 1342 922 ε
1369 878 1551 936 gratiam
1574 892 1687 936 quo-

299 966 384 1009 que
401 949 605 1009 adjuvare
635 949 978 1010 uniuscujusque
1002 950 1169 994 bonum
1198 950 1489 1009 propositum,
1515 963 1604 993 non
1624 957 1688 992 ta-

300 1035 400 1063 men
423 1019 653 1064 reluctanti
669 1021 863 1065 studium
886 1021 1057 1065 virtutis
1073 1020 1307 1064 immittere
1323 1055 1334 1073 ‚
1360 1020 1462 1080 quia
1485 1034 1690 1078 persona-

300 1104 397 1132 rum
422 1090 614 1147 acceptio
632 1105 721 1134 non
744 1100 808 1133 est
830 1089 946 1149 apud
971 1092 1150 1133 Deum¹.
1173 1109 1192 1130 »
1214 1093 1277 1133 Ex
1296 1090 1362 1133 his
1381 1104 1532 1133 eorum
1548 1087 1690 1133 verbis

300 1157 515 1212 intellexi,
537 1159 593 1202 ol)
617 1160 699 1203 hoc
728 1159 822 1203 illos
851 1160 920 1203 vel
950 1168 1103 1218 putare
1132 1159 1200 1203 vel
1224 1160 1369 1218 putari
1398 1158 1525 1214 velle,
1550 1158 1690 1202 samm

301 1244 379 1273 nos
397 1243 583 1273 asserere
604 1229 685 1272 suh
708 1229 883 1273 nomine
906 1230 1074 1287 gratiae,
1101 1230 1201 1288 quia
1224 1231 1402 1287 gratiam
1419 1230 1495 1272 Dei
1515 1245 1604 1273 non
1620 1244 1690 1273 se-

301 1300 496 1345 cundum
523 1302 673 1345 merita
695 1309 839 1345 nostra
863 1300 1048 1344 dicimus
1075 1299 1184 1354 dari,
1209 1300 1284 1343 sed
1301 1299 1542 1344 secundum
1561 1299 1691 1358 ipsius

305 1371 743 1416 misericordissimam
779 1372 1075 1424 voluntatem,
1107 1370 1184 1430 qui
1212 1369 1339 1425 dixit,
1371 1389 1390 1413 α
1426 1370 1688 1424 Miserebor,

304 1459 325 1482 »
351 1443 421 1485 cui
446 1442 643 1487 misertus
666 1458 756 1497 ero,
776 1451 820 1486 et
842 1441 1180 1486 misericordiam
1204 1442 1417 1499 praestabo
1432 1442 1502 1484 cui
1526 1440 1693 1484 miseri-

305 1530 326 1552 »
352 1527 446 1556 cors
468 1511 633 1556 fuero2'.
659 1531 678 1554 »
703 1513 784 1557 Ubi
802 1521 1119 1572 consequenter
1136 1511 1393 1571 adjunctum
1411 1520 1489 1566 est,
1513 1531 1529 1551 «
1554 1511 1692 1570 Igitur

307 1599 327 1622 »
352 1597 440 1625 non
460 1581 643 1626 volentis
658 1617 668 1636 ,
689 1597 831 1641 neque
850 1582 1076 1635 currentis,
1095 1581 1169 1625 sed
1191 1582 1429 1625 miserentis
1448 1590 1511 1626 est
1533 1580 1652 1625 Dei3.
1670 1599 1687 1623 ν»

306 1655 449 1695 Posset
472 1653 599 1695 etiam
620 1652 720 1695 hinc
735 1652 946 1711 quispiam
965 1651 1161 1695 similiter
1176 1651 1334 1695 stultus
1346 1652 1422 1695 fati
1440 1660 1691 1696 assertorem

304 1722 562 1780 Apostolum
581 1732 734 1781 putare
753 1722 977 1780 vel‘dicere
990 1723 1022 1765 4.
1040 1724 1203 1765 Verum
1225 1722 1295 1766 hic
1313 1736 1357 1766 se
1378 1721 1446 1765 isti
1469 1722 1569 1766 satis
1587 1737 1691 1781 ape-

305 1793 436 1836 riunt.
458 1794 570 1838 Cum
595 1793 709 1836 enim
735 1801 962 1851 propterea
984 1791 1111 1836 nobis
1129 1791 1478 1847 calumniantur,
1500 1791 1693 1836 dicentes

305 1879 382 1907 nos
409 1863 548 1907 fatum
572 1863 721 1922 gratiae
747 1863 923 1907 nomine
952 1877 1136 1907 asserere
1154 1897 1164 1917 ,
1197 1863 1299 1922 quia
1332 1878 1421 1907 non
1451 1861 1692 1907 secundum

307 1934 457 1977 merita
496 1943 641 1978 nostra
672 1933 764 1977 dari
798 1933 982 1978 dicimus
1015 1934 1092 1978 Dei
1127 1933 1333 1992 gratiam3
1376 1934 1526 1992 procul
1556 1932 1692 1978 dubio

307 2005 572 2048 confitentur
588 2039 598 2059 ,
620 2006 740 2064 quod
763 2004 842 2063 ipsi
871 2020 963 2049 eam
987 2004 1229 2048 secundum
1252 2014 1397 2049 nostra
1423 2004 1573 2050 merita
1599 2004 1692 2049 dari

307 2073 460 2117 dicunt
482 2093 490 2117 :
516 2075 574 2117 ita
599 2075 768 2118 caecitas
799 2090 949 2118 eorum
985 2074 1203 2120 occultare
1234 2090 1282 2119 ac
1308 2075 1577 2119 dissimulare
1602 2090 1691 2119 non

306 2143 467 2201 potuit,
495 2144 576 2187 hoc
605 2158 649 2187 se
676 2158 823 2201 sapere
843 2153 973 2202 atque
1005 2146 1185 2198 sentire,
1212 2144 1331 2204 quod
1357 2146 1438 2189 sibi
1469 2145 1689 2205 objectum

308 2212 503 2271 Pelagius
537 2214 580 2256 in
604 2214 834 2272 episcopali
863 2215 1028 2273 judicio
1059 2214 1288 2259 Palaestino
1317 2215 1503 2260 subdolo
1538 2217 1690 2260 timore

307 2285 543 2328 damnavit.
570 2286 801 2344 Objectum
827 2286 988 2344 quippe
1010 2285 1070 2329 illi
1095 2295 1157 2329 est
1181 2301 1231 2329 ex
1249 2286 1388 2330 verbis
1410 2287 1587 2346 quidem
1604 2286 1691 2331 dis-

307 2354 440 2411 cipuli
457 2354 523 2397 sui
545 2353 753 2409 Coelestii,
777 2356 896 2414 quod
919 2355 1048 2399 etiam
1064 2356 1152 2414 ipse
1174 2355 1352 2412 diceret,
1375 2377 1394 2399 «
1416 2358 1593 2416 gratiam
1614 2358 1689 2400 Dei

306 2423 547 2467 secundum
584 2424 734 2468 merita
763 2434 909 2469 nostra
931 2425 1038 2469 dari.
1066 2444 1084 2467 »
1107 2426 1234 2479 Quod
1257 2426 1328 2470 ille
1350 2426 1588 2483 detestans,
1621 2427 1686 2471 vel

307 2494 429 2553 quasi
449 2494 664 2539 detestans
680 2530 690 2549 ,
719 2511 792 2540 ore
823 2497 1033 2542 duntaxat
1055 2498 1415 2543 anathematizare
1437 2514 1527 2544 non
1545 2498 1687 2544 distu-

357 2586 363 2601 ¹
387 2579 502 2612 coloss.
527 2590 582 2622 m,
618 2580 670 2614 25.
688 2597 727 2605 -
745 2587 756 2604 ²
776 2582 875 2615 Exod.
897 2584 1008 2624 xxxiii,
1032 2593 1082 2624 ¹9·
1099 2600 1138 2608 -—
1155 2580 1169 2607 3
1189 2585 1280 2618 Rom.
1300 2594 1346 2625 rx,
1379 2584 1428 2617 15.
1444 2600 1484 2608 —
1499 2582 1610 2617 lolbid.
1634 2583 1685 2616 16.
