1804 3205
330 236 383 263 nr.
416 234 553 265 ΑΜΜΑ
588 238 640 266 ΕΤ
672 238 768 266 mus
800 239 994 279 omniun,
1030 241 1114 268 Lm.
1151 243 1197 269 ιι.
1374 235 1454 274 321

68 299 151 344 hoc
172 297 376 355 didicisti,
401 300 457 345 de
478 318 659 362 corpore
677 304 815 348 existi.
839 306 1006 351 Exisses
1023 307 1139 362 enim
1162 322 1342 366 magnus
1373 311 1463 355 hae-

66 370 240 424 reticus‚
273 378 316 414 et
340 369 665 431 blasphemator
701 374 960 420 horrendus.
992 375 1124 422 Nullo
1156 377 1289 422 modo
1317 388 1463 425 tamen

66 441 197 485 etiam
220 438 264 484 id
284 440 339 485 de
362 450 405 486 te
430 444 780 501 existimaverim,
806 446 927 506 quod
950 447 1081 492 homo
1101 449 1357 504 catholicus,
1383 467 1463 495 nc·

67 526 154 571 que
179 514 521 572 contemptibilis
544 516 785 574 presbyter,
812 519 970 562 animae
994 528 1195 564 naturam
1219 521 1464 580 portionem

68 582 146 626 Dei
166 583 379 627 sentiebas
402 599 505 629 esse.
537 587 662 630 Unde
689 587 832 632 fateor
859 588 1083 634 dilectioni
1105 599 1214 646 tuae,
1249 592 1384 636 timeo
1410 608 1465 636 ne

66 649 179 697 forte
195 653 279 697 hoc
301 662 342 698 te
366 655 444 699 iste
467 655 688 712 docuerit,
720 657 841 718 quod
870 660 1016 718 potius
1044 660 1098 705 sit
1125 662 1393 706 contrarium
1427 663 1467 707 ei

66 723 169 769 fidei
187 739 317 785 quam
338 727 530 772 tenebas.

126 797 178 839 V.
217 796 338 841 Sicut
371 798 485 842 enim
517 814 606 843 non
638 800 826 845 arbitror
854 811 896 846 te
926 817 1119 862 unquam
1155 803 1200 846 in
1241 802 1466 848 Catholica

64 864 252 910 animam
267 866 500 912 credidisse
517 870 592 912 Dei
604 884 693 914 esse
703 872 965 929 portionem,
981 872 1047 917 vel
1064 873 1296 918 ullomodo
1309 875 1466 918 animae

64 945 108 980 et
131 936 207 981 Dei
225 938 424 982 eamdem
445 954 534 984 esse
559 950 760 985 naturam
782 943 866 986 :ita
890 953 1039 987 metuo
1065 959 1120 986 ne
1142 944 1256 988 forte
1278 960 1465 988 consen-

64 1007 166 1051 seris
188 1008 291 1052 huic
309 1010 490 1065 homini,
515 1029 534 1052 «
561 1011 683 1071 quod
707 1012 893 1055 animam
916 1016 1029 1056 Deus
1052 1028 1141 1056 non
1164 1013 1219 1056 de
1240 1014 1377 1058 nihilo
1396 1013 1464 1058 fe-

63 1079 188 1134 cerit,
208 1079 283 1124 sed
302 1080 360 1124 ita
380 1096 429 1124 ex
449 1081 541 1140 ipso
563 1082 617 1126 sit
639 1091 689 1126 ut
711 1082 765 1126 ab
784 1084 877 1142 ipso
899 1084 1178 1128 emanaverit.
1203 1104 1220 1124 »
1239 1088 1333 1130 Hoc
1348 1086 1466 1130 enim

62 1149 192 1193 etiam
206 1150 388 1195 verbum
404 1153 482 1196 iste
494 1152 640 1211 posuit
656 1153 769 1197 inter
784 1164 955 1208 caetera,
975 1154 1137 1213 quibus
1158 1156 1203 1198 in
1216 1155 1298 1199 hac
1317 1171 1463 1214 quaes-

62 1220 182 1265 tione
203 1222 258 1265 ad
275 1222 465 1266 immane
488 1223 776 1282 praecipitium
799 1225 1074 1269 exorbitavit.
1100 1228 1157 1269 At
1185 1241 1288 1270 vero
1314 1227 1398 1271 hoc
1429 1228 1464 1272 si

60 1300 104 1335 te
131 1291 297 1347 docuit,
322 1292 425 1337 nolo
457 1308 528 1337 me
550 1294 705 1338 doceas
731 1313 739 1339 :
765 1295 853 1339 imo
870 1296 999 1339 etiam
1021 1296 1138 1350 volo,
1173 1305 1221 1340 ut
1250 1297 1370 1356 quod
1392 1297 1462 1341 di-

60 1360 248 1419 diceras,
279 1363 369 1422 ipse
381 1362 590 1409 dediscas.
613 1367 770 1408 Parum
788 1374 851 1409 est
873 1366 989 1409 enim
1007 1381 1097 1410 non
1118 1367 1295 1411 credere
1317 1383 1461 1427 neque

60 1431 220 1487 dicere,
250 1433 372 1492 quod
406 1449 502 1493 pars
529 1435 605 1478 Dei
638 1435 692 1479 sit
713 1435 871 1479 anima.
903 1438 1055 1495 Neque
1079 1436 1197 1480 enim
1225 1446 1268 1481 et
1298 1437 1461 1482 Filium

59 1502 130 1546 vel
145 1502 353 1562 Spiritum
373 1513 572 1548 sanctum
596 1513 764 1564 partem
795 1505 873 1549 Dei
898 1520 987 1550 esse
1011 1505 1198 1551 dicimus
1218 1525 1226 1551 ε
1248 1517 1292 1551 et
1312 1516 1460 1551 tamen

59 1574 242 1618 dicimus
263 1578 436 1619 Patrem
453 1584 496 1619 et
518 1574 680 1620 Filium
695 1585 738 1620 et
755 1577 964 1635 Spiritum
986 1586 1185 1621 sanctum
1199 1579 1328 1622 unius
1345 1579 1459 1638 ejus-

58 1642 250 1704 demque
266 1659 356 1690 esse
370 1654 553 1690 naturae.
580 1649 740 1690 Parum
759 1655 822 1690 est
840 1661 944 1706 ergo
966 1656 1019 1691 ut
1041 1663 1131 1693 non
1149 1647 1345 1692 dicamus
1367 1650 1460 1692 ani-

58 1729 174 1759 mam
197 1730 287 1760 esse
308 1725 477 1775 partem
496 1716 574 1760 Dei
596 1735 604 1761 z
625 1717 698 1760 sed
718 1717 801 1761 hoc
821 1718 948 1761 etiam
967 1732 1076 1776 opus
1099 1726 1163 1760 est
1180 1726 1230 1761 ut
1243 1717 1456 1772 dicamus,

59 1800 150 1829 non
173 1800 268 1830 eam
293 1795 336 1829 et
374 1789 514 1829 Deum
537 1786 665 1829 unius
687 1785 971 1846 ejusdemque
1000 1802 1091 1831 esse
1120 1796 1303 1831 naturae.
1331 1787 1457 1832 Unde

58 1854 133 1899 ille
146 1864 263 1899 recte
279 1854 458 1914 quidem
474 1855 548 1909 ait,
573 1874 589 1894 «
609 1869 743 1913 genus
758 1856 834 1899 Dei
849 1871 939 1900 esse
957 1856 1137 1910 animas,
1153 1871 1351 1910 munere,
1368 1872 1456 1900 non

58 1934 232 1979 natura,
255 1942 275 1965 »
297 1940 346 1968 ac
360 1940 438 1983 per
451 1925 536 1968 hoc
551 1939 640 1968 non
655 1925 868 1980 omnium,
887 1924 963 1969 sed
980 1925 1177 1969 fidelium
1196 1926 1294 1970 :sed
1310 1941 1457 1970 rursus

60 1995 115 2040 ad
129 1995 175 2039 id
190 1994 311 2055 quod
328 1994 619 2039 declinaverat
632 1994 865 2039 devolutus
882 2004 960 2049 est,
977 2004 1020 2039 et
1040 1997 1180 2039 Deum
1201 2005 1332 2056 atque
1362 1999 1457 2040 ani-

58 2080 176 2110 mam
196 2065 390 2124 ejusdem
423 2063 532 2108 dixit
557 2079 645 2109 esse
671 2074 863 2123 naturae3
887 2080 977 2109 non
999 2064 1176 2125 quidem
1195 2067 1260 2110 his
1281 2067 1426 2111 verbis
1441 2101 1452 2121 ‚

59 2135 136 2179 sed
159 2147 308 2194 aperta
328 2133 646 2194 manifestaque
669 2135 898 2179 sententia.
925 2137 1036 2180 Cum
1052 2135 1167 2179 enim
1189 2136 1376 2180 animam
1396 2137 1455 2180 ita

61 2220 151 2251 esse
168 2205 275 2250 dicit
292 2219 342 2248 ex
363 2207 469 2260 Deo,
486 2213 537 2248 ut
551 2219 646 2248 eam
663 2220 743 2250 nec
766 2220 817 2248 ex
839 2204 922 2249 alia
938 2214 1111 2259 natura,
1133 2220 1214 2250 nec
1233 2222 1284 2249 ex
1299 2206 1454 2261 nihilo,

60 2275 137 2321 sed
151 2291 203 2320 ex
224 2275 454 2334 semetipso
475 2275 708 2332 creaverit,
733 2274 842 2334 quid
867 2276 1126 2334 persuadere
1147 2286 1347 2330 conatur,
1376 2275 1459 2320 nisi

62 2345 108 2390 id
130 2345 251 2406 quod
273 2343 364 2389 aliis
386 2345 528 2389 verbis
550 2355 702 2403 negat,
724 2345 913 2388 animam
935 2345 1098 2389 scilicet
1117 2345 1312 2404 ejusdem
1335 2347 1459 2406 cujus

62 2419 178 2461 Deus
195 2424 276 2470 est,
299 2429 389 2458 esse
406 2418 605 2459 naturae?
622 2415 774 2458 Omnis
794 2415 957 2474 quippe
981 2424 1135 2460 natura
1155 2415 1225 2460 vel
1245 2420 1360 2460 Deus
1378 2425 1457 2472 est,

64 2488 142 2547 qui
162 2485 334 2530 nullum
360 2485 493 2529 habet
516 2494 760 2541 auctorem,
785 2483 854 2529 vel
876 2500 927 2528 ex
957 2487 1045 2529 Deo
1073 2495 1156 2540 est,
1182 2487 1283 2545 quia
1318 2487 1458 2544 ipsum

66 2558 201 2602 habet
213 2565 452 2602 auctorem.
471 2555 553 2601 Sed
565 2571 662 2616 quae
678 2556 810 2600 habet
824 2564 1046 2600 auctorem
1060 2559 1199 2600 Deum
1215 2572 1267 2599 ex
1278 2571 1366 2615 quo
1379 2566 1437 2599 est
1447 2590 1457 2610 ‚

260 2638 374 2668 exn.
1195 2629 1243 2667 21
