1804 3205
415 245 492 269 Ltss.
531 245 573 270 ΙΙ.
615 244 664 269 ΠΕ
702 245 876 270 Ι·Ι·]Ε(“,ΛἸ“Ο
909 243 1147 270 ΟΙΗῦΙΝΑΙΛ.
1403 237 1477 274 173

91 326 109 346 u
137 321 230 350 rum
249 341 259 360 ‚
294 306 415 366 quod
442 323 586 367 neque
610 317 750 366 patres
781 309 938 363 nostri,
977 324 1119 368 neque
1151 324 1228 353 nos
1259 313 1479 368 potuimus

89 395 108 416 »
137 385 328 435 portare,
362 375 435 420 sed
469 393 543 436 per
577 379 757 436 gratiam
792 378 963 423 Domini
993 382 1095 423 Jcsu
1124 380 1342 424 credimus
1374 382 1479 425 salvi

91 466 108 487 n
136 448 243 501 fieri,
263 448 635 508 quemadmodum
655 458 697 493 et
723 449 782 492 ἰΙΙί
803 465 810 490 :
832 450 910 494 nisi
930 451 1030 509 quia
1053 459 1094 494 et
1112 450 1172 494 illi
1203 466 1277 509 per
1300 453 1478 510 gratiam

90 519 306 562 »Domini
341 521 441 562 Jesu
476 520 634 564 Christi
677 519 780 563 salvi
820 520 921 564 faeti
953 530 1079 575 sunt,
1114 536 1200 565 non
1235 536 1310 581 per
1339 521 1478 580 legem

89 606 108 628 n
137 588 301 645 Moysi,
334 604 410 647 pei·
439 605 570 649 quam
605 605 693 634 non
724 590 889 633 sanatio
907 625 916 643 ‚
943 592 1017 634 sed
1051 591 1242 649 cognitio
1269 600 1332 635 est
1370 591 1479 635 facta

90 678 108 699 υ
138 660 354 717 peceati1'?
377 662 501 704 Nunc
531 670 674 704 autem
699 661 789 704 sine
804 659 1073 720 legejustitia
1101 661 1174 704 Dei
1200 660 1475 706 manifestata

90 748 109 769 »
136 739 220 783 est,
248 730 470 774 testificata
496 746 570 790 per
592 730 730 789 legem
757 740 798 774 et
821 731 1093 790 prophotas·2.
1119 751 1138 772 η
1168 732 1209 776 Si
1228 747 1331 790 ergo
1355 748 1472 776 nunc

88 800 358 845 manifestata
379 810 457 855 est,
480 802 607 846 etiam
629 811 733 845 tune
749 811 856 855 erat,
875 803 948 845 sed
967 802 1154 846 occulta.
1177 804 1311 862 Cujus
1332 802 1480 848 occul-

89 871 291 915 tationem
314 872 583 931 significabat
608 871 756 931 templi
780 872 948 925 velum,
975 873 1094 932 quod
1118 882 1181 917 est
1201 874 1254 916 ad
1276 875 1366 932 ejus
1391 875 1478 931 sig-

86 942 347 986 nificandam
373 942 679 987 revelationem
704 943 877 986 Christo
913 944 1125 986 moriente
1162 945 1423 987 conscissum
1441 948 1472 985 ⁴.

88 1014 141 1055 Et
164 1020 269 1056 tunc
292 1027 393 1070 ergo
411 1013 487 1056 ista
508 1012 642 1070 gratia
661 1012 790 1056 unius
809 1012 1056 1056 mediatoris
1082 1013 1155 1056 Dei
1178 1022 1220 1057 et
1243 1014 1472 1057 hominum

86 1082 271 1126 hominis
294 1083 452 1126 Christi
490 1084 590 1126 ²lesu
622 1090 739 1135 erat,
766 1083 809 1126 in
849 1082 1013 1141 populo
1036 1083 1111 1126 Dei
1134 1102 1141 1126 ε
1164 1082 1238 1126 sed
1269 1092 1477 1143 tanquam

86 1153 129 1196 in
156 1152 314 1198 vellere
348 1154 541 1213 pluvia⁴‚
567 1170 698 1213 quam
730 1169 818 1198 non
841 1153 1032 1197 debitam
1050 1188 1061 1209 ,
1082 1153 1157 1197 sed
1185 1153 1476 1197 voluntariam

86 1233 283 1283 segregat
306 1228 419 1268 Deus
443 1224 684 1268 haereditati
707 1239 813 1279 suae,
840 1225 979 1268 inerat
1001 1225 1162 1279 latens,
1190 1240 1308 1268 nunc
1333 1233 1477 1268 autem

84 1295 204 1339 velut
224 1296 382 1340 siccato
399 1296 474 1340 illo
492 1295 666 1349 vellere,
695 1296 777 1339 hoc
797 1304 886 1349 est,
919 1294 1104 1339 Juda'i'co
1136 1294 1300 1353 populo
1325 1310 1475 1354 repro-

86 1365 210 1419 bato,
237 1366 280 1409 in
304 1366 506 1410 omnibus
529 1365 732 1424 gentibus
756 1375 962 1425 tanquam
994 1366 1035 1408 in
1062 1380 1157 1409 area
1188 1365 1378 1409 cernitur
1396 1380 1473 1424 pa-

91 1444 198 1481 tens.

142 1509 284 1550 XXX.
303 1509 399 1550 Non
423 1507 577 1565 igitur,
598 1507 708 1550 sicut
724 1506 922 1564 Pelagius
941 1514 985 1549 et
1005 1507 1095 1565 ejus
1120 1503 1344 1564 discipuli,
1366 1513 1477 1549 tem-

86 1593 190 1637 pora
206 1576 468 1632 dividamus,
494 1577 687 1621 dicentes
706 1612 716 1631 ‚
747 1595 764 1617 «
792 1576 983 1636 primum
1007 1576 1311 1636 vixissejustos
1333 1576 1478 1620 homi-

85 1663 160 1691 nes
182 1664 232 1691 ex
255 1655 408 1691 natura
426 1683 436 1701 ,
461 1647 620 1691 deinde
652 1647 734 1691 sub
764 1645 860 1705 lege
877 1681 887 1700 ,
916 1647 1044 1690 tertio
1079 1646 1161 1690 sub
1199 1646 1348 1704 gratia.
1374 1665 1393 1686 »
1417 1649 1479 1690 Ex

85 1726 263 1772 natura,
289 1717 453 1762 scilicet
478 1718 534 1761 ab
558 1718 698 1761 Adam
722 1726 810 1761 tam
835 1716 964 1775 longa
987 1725 1115 1760 aetate
1131 1751 1141 1771 ,
1167 1732 1253 1776 qua
1275 1716 1345 1760 lex
1368 1732 1479 1760 non-

85 1787 190 1831 dum
207 1797 297 1832 erat
315 1788 430 1832 data.
459 1806 478 1829 «
507 1790 628 1831 Tunc
651 1787 766 1830 enim
784 1822 793 1840 ,
819 1787 959 1840 aiunt,
987 1787 1099 1830 duce
1117 1787 1283 1830 ratione
1300 1801 1481 1844 cognos-

87 1858 267 1902 cebatur
285 1859 479 1910 Creator,
501 1866 544 1900 et
559 1856 931 1917 quemadmodum
950 1865 1059 1899 esset
1077 1855 1331 1908 vivendum,
1349 1856 1480 1914 scrip-

86 1938 180 1972 tum
198 1927 428 1987 gerebatur
450 1928 496 1970 in
513 1926 739 1979 cordibus,
767 1941 856 1970 non
879 1924 973 1983 lege
995 1925 1171 1979 litterae,
1198 1924 1272 1969 sed
1293 1934 1476 1969 naturae.

89 2001 251 2042 Verum
279 1997 438 2041 vitiatis
468 1996 686 2049 moribus,
713 1994 942 2054 inquiunt,
976 1996 1051 2039 ubi
1085 1995 1222 2054 coepit
1243 2010 1330 2039 non
1355 1995 1479 2038 suffi-

89 2084 185 2114 cere
218 2077 372 2112 natura
398 2069 485 2127 jam
515 2066 706 2117 decolor,
745 2065 809 2109 lex
847 2066 882 2108 ei
922 2066 1068 2109 addita
1098 2075 1184 2120 est,
1221 2081 1330 2125 qua,
1356 2065 1479 2108 velut

89 2139 219 2193 luna,
254 2137 411 2196 fulgori
448 2137 628 2197 pristino
668 2135 824 2179 detrita
859 2136 1056 2193 rubigine
1090 2135 1358 2179 redderetur.
1395 2135 1480 2180 Sed

87 2218 371 2269 posteaquam
396 2208 551 2261 nimia,
577 2208 689 2251 sicut
706 2205 952 2264 disputant,
975 2205 1183 2264 peccandi
1205 2204 1479 2249 consuetudo

91 2278 334 2338 praevaluit,
360 2278 430 2321 cui
455 2277 659 2322 sanandae
688 2276 755 2319 lex
783 2290 935 2334 parum
961 2275 1145 2329 valeret,
1171 2275 1366 2319 Christus
1390 2273 1470 2318 ad-

92 2350 227 2402 venit,
245 2357 287 2392 et
302 2357 507 2408 tanquam
529 2348 685 2391 morbo
703 2346 1062 2404 desperatissimo,
1088 2360 1174 2389 non
1193 2360 1271 2404 per
1288 2344 1472 2403 discipu-

92 2418 157 2462 los
175 2453 185 2472 ,
211 2417 284 2462 sed
307 2433 383 2477 per
403 2434 447 2462 se
468 2419 609 2477 ipsum
629 2414 822 2459 medicus
842 2415 932 2473 ipse
947 2415 1164 2459 subvenit.
1192 2434 1211 2456 »

143 2527 150 2541 ¹
182 2523 255 2553 Act.
275 2531 329 2560 xv,
355 2531 403 2552 ιο.
425 2537 466 2543 --
485 2528 495 2542 ²
516 2522 606 2553 Rom.
628 2530 682 2559 ιιι,
703 2526 755 2550 20.
777 2534 817 2540 --
834 2514 848 2539 3
870 2517 990 2549 Mattli.
1012 2528 1113 2556 xxvii,
1134 2517 1186 2550 51.
1208 2533 1247 2540 -
1265 2515 1281 2546 4
1301 2517 1403 2549 Judic.
1435 2526 1481 2555 vi,

96 2574 149 2608 38.
164 2591 203 2598 —
219 2573 233 2598 5
251 2575 330 2607 Psal.
352 2586 445 2616 nvn,
470 2586 517 2608 10.
