1804 3205
312 255 364 282 οε
400 253 535 283 mun
569 256 620 283 ετ
654 256 748 284 Ests
781 254 974 295 omanus,
1009 257 1091 284 Lus.
1132 259 1188 284 iv.
1366 251 1449 289 :369

69 319 125 365 ab
153 334 202 364 ea
223 329 424 365 movetur
446 330 496 366 ut
517 322 561 366 id
583 332 702 380 agat3
733 338 787 367 an
811 321 866 367 ad
889 322 1017 383 hujus
1039 324 1166 378 aeris,
1197 329 1320 384 cujus
1344 328 1451 370 reci-

68 399 249 451 procatu
270 389 314 436 id
339 407 465 452 agere
487 392 757 450 declaratur,
777 409 831 438 an
855 393 998 454 potius
1018 394 1074 438 ad
1096 395 1242 439 omnia
1265 397 1370 451 tria,
1396 397 1453 442 ad

70 464 258 508 animam
285 462 447 510 scilicet
468 481 567 526 quae
599 481 757 525 corpus
790 474 962 523 movet,
991 476 1035 511 et
1061 466 1116 510 ad
1145 482 1301 527 corpus
1334 467 1455 528 quod

70 544 193 581 motu
214 536 368 581 ssatum
390 537 542 597 recipit
562 547 694 597 atque
712 536 880 593 reddit,
906 547 949 583 et
975 537 1031 584 ad
1048 554 1198 584 auram
1224 540 1349 584 istam
1375 554 1458 583 un—

70 606 204 668 dique
230 607 536 653 circumfusam
563 624 662 669 quae
685 608 889 654 intrando
915 609 1013 666 alit,
1040 610 1201 656 relevat
1229 610 1458 655 exeundo?

74 681 130 724 Et
152 688 298 723 tamen
323 681 405 725 boc
427 679 641 725 litteratus
662 681 794 726 homo
814 690 944 742 atque
966 681 1180 727 facundus
1208 682 1361 743 utique
1380 698 1460 727 ne-

72 750 237 796 sciebas
253 786 265 806 ,
283 750 461 811 quando
481 751 710 808 credebas,
737 761 779 797 et
800 751 994 807 dicebas,
1021 763 1065 798 et
1085 753 1330 809 scribebas,
1356 763 1400 799 et
1418 755 1464 798 in

75 831 297 868 conventu
339 823 632 868 multitudinis
671 833 944 884 congregatae
981 823 1154 884 legebas
1172 860 1182 880 ,
1223 841 1273 869 ex
1310 835 1466 870 natura

75 902 221 939 nostra
249 910 327 939 nos
348 904 491 940 utrem
524 895 676 940 inflare
692 931 702 949 ‚
729 904 773 940 e't
799 896 843 941 in
866 906 1020 940 natura
1048 906 1194 942 nostra
1215 912 1294 942 nos
1323 898 1468 941 minus

76 963 184 1009 nihil
211 964 373 1010 habere
404 986 411 1010 ;
435 981 535 1011 cum
565 967 647 1012 hoc
671 966 789 1011 unde
816 967 1048 1022 faciamus,
1072 967 1278 1011 facillime
1301 983 1465 1027 posseS,

76 1051 167 1081 non
191 1037 359 1082 divinas
387 1045 431 1081 et
452 1037 664 1082 humanas
692 1038 870 1097 paginas
892 1037 1230 1097 perscrutando,
1265 1038 1341 1083 sed
1362 1040 1407 1083 in
1429 1049 1471 1084 te

78 1106 346 1153 advertendo
372 1123 496 1153 nosse
524 1123 625 1152 cum
654 1107 800 1153 velles.
827 1108 1061 1162 Quomodo
1088 1110 1220 1168 igitur
1244 1110 1326 1154 tibi
1352 1125 1472 1154 com—

81 1178 249 1223 mittam
267 1187 317 1222 ut
339 1193 409 1222 me
430 1177 586 1224 doceas
600 1179 655 1224 de
675 1179 843 1239 origine
859 1180 1124 1234 animarum,
1143 1179 1265 1239 quod
1286 1195 1355 1224 me
1375 1196 1472 1225 nes-

78 1250 166 1295 cire
195 1251 430 1305 confiteor,
454 1251 531 1310 qui
553 1249 675 1310 quod
706 1249 791 1295 tuis
823 1251 1002 1295 naribus
1032 1261 1163 1310 atque
1187 1266 1260 1295 ore
1290 1253 1382 1296 sine
1404 1252 1474 1295 in·

82 1321 351 1366 termissione
384 1322 489 1366 facis
509 1357 519 1377 ,
565 1320 683 1366 unde
726 1321 856 1367 facias
895 1323 1162 1382 ignorabas?
1203 1326 1259 1368 Et
1301 1332 1477 1382 praestet

82 1393 320 1447 DominuS‚
359 1402 409 1437 ut
435 1408 459 1437 a
482 1408 551 1437 me
579 1394 872 1438 commonitus
888 1429 899 1448 ,
924 1394 1052 1438 cedas
1074 1395 1220 1453 potius
1247 1409 1380 1455 quam
1405 1409 1475 1438 re-

83 1464 203 1509 sistas
225 1474 313 1509 tam
336 1465 380 1509 in
404 1474 613 1524 promptu
634 1465 786 1525 positae
811 1475 942 1526 atque
964 1466 1242 1525 apertissimae
1271 1466 1442 1510 veritati
1467 1484 1476 1509 ;

85 1551 165 1581 nec
182 1536 238 1580 dc
254 1545 352 1580 utre
380 1535 576 1580 inflando
599 1536 658 1581 sic
681 1537 918 1594 interroges
939 1536 1171 1595 pulmones
1193 1546 1290 1581 tuos
1307 1571 1318 1591 ‚
1346 1544 1396 1580 ut
1409 1550 1480 1580 eos

86 1606 290 1652 adversus
311 1622 381 1651 me
401 1607 562 1651 habere
589 1605 714 1651 malis
736 1607 909 1652 inflatos
930 1642 940 1662 ,
967 1622 1100 1667 quam
1123 1607 1182 1651 eis
1211 1607 1481 1667 acquiescere

86 1685 130 1721 te
155 1677 433 1731 docentibus,
468 1687 512 1722 et
536 1692 791 1737 responsum
822 1676 902 1721 tibi
931 1692 1082 1721 verum
1102 1711 1112 1731 ,
1142 1692 1232 1720 non
1257 1674 1482 1735 loquendo

88 1758 131 1794 et
158 1748 431 1803 altercando,
463 1748 539 1793 sed
572 1749 777 1808 spirando
814 1757 857 1792 et
892 1748 1145 1807 respirando
1177 1746 1477 1791 reddentibus.

89 1820 278 1864 Proinde
298 1819 590 1878 ignorantiam
621 1832 761 1862 meam
791 1817 846 1862 de
868 1818 1031 1876 origine
1053 1818 1296 1862 animarum
1319 1826 1362 1860 te
1383 1831 1482 1860 cor-

90 1892 320 1949 ripientem
349 1900 480 1949 atque
509 1889 814 1949 objurgantem
842 1905 930 1934 non
965 1889 1145 1934 moleste
1178 1888 1358 1943 ferrem,
1398 1890 1486 1933 imo

91 1963 271 2023 insuper
287 1970 330 2006 et
347 1962 504 2020 gratias
525 1975 704 2020 magnas
721 1975 888 2019 agerem
900 1996 910 2016 ,
934 1961 968 2005 si
985 1975 1079 2005 eam
1095 1961 1218 2014 mihi,
1236 1976 1326 2005 non
1344 1960 1487 2004 solum

94 2033 215 2078 duris
230 2042 481 2093 percuteres
500 2031 720 2085 conviciis,
741 2032 815 2075 sed
829 2031 939 2075 veris
957 2032 1088 2075 etiam
1103 2039 1324 2076 excuteres
1341 2029 1482 2075 dictis.

98 2105 141 2151 Si
155 2105 269 2149 enim
288 2120 360 2148 me
371 2118 514 2163 posses
531 2103 688 2148 docere
701 2101 822 2162 quod
834 2102 995 2157 nescio,
1013 2117 1102 2147 non
1115 2101 1256 2146 solum
1271 2110 1315 2146 et
1326 2102 1482 2156 verbis,

95 2174 172 2220 sed
191 2185 234 2220 et
255 2176 413 2235 pugnis
437 2174 678 2218 caedentem
703 2171 907 2217 deberem
932 2171 1243 2231 patientissime
1260 2173 1482 2226 sustinere.

157 2248 211 2289 V.
247 2248 358 2291 Nam
398 2243 535 2290 fateor
566 2243 788 2287 dilectioni
835 2253 922 2286 tuae
939 2277 950 2295 ‚
989 2252 1205 2302 quantum
1242 2242 1396 2286 attinet
1431 2239 1487 2284 ad

99 2316 224 2362 istam
245 2315 555 2377 quaestionem,
581 2328 721 2358 unum
745 2311 801 2356 de
821 2313 996 2356 duobus
1025 2311 1150 2355 valde
1177 2313 1307 2371 cupio
1335 2325 1483 2364 nosse,

98 2389 134 2432 si
171 2388 331 2448 possim
365 2386 435 2431 vel
468 2386 523 2431 de
556 2385 796 2429 animarum
841 2384 1004 2442 origine
1038 2382 1159 2443 quod
1194 2383 1347 2441 ignoro
1368 2418 1379 2438 ,
1419 2381 1489 2425 vel

103 2469 251 2504 utrum
271 2459 486 2518 pertineat
510 2456 565 2501 ad
586 2471 663 2500 nos
684 2456 767 2500 hoc
790 2469 913 2499 nosse
936 2469 1038 2498 cum
1060 2454 1130 2498 hic
1148 2454 1348 2498 vivimus.
1371 2453 1488 2506 Quid

103 2531 139 2575 si
160 2530 276 2574 enim
299 2545 350 2574 ex
371 2527 453 2573 illis
475 2526 602 2571 rebus
625 2535 710 2580 est,
736 2526 790 2569 de
809 2525 970 2585 quibus
995 2525 1119 2569 nobis
1144 2523 1325 2578 dicitur,
1361 2543 1380 2564 «
1412 2522 1489 2566 A!-

108 2621 129 2645 »
150 2602 259 2647 tiora
281 2610 324 2645 te
346 2615 400 2644 ne
422 2598 642 2660 quaesieris
657 2631 668 2653 ,
695 2606 738 2641 et
758 2597 938 2642 fortiora
962 2605 1003 2642 te
1024 2611 1079 2641 ne
1095 2604 1312 2641 scrutatus
1333 2594 1487 2649 fueris,

295 2683 408 2714 extr
1254 2668 1304 2705 25
