1784 3205
301 192 354 230 50
735 197 767 226 S.
804 197 1035 226 AUGUSTINI
1069 197 1248 225 Emscori

299 268 455 312 catur?
477 270 751 324 Quapropter
773 273 815 308 et
837 263 1050 308 sententia
1072 260 1371 321 respondentis
1392 260 1546 304 merito
1568 260 1681 318 epis-

300 337 419 396 eopis
447 336 634 395 placuit:
660 343 703 378 et
727 343 869 378 tamen
892 331 1001 376 illud
1023 331 1144 391 quod
1166 332 1210 375 in
1230 331 1362 375 Libro
1383 331 1474 389 ejus
1497 329 1685 387 positum

300 415 363 450 est
386 426 395 451 z
415 408 608 450 «Omnes
623 403 849 449 voluntate
866 403 1038 462 propria
1057 401 1163 460 regi,
1182 419 1201 442 »
1218 400 1371 444 fratres
1384 400 1459 459 qui
1477 409 1690 444 noverant

299 475 408 536 quid
442 474 644 519 adversus
667 475 742 518 Dei
767 473 947 532 gratiam
971 472 1039 516 isti
1063 471 1230 515 soleant
1258 470 1478 528 disputare
1494 503 1505 523 ‚
1535 468 1690 527 procul

300 546 433 591 dubio
454 545 608 590 debuit
630 559 896 604 permovere.
926 543 994 589 Sic
1017 543 1130 586 enim
1164 541 1331 585 dictum
1353 549 1417 584 est
1442 559 1451 584 :
1481 558 1501 581 »
1528 542 1690 583 Omnes

301 617 525 661 voluntate
548 616 721 675 propria
740 615 855 674 regi,
887 635 904 656 »
927 623 1136 673 tanquam
1160 616 1275 656 Deus
1291 612 1510 655 neminem
1541 618 1687 668 regat,

300 697 343 730 et
364 687 523 730 frustra
544 687 753 745 scriptum
772 687 826 730 sit
847 705 856 730 ι
891 704 911 726 «
938 685 1114 729 Salvum
1140 682 1209 727 fac
1231 682 1445 742 populum
1469 691 1593 726 tuum
1612 715 1623 734 ‚
1648 689 1692 724 et

306 777 322 797 »
348 756 530 800 benedic
552 756 850 799 haereditatem
874 765 992 798 tuam
1008 789 1022 810 ,
1047 763 1090 797 et
1117 769 1215 811 rege
1244 768 1331 807 eos,
1352 762 1394 797 et
1419 752 1577 796 extolle
1595 750 1692 795 illos

304 845 323 868 »
345 828 546 887 usquein
569 825 782 870 saeculum
805 828 818 851 ¹
848 844 856 869 :
878 843 898 866 »
924 840 979 869 ne
1002 833 1256 868 remaneant
1285 824 1451 883 utique,
1476 823 1510 866 si
1531 821 1691 867 volun-

302 908 389 943 tate
410 897 583 956 propria
610 897 701 940 sine
725 900 812 940 Deo
835 905 1047 954 reguntur
1064 930 1075 950 ‚
1104 894 1226 939 velut
1248 909 1347 939 oves
1371 909 1460 938 non
1482 893 1694 937 habentes

302 978 519 1028 pastorem
535 970 552 993 '2
579 987 589 1024 3
613 967 733 1028 quod
755 967 868 1011 absit
897 982 920 1010 a
942 967 1085 1011 nobis.
1114 969 1222 1011 Nam
1257 965 1411 1024 procul
1438 964 1575 1009 dubio
1598 963 1695 1023 plus

305 1049 368 1084 est
389 1039 472 1096 agi,
499 1054 630 1098 quam
653 1039 742 1096 regi
770 1057 779 1082 ι
804 1039 879 1097 qui
908 1038 1022 1082 enim
1046 1037 1236 1095 regitur,
1264 1036 1428 1096 aliquid
1452 1036 1540 1094 agit
1567 1056 1578 1092 3
1608 1044 1651 1078 et
1672 1050 1695 1078 a

305 1113 394 1154 Deo
410 1111 589 1168 regitur,
611 1118 659 1153 ut
678 1118 791 1152 recte
810 1117 907 1166 agat
922 1129 933 1165 3
949 1108 1026 1168 qui
1042 1117 1188 1157 autem
1206 1108 1364 1166 agitur,
1382 1122 1507 1165 agere
1529 1105 1692 1165 aliquid

304 1181 394 1238 ipse
418 1181 487 1224 vix
511 1180 768 1238 intelligitur
795 1199 803 1223 :
830 1189 872 1223 et
895 1189 1041 1223 tamen
1060 1188 1231 1223 tantum
1258 1187 1432 1237 praestat
1453 1177 1697 1222 voluntati-

305 1251 385 1294 bus
422 1252 575 1295 nostris
611 1252 745 1307 gratia
783 1250 1012 1295 Salvatoris
1034 1285 1044 1305 ,
1075 1259 1124 1294 ut
1157 1266 1245 1294 non
1268 1250 1442 1293 dubitet
1464 1247 1696 1307 Apostolus

306 1321 445 1365 dicere
469 1324 754 1380 :«Quotquot
769 1321 922 1379 spiritu
938 1321 1014 1364 Dei
1033 1330 1237 1378 aguntur,
1258 1321 1303 1363 hi
1328 1319 1403 1363 filii
1422 1329 1523 1363 sunt
1547 1320 1659 1363 Dei3.
1674 1337 1694 1359 »

308 1394 396 1436 Nec
418 1391 581 1449 aliquid
604 1392 650 1434 in
673 1391 799 1434 nobis
830 1391 963 1434 libera
992 1389 1193 1434 voluntas
1215 1389 1369 1433 melius
1391 1404 1517 1447 agere
1538 1398 1696 1447 potest,

309 1464 442 1520 quam
460 1471 508 1505 ut
529 1461 592 1505 illi
614 1477 658 1505 se
681 1461 894 1519 agendam
910 1461 1203 1515 commendet,
1230 1462 1305 1520 qui
1326 1460 1438 1504 male
1462 1475 1589 1518 agere
1611 1475 1700 1504 non

311 1541 451 1590 potest
477 1553 488 1589 3
513 1542 555 1576 et
573 1533 655 1576 hoc
677 1547 777 1576 cum
801 1532 974 1585 fecerit,
1000 1532 1053 1575 ab
1078 1530 1153 1575 illo
1182 1546 1226 1575 se
1243 1540 1290 1575 ut
1310 1530 1487 1585 faceret,
1507 1531 1699 1589 adjutam

311 1618 400 1646 esse
418 1618 506 1647 non
527 1603 715 1657 dubitet,
739 1604 809 1647 cui
826 1602 1016 1646 dicitur
1007 1619 1052 1646 m
1072 1601 1262 1647 Psalmo:
1287 1620 1306 1644 »
1331 1606 1442 1647 Deus
1461 1617 1598 1660 1110113,
1625 1601 1701 1645 mi-

314 1691 335 1714 »
360 1673 591 1717 sericordia
611 1676 702 1733 ejus
720 1674 956 1732 praeveniet
978 1674 1087 1716 me4.
1118 1691 1137 1714 »

374 1745 447 1786 VI.
475 1744 702 1802 Denique
693 1759 736 1787 111
769 1742 844 1787 1110
875 1743 1037 1795 Libro,
1068 1742 1144 1786 ubi
1181 1741 1255 1786 illa
1283 1742 1473 1801 capitula
1505 1741 1702 1800 Pelagius

311 1813 512 1925 scripsit,i
523 1814 623 1856 huic
645 1814 863 1871 positioni,
885 1828 970 1871 qua
991 1777 1135 1856 dixit:
1166 1814 1327 1856 Omnes
1354 1813 1579 1857 voluntate
1599 1828 1701 1871 pro-

314 1884 404 1941 pria
424 1898 495 1941 teg
525 1893 604 1937 ‚et
621 1899 700 1927 suo
723 1883 935 1928 desiderio
959 1898 1320 1943 unumquemque
1337 1885 1521 1938 dimitti,
1550 1903 1568 1925 »
1597 1884 1703 1928 sul)-

307 1953 411 2011 jecit
433 1899 600 2011 31111111Ξά
621 1955 675 1996 de
695 1955 942 1997 testimonio
967 1954 1290 2011 Scripturarum
1308 1990 1318 2009 ‚
1344 1971 1433 2014 quo
1455 1956 1553 1999 satis
1578 1971 1699 2014 appa-

314 2032 426 2076 reat,
445 2038 533 2066 non
554 2038 597 2066 se
619 2024 699 2066 sibi
721 2024 940 2067 hominem
965 2023 1205 2080 regendum
1228 2024 1390 2068 debere
1411 2025 1698 2069 committere.

314 2093 387 2137 Ait
399 2094 513 2137 enim
532 2093 585 2136 de
604 2094 685 2137 hoc
704 2095 796 2152 ipso
815 2094 1029 2152 Sapientia
1053 2093 1293 2138 Salomonis
1317 2113 1324 2138 :
1355 2113 1375 2136 «
1401 2098 1505 2139 Sum
1525 2095 1703 2154 quidem

319 2182 338 2204 »
358 2173 400 2207 et
413 2179 492 2222 ego
509 2164 699 2208 mortalis
713 2166 862 2218 1101110,
879 2165 1026 2208 similis
1044 2165 1258 2218 omnium,
1285 2180 1334 2208 ex
1356 2180 1511 2222 genere
1535 2176 1704 2211 terreno

318 2252 338 2275 »
357 2234 469 2278 illius
498 2235 573 2294 qui
605 2235 720 2293 prior
738 2236 895 2278 finctus
927 2243 990 2278 est
1012 2237 1026 2260 5
1055 2254 1062 2279 :
1088 2253 1107 2275 »
1135 2244 1177 2278 et
1199 2244 1354 2279 caetera
1376 2252 1514 2296 usque
1537 2236 1703 2281 adeum

318 2304 495 2362 capituli
518 2305 665 2359 finem,
687 2305 764 2348 ubi
785 2303 944 2363 legitur
961 2323 969 2349 :
985 2323 1005 2346 «
1022 2307 1057 2347 ¹U
1063 2319 1142 2348 nus
1157 2320 1260 2363 ergo
1281 2306 1485 2350 omnibus
1502 2307 1703 2352 introitus

321 2391 342 2414 »
367 2373 420 2417 ad
442 2375 646 2429 vitam‚et
667 2373 813 2418 similis
835 2375 998 2419 exitus:
1024 2383 1200 2433 propter
1222 2376 1304 2420 hoc
1328 2378 1493 2435 optavi,
1510 2387 1554 2423 et
1575 2378 1702 2422 datus

368 2477 376 2492 ¹
397 2476 476 2507 Psal.
497 2485 594 2516 xxvii,
613 2487 645 2517 9.
661 2494 701 2500 —-
716 2483 728 2498 ²
746 2479 843 2509 Marc.
862 2487 904 2517 vr,
924 2475 979 2517 ¹24.
997 2493 1032 2499 --
1047 2474 1060 2499 3
1080 2479 1169 2509 Rom
1190 2487 1258 2518 vni,
1281 2477 1331 2519 14.
1348 2477 1415 2508 -4
1438 2480 1515 2512 Psal.
1538 2490 1622 2520 tvm,
1650 2491 1700 2513 11.

326 2548 362 2554 -·—
382 2529 394 2552 5
418 2534 478 2573 Sap
513 2542 571 2571 vn,
595 2544 620 2563 1v
