1804 3205
309 213 468 240 CONTRA
506 211 611 239 DbAs
644 213 774 239 Epist.
812 211 1040 241 PELAGtAN.
1078 215 1159 241 Lm.
1199 217 1227 241 1.
1386 205 1465 244 431.

78 276 146 322 Ad
165 277 246 322 hoc
267 278 384 321 enim
397 277 519 336 quod
539 279 729 337 agimus,
760 279 922 324 sullieit
952 279 1077 324 nobis
1099 281 1201 339 quia
1224 296 1342 325 nune
1376 282 1471 328 talis

77 348 120 392 in
143 348 394 393 hominibus
418 363 506 394 non
525 359 605 404 est,
626 349 800 410 qualem
824 351 868 394 in
890 349 1005 394 illius
1029 349 1245 396 felicitatis
1264 351 1361 397 loco
1380 368 1472 398 esse

78 419 268 478 potuisse
287 420 538 465 conceditis.
562 421 712 474 Qualis
729 422 893 481 quippe
915 437 1033 467 nunc
1055 423 1134 477 sit,
1161 422 1357 481 profecto
1374 439 1471 468 om-

76 491 198 534 nium
219 506 367 536 sensus
389 492 657 547 mortalium,
671 501 714 536 et
733 493 765 536 si
789 508 888 537 cum
909 493 1190 548 verecundia,
1209 494 1469 540 confitetur:

76 561 179 620 quia
199 571 243 606 et
263 572 400 607 castos
431 563 561 607 etiam
591 562 816 617 nolentes,
849 578 1033 624 eamque
1063 565 1347 623 temperantia
1377 580 1472 609 cas·

77 631 278 691 tigantes,
302 634 606 693 inquietudine
630 632 877 678 inordinata
892 635 1232 695 importunaque
1249 634 1469 691 sollicitat,

74 710 118 746 et
141 702 400 763 plerumque
423 720 512 748 sese
543 704 790 749 volentibus
813 706 1058 761 subtrahit,
1084 705 1336 750 nolentibus
1354 707 1472 765 inge-

76 773 131 817 rit
157 792 166 818 :
195 783 242 819 ut
270 774 380 819 nihil
412 775 533 820 aliud
560 775 857 820 inobedientia
880 791 983 831 sua,
1013 791 1146 836 quam
1179 775 1293 820 illius
1322 777 1472 835 priscae

75 843 382 890 inobedientiae
405 862 581 906 poenam
603 862 648 891 se
668 862 758 891 esse
777 857 975 892 testetur.
1005 847 1128 893 Unde
1151 849 1305 892 merito
1322 848 1377 892 de
1399 847 1472 892 illa

76 924 119 960 et
149 925 252 961 tunc
277 917 405 976 primi
444 918 664 972 homines,
698 918 879 978 quando
909 918 1115 978 pudenda
1147 922 1397 972 texerunt¹,
1430 927 1474 962 et

75 1001 193 1032 nunc
214 988 291 1048 qui
319 1003 363 1032 se
395 998 636 1049 utcumque
664 990 885 1034 hominem
912 1005 1002 1034 esse
1023 989 1294 1043 considerat,
1331 988 1474 1032 omnis

75 1056 245 1116 pudens
267 1058 588 1120 impudensque
605 1058 910 1114 confunditur,
937 1060 1050 1103 absit
1067 1069 1116 1103 ut
1137 1060 1192 1103 de
1215 1074 1344 1119 opere
1367 1058 1469 1113 Dei,

74 1128 150 1172 sed
174 1127 231 1173 de
257 1144 385 1188 poena
422 1130 550 1189 primi
573 1130 820 1190 veterisque
854 1131 1036 1189 peceati.
1076 1132 1240 1174 Verum
1274 1145 1349 1174 vos
1383 1144 1473 1174 non

75 1214 154 1259 pro
177 1199 374 1259 religiosa
408 1202 597 1255 ratione,
629 1202 705 1246 sed
734 1217 813 1260 pro
839 1202 1031 1246 animosa
1064 1202 1361 1256 contentione,
1392 1214 1473 1245 nec

74 1285 154 1330 pro
183 1271 377 1316 humano
400 1271 569 1331 pudore
585 1308 596 1329 ,
621 1271 697 1316 sed
722 1287 800 1331 pro
829 1282 972 1317 vestro
1000 1271 1171 1327 furore,
1211 1287 1266 1315 ne
1288 1270 1358 1316 vel
1381 1272 1472 1330 ipsa

74 1342 426 1402 concupiscentia
449 1344 590 1388 carnis
608 1343 756 1387 vitiata
780 1343 1000 1398 credatur,
1022 1353 1066 1387 et
1086 1358 1136 1386 ex
1151 1358 1198 1386 ea
1220 1343 1334 1386 trahi
1353 1343 1471 1401 orgi-

74 1413 172 1458 nale
195 1423 450 1473 peccatum,
477 1413 605 1458 talem
625 1429 799 1472 prorsus
817 1413 958 1473 qualis
976 1429 1094 1458 nunc
1112 1422 1200 1467 est,
1231 1414 1275 1457 in
1299 1412 1472 1472 paradi-

74 1499 169 1528 sum
191 1485 408 1528 conamini
431 1482 700 1543 disputando
717 1499 943 1539 revocare,
969 1498 1154 1543 eamque
1176 1482 1264 1527 illie
1277 1497 1368 1527 esse
1391 1498 1471 1541 po-

75 1554 204 1598 tuisse
220 1555 501 1609 contendere,
527 1569 661 1614 quam
683 1553 753 1598 vel
771 1569 940 1612 semper
963 1563 1219 1612 sequeretur
1242 1553 1473 1597 inhonesta

74 1626 324 1680 consensio,
355 1624 424 1671 vel
453 1624 692 1686 aliquando
725 1633 945 1669 coerceret
974 1622 1217 1668 miseranda
1246 1622 1468 1667 dissensio.

74 1699 160 1743 Nos
182 1704 328 1742 autem
349 1711 438 1740 non
463 1695 652 1740 multum
674 1710 878 1740 curamus
901 1693 1009 1755 quid
1032 1709 1107 1739 vos
1140 1694 1195 1738 de
1219 1693 1292 1737 illa
1313 1694 1473 1738 sentire

75 1766 278 1812 delectet.
303 1766 535 1827 Quidquid
562 1776 709 1811 tamen
729 1767 961 1811 hominum
982 1764 1193 1824 perillam
1209 1765 1416 1819 nascitur,
1438 1764 1472 1808 si

75 1853 165 1883 non
180 1847 430 1883 renascatur
443 1872 455 1892 ,
479 1838 571 1881 sine
589 1836 864 1881 dubitatione
881 1835 1138 1889 damnatur,
1156 1844 1199 1879 et
1216 1850 1388 1879 necesse
1409 1843 1474 1879 est

74 1923 163 1953 esse
184 1910 266 1954 sub
281 1908 458 1953 diabolo
478 1942 488 1963 ,
514 1908 549 1952 si
571 1923 660 1952 non
685 1905 787 1951 inde
803 1906 1015 1951 liberetur
1032 1922 1055 1950 a
1073 1898 1262 1950 Christo.

133 1982 340 2025 XXXVI.
366 1980 591 2034 Homines,
618 1978 787 2038 inquit,
813 1978 890 2022 Dei
917 1992 1025 2037 opus
1053 1992 1143 2021 esse
1165 1975 1469 2033 defendimu83

75 2065 156 2095 nec
172 2066 223 2095 ex
243 2050 360 2096 illius
382 2049 576 2110 potentia
599 2047 668 2093 vel
686 2049 732 2092 in
754 2048 916 2092 malum
934 2047 1004 2093 vel
1028 2048 1075 2092 in
1093 2048 1259 2091 bonum
1284 2046 1471 2090 invitum

76 2121 266 2182 aliquem
288 2123 408 2181 cogi3
431 2120 507 2166 sed
530 2121 703 2180 propria
726 2119 975 2173 voluntate,
1006 2128 1082 2163 aut
1105 2119 1270 2163 bonum
1301 2116 1441 2162 facere
1456 2151 1468 2172 ‚

77 2201 153 2237 aut
170 2192 335 2237 malum
357 2211 366 2237 :
387 2192 432 2236 in
461 2192 579 2236 bono
607 2205 711 2235 vero
733 2205 864 2249 opere
887 2205 909 2234 a
934 2188 1011 2234 Dei
1041 2189 1178 2247 gratia
1201 2202 1370 2246 semper
1391 2187 1471 2231 ad-

71 2263 238 2322 juvari,
273 2265 318 2307 in
347 2263 512 2307 malum
539 2277 642 2307 vero
673 2260 834 2305 diaboli
863 2259 1212 2318 suggestionibus
1233 2258 1418 2302 incitari.
1448 2276 1468 2299 »

81 2334 144 2378 Ad
159 2334 254 2379 haec
271 2333 600 2394 respondemus,
619 2333 826 2377 Homines
844 2345 935 2374 esse
951 2344 1060 2389 opus
1073 2329 1166 2383 Dei,
1188 2329 1232 2372 in
1254 2338 1470 2388 quantum

76 2405 275 2450 homines
295 2414 422 2459 sunt,
442 2404 517 2448 sed
539 2404 620 2448 sub
643 2401 820 2446 diabolo
838 2416 945 2456 esse,
969 2401 1013 2444 in
1031 2408 1247 2459 quantum
1269 2409 1471 2458 peccato—

78 2491 144 2521 res
163 2485 286 2532 sunt,
311 2477 391 2521 nisi
408 2483 613 2521 eruantur
628 2472 730 2518 inde
743 2488 819 2533 per
831 2488 948 2528 eum,
969 2471 1152 2533 quinon
1171 2469 1228 2516 ob
1247 2470 1365 2516 aliud
1379 2469 1470 2516 fac-

127 2567 136 2584 ¹
159 2563 238 2595 Gen.
256 2571 305 2603 111,
324 2572 354 2602 7.
