1784 3205
332 218 385 253 82
769 230 801 250 s.
840 220 1064 251 Atcus'rffli
1102 216 1279 244 eviscovi

324 300 540 353 quantum
553 289 770 342 voluntas,
790 287 847 331 ibi
863 286 1073 331 continuo
1091 281 1286 340 vigilavit
1301 270 1454 338 pietaS,
1469 284 1514 320 et
1530 275 1711 319 tremuit

328 361 566 415 humilitas,
593 359 695 421 quia
718 374 762 403 se
782 356 957 416 agnovit
978 353 1222 399 infirmitas.

386 434 614 477 XXXVII.
647 430 803 476 Merito
827 426 948 487 quod
979 434 1098 485 gesta
1119 423 1329 476 indicant,
1354 418 1484 464 ctiam
1507 417 1589 461 hoc
1610 429 1714 460 usus

327 515 389 550 est
421 504 667 549 testimonio
695 509 867 546 sanctus
903 500 1091 541 Joannes
1130 490 1508 549 Jerosolymitanae
1539 488 1715 532 antistes

329 575 555 628 Ecclesiae,
592 573 701 618 sicut
731 571 1019 626 interrogatus
1049 581 1148 626 quae
1178 563 1295 623 apud
1324 561 1450 605 illum
1472 567 1573 603 ante
1597 556 1718 617 judi-

330 645 446 688 cium
469 653 584 701 gesta
606 642 788 696 fuerint,
813 637 1075 698 coepiscopis
1105 634 1277 688 nostris,
1315 631 1391 691 qui
1413 628 1543 674 simul
1573 628 1620 671 in
1640 625 1718 670 illo

323 715 489 774 judicio
512 712 829 772 praesidebant,
860 710 951 769 ipse
984 707 1187 751 narravit.
1217 704 1290 749 Ait
1312 702 1455 755 enim,
1482 709 1588 744 tunc
1616 697 1717 757 qui-

330 785 514 829 busdam
535 782 874 835 susurrantibus,
892 789 935 823 et
951 777 1214 830 dicentibus,
1235 773 1356 833 quod
1373 791 1394 814 «
1413 772 1505 816 sine
1536 769 1611 813 Dei
1628 782 1721 826 gra-

333 856 389 900 tia
416 855 578 899 diceret
613 852 810 911 Pelagius
838 865 962 910 posse
984 847 1208 892 hominem
1231 843 1397 904 perfici,
1422 840 1467 885 id
1492 848 1572 893 est,
1599 836 1721 899 quod

332 926 527 985 superius
542 926 722 977 dixerat,
746 937 835 966 esse
848 934 972 980 posse
991 917 1214 962 hominem
1235 915 1326 960 sine
1346 920 1524 972 peccato
1543 929 1552 955 z
1577 928 1597 951 n
1621 907 1722 953 Cul-

330 1013 460 1057 pans,
491 997 649 1056 inquit,
683 1008 811 1053 super
843 993 926 1036 hoc
949 991 1079 1034 etiarn
1113 986 1266 1041 intuli,
1297 984 1401 1044 quia
1425 992 1468 1026 et
1502 978 1722 1040 apostolus

330 1067 490 1113 Paulus
527 1066 716 1112 multum
740 1064 968 1115 laborans,
995 1059 1071 1103 sed
1095 1073 1184 1102 non
1214 1055 1455 1101 secundum
1484 1065 1607 1096 suam
1638 1049 1723 1094 vir-

333 1148 485 1191 tutem,
511 1137 585 1182 sed
603 1136 847 1185 secundum
865 1132 1044 1192 gratiam
1071 1128 1169 1183 Dei,
1195 1126 1303 1171 dixit
1331 1145 1339 1170 :
1365 1144 1385 1168 «
1409 1122 1608 1182 Amplius
1627 1134 1722 1166 om-

335 1228 354 1250 »
376 1210 505 1253 nibus
524 1208 606 1252 illis
629 1206 872 1262 laboravi¹3
898 1219 986 1248 non
1009 1216 1087 1259 ego
1105 1209 1269 1252 autem,
1295 1196 1370 1241 sed
1391 1194 1526 1253 gratia
1546 1192 1622 1236 Dei
1637 1206 1724 1235 me-

340 1300 358 1322 »
385 1294 486 1324 curn
507 1298 515 1324 :
535 1298 554 1320 n
576 1287 618 1322 et
635 1278 818 1331 iterum,
843 1294 862 1317 «
894 1277 989 1320 Non
1011 1281 1072 1316 est
1092 1269 1300 1323 volentis,
1321 1281 1464 1326 neque
1487 1262 1722 1314 currentis,

335 1369 354 1392 u
376 1350 452 1396 sed
468 1350 708 1394 miserentis
732 1347 833 1392 Dei²
853 1365 862 1391 ς
887 1363 906 1386 »
932 1354 975 1390 et
992 1342 1117 1395 illud,
1147 1360 1167 1384 «
1188 1340 1276 1386 Nisi
1295 1337 1503 1383 Dominus
1531 1333 1725 1379 aedifica-

338 1440 358 1464 »
384 1423 493 1467 v'erit
526 1420 731 1473 domum,
763 1419 808 1461 in
840 1430 1002 1461 vanum
1037 1413 1373 1464 laboraverunt,
1401 1407 1478 1468 qui
1507 1404 1727 1450 aedificant

341 1510 362 1534 n
384 1492 506 1535 eam3
529 1510 538 1536 ς
568 1509 586 1531 >2
612 1499 654 1534 et
672 1488 754 1533 alia
771 1486 908 1531 multa
927 1483 1079 1529 similia
1103 1483 1304 1533 diximus,
1324 1478 1485 1538 inquit,
1506 1476 1561 1520 de
1584 1475 1728 1533 Scrip-

339 1562 446 1607 turis
462 1561 634 1606 sanctis.
661 1560 753 1604 Illis
768 1567 915 1602 autem
937 1570 1027 1599 non
1046 1551 1380 1612 suscipientibus
1397 1563 1496 1607 quae
1517 1546 1735 1590 dicebam·

343 1642 415 1676 tur
435 1647 459 1675 a
476 1631 602 1676 nobis
619 1630 674 1674 de
691 1629 848 1674 sanctis
865 1625 1093 1685 Scriptu'ris
1105 1659 1115 1678 ,
1133 1623 1209 1667 sed
1224 1621 1367 1665 adhuc
1384 1617 1724 1669 susurrantibus,

341 1702 449 1746 dixit
471 1702 690 1760 Pelagius,
715 1703 773 1744 Et
793 1714 873 1758 ego
896 1698 956 1741 sic
983 1694 1141 1740 credo:
1172 1692 1403 1738 anathema
1427 1690 1505 1743 sit,
1526 1688 1602 1747 qui
1624 1686 1730 1730 dicit

342 1774 506 1832 absque
527 1772 742 1831 adjutorio
768 1769 846 1814 Dei
870 1782 994 1828 posse
1015 1764 1238 1810 hominem
1267 1761 1322 1806 ad
1351 1759 1597 1821 profectum
1634 1771 1730 1802 om-

345 1858 465 1886 nium
480 1857 626 1885 venire
646 1849 874 1895 virtutum.

399 1915 650 1958 XXXVIII.
680 1914 783 1956 Haec
810 1908 997 1954 narravit
1020 1908 1247 1965 episcopus
1275 1906 1486 1956 Joannes,
1520 1898 1730 1944 audiente

348 1983 538 2042 Pelagio,
555 1985 632 2043 qui
648 1982 801 2041 utique
816 1987 959 2040 posset
972 1976 1212 2021 honorifice
1228 1974 1387 2027 dicere,
1408 1970 1594 2016 Fallitur
1607 1983 1732 2013 sanc-

345 2053 444 2097 titas
462 2062 552 2108 tua,
568 2069 658 2097 non
680 2053 791 2095 bene
813 2047 1063 2101 meministi,
1082 2061 1171 2091 non
1186 2045 1272 2089 dixi
1287 2043 1342 2088 ad
1362 2043 1443 2087 ista
1460 2038 1730 2093 testimonia,

348 2140 447 2183 quae
469 2123 523 2167 de
543 2122 771 2182 Scripturis
785 2117 1148 2171 commemorasti,
1173 2117 1304 2173 «Ego
1318 2114 1376 2157 sic
1395 2111 1526 2156 credo
1546 2129 1556 2155 :
1580 2128 1600 2152 »
1621 2123 1733 2169 quo-

348 2195 465 2239 niam
482 2211 571 2239 non
594 2210 642 2238 ea
661 2195 719 2238 sic
744 2192 937 2249 intelligo
950 2225 961 2245 ,
986 2187 1105 2249 quod
1126 2187 1260 2246 gratia
1277 2185 1355 2230 Dei
1369 2184 1428 2228 sic
1445 2182 1613 2226 laboret
1630 2195 1733 2224 cum

349 2266 523 2310 homine
535 2301 546 2320 ,
572 2275 619 2309 ut
639 2264 759 2325 quod
777 2278 865 2307 non
882 2269 1047 2321 peccat,
1068 2273 1157 2303 non
1175 2255 1375 2309 volentis,
1401 2267 1544 2313 neque
1559 2265 1732 2296 curren-
1778 2279 1784 2286 ι

348 2336 417 2390 tis,
437 2336 512 2379 sed
531 2335 770 2379 miserentis
792 2335 846 2377 sit
870 2332 964 2376 Dei.

389 2408 597 2452 XXXIX.
613 2409 723 2451 Sunt
731 2406 847 2448 enim
860 2400 1064 2463 quaedam
1073 2414 1122 2443 ex
1128 2397 1358 2458 positiones
1366 2392 1573 2455 Epistolae
1584 2389 1725 2445 Pauli,

334 2495 434 2537 quae
456 2477 658 2522 scribitur
674 2475 730 2519 ad
746 2479 980 2527 Romanos,
1001 2486 1101 2531 quae
1116 2468 1252 2528 ipsius
1274 2466 1438 2525 Pelagii
1454 2480 1544 2510 esse
1566 2462 1722 2508 dicun-

383 2577 390 2593 ¹
423 2582 433 2602 1
457 2573 528 2603 Cor.
550 2580 602 2609 xv,
628 2580 677 2601 ιο.
695 2585 735 2591 —-
752 2576 763 2589 Ι
786 2570 876 2600 Rom.
898 2577 942 2604 ix,
967 2564 1016 2596 16.
1034 2579 1075 2587 --
1097 2561 1109 2585 ³
1127 2561 1210 2595 Psal.
1232 2570 1334 2600 cxxvi,
1358 2568 1388 2590 1.
