1784 3205
324 231 404 268 112
758 244 791 268 s.
828 237 1058 268 mausum
1092 239 1274 267 Emscom

318 316 420 352 cent
440 307 619 366 gratiam
642 307 718 351 Dei
742 307 983 351 secundum
1009 307 1162 350 merita
1185 315 1331 350 nostra
1353 304 1445 348 dari
1468 322 1476 349 :
1498 313 1640 349 tamen
1662 306 1706 349 in

317 377 440 421 libris
458 392 566 437 quos
590 376 727 421 edidit
750 393 828 437 pro
848 377 988 422 libero
1012 377 1199 430 arbitrio,-
1228 391 1417 436 quorum
1438 377 1705 420 mentionem

318 447 423 492 iacit
444 448 489 492 in
511 447 692 507 epistola
721 463 852 507 quam
876 451 1060 493 Romam
1095 448 1231 502 misit,
1264 446 1373 490 nihil
1403 445 1521 490 aliud
1551 447 1707 490 sentire

318 526 601 573 monstratur,
622 532 753 578 quam
768 517 813 561 id
832 517 951 578 quod
965 517 1194 562 damnasse
1217 516 1459 562 videbatur.
1480 519 1586 562 Nam
1610 531 1709 575 gra-

318 588 422 632 tiam
446 589 523 632 Dei
546 598 590 633 et
612 588 896 648 adjutorium,
924 605 1014 649 quo
1036 588 1293 647 adjuvamur
1325 586 1379 631 ad
1402 602 1489 631 non
1523 602 1708 645 peccan—

319 657 442 714 dum,
463 668 538 704 aut
559 661 604 704 in
626 669 781 705 natura
802 669 844 705 et
861 661 998 705 libero
1022 661 1145 720 ponit
1160 660 1355 715 arbitrio,
1376 668 1450 704 aut
1469 659 1513 702 in
1529 658 1625 717 lege
1643 668 1710 702 at-

319 745 404 788 que
423 730 619 774 doctrina
650 749 658 774 :
684 740 733 775 ut
754 732 971 786 videlicet,
1003 747 1102 775 cum
1125 731 1302 790 adjuvat
1326 734 1438 774 Deus
1470 730 1708 783 hominem,

319 808 369 842 ut
382 798 569 844 declinet
583 815 607 843 a
622 800 737 844 malo
747 809 789 845 et
803 801 930 845 saciat
947 801 1129 854 bonum,
1142 799 1375 845 revelando
1390 809 1433 843 et
1444 797 1713 843 ostendendo

319 870 427 930 quid
449 871 540 914 fieri
569 871 741 926 debeat,
779 870 984 931 adjuvare
1018 871 1246 928 credatur,
1278 886 1367 915 non
1400 870 1529 913 etiam
1553 885 1713 928 coope-

319 941 457 985 rando
487 949 530 984 et
558 940 832 986 dilectionem
857 941 1136 1001 inspirando,
1164 950 1213 985 ut
1246 941 1292 985 id
1314 939 1433 1001 quod
1465 939 1714 984 faciendum

319 1027 409 1057 esse
430 1012 683 1071 cognoverit
703 1011 848 1058 faciat.

382 1086 457 1127 lV.
483 1086 590 1129 Nam
616 1100 717 1129 cum
745 1085 825 1128 tria
859 1085 1095 1128 constituat
1118 1092 1248 1143 atque
1271 1082 1526 1141 distinguat,
1557 1082 1716 1141 quibus

320 1153 467 1199 divina
485 1155 687 1199 mandata
710 1155 814 1200 dicit
834 1155 1019 1214 impleri,
1048 1154 1394 1214 possibilitatem,
1420 1153 1712 1206 voluntatem,

320 1225 565 1282 actionem3
600 1225 930 1284 possibilitatem
961 1224 1138 1279 scilicet,
1172 1240 1259 1284 qua
1289 1232 1432 1283 potest
1462 1224 1595 1267 homo
1626 1238 1715 1266 esse

313 1294 481 1354 justus,
504 1294 798 1350 voluntatem,
822 1311 908 1354 qua
927 1295 1023 1339 vult
1046 1310 1135 1339 esse
1160 1296 1331 1355 justus3
1363 1294 1604 1348 actionem,
1629 1310 1715 1353 qua

315 1365 457 1424 justus
492 1374 571 1421 est,
607 1367 763 1411 horum
800 1366 932 1410 trium
966 1367 1171 1424 primum,
1206 1366 1252 1408 id
1280 1374 1358 1419 est,
1389 1364 1714 1423 possibilitatem

321 1436 466 1480 datam
490 1437 722 1481 confitetur
744 1452 767 1480 a
789 1446 981 1481 creatore
999 1446 1184 1491 naturae,
1200 1451 1280 1479 nec
1305 1450 1394 1479 esse
1417 1436 1460 1479 in
1478 1443 1623 1479 nostra
1636 1449 1716 1493 po-

321 1515 491 1562 testate,
518 1507 594 1552 sed
621 1523 716 1551 eam
739 1523 816 1552 nos
836 1508 998 1552 habere
1021 1507 1151 1551 etiam
1183 1507 1215 1550 si
1247 1506 1437 1550 nolimus
1464 1526 1473 1551 ι
1498 1506 1587 1550 duo
1614 1520 1717 1549 vero

321 1577 503 1638 reliqua,
521 1578 567 1622 id
587 1588 666 1633 est,
681 1578 953 1623 voluntatem
972 1580 1015 1621 et
1029 1577 1263 1631 actionem,
1282 1586 1428 1620 nostra
1443 1592 1532 1620 esse
1551 1576 1713 1631 asserit,

321 1657 453 1708 atque
477 1648 536 1692 ita
558 1648 682 1693 nobis
701 1648 870 1703 tribuit,
890 1658 938 1692 ut
958 1647 1130 1692 nonnisi
1152 1663 1175 1691 a
1199 1648 1326 1691 nobis
1348 1662 1438 1690 esse
1460 1645 1712 1691 contendat.

322 1720 518 1779 Denique
542 1720 676 1778 gratia
697 1720 787 1774 Dei,
809 1736 897 1764 non
915 1720 994 1763 ista
1013 1719 1118 1773 duo,
1142 1734 1241 1777 quae
1260 1727 1405 1761 nostra
1429 1717 1607 1760 omnino
1622 1716 1718 1760 vult

323 1804 429 1844 esse,
458 1789 502 1834 id
525 1800 604 1846 est,
638 1790 907 1835 voluntatem
936 1799 979 1833 et
1012 1788 1254 1839 actionem3
1289 1787 1364 1831 sed
1399 1786 1518 1830 illam
1547 1801 1647 1845 quae
1671 1785 1718 1829 in

323 1868 534 1917 potestate
556 1870 701 1904 nostra
725 1875 814 1904 non
837 1868 915 1913 est,
942 1868 984 1902 ct
1006 1859 1130 1902 nobis
1157 1873 1208 1901 ex
1230 1860 1318 1901 Deo
1342 1865 1420 1911 est,
1445 1856 1489 1899 id
1514 1865 1591 1910 est,
1618 1871 1717 1915 pos-

324 1930 589 1985 sibilitatem,
616 1931 818 1990 perhibet
850 1929 1044 1989 adjuvari
1070 1948 1078 1972 :
1106 1938 1315 1987 tanquam
1344 1928 1417 1971 illa
1439 1943 1538 1987 quae
1572 1935 1717 1971 nostra

325 2009 442 2055 sunt,
466 2002 549 2044 hoc
571 2010 650 2055 est,
675 2000 876 2044 voluntas
899 2010 942 2043 et
968 2000 1097 2053 actio,
1125 2009 1213 2042 tarn
1245 2000 1329 2042 sint
1353 1998 1540 2042 valentia
1558 1996 1613 2040 ad
1640 1996 1717 2040 de·

327 2070 579 2115 elinandum
604 2088 625 2115 a
649 2071 762 2115 malo
793 2080 834 2114 et
857 2071 1106 2114 faciendum
1137 2071 1321 2123 honum,
1348 2079 1397 2113 ut
1426 2070 1573 2114 divino
1596 2066 1716 2127 adju-

328 2141 438 2185 torio
470 2157 558 2185 non
590 2141 843 2199 indigeant,
878 2138 989 2183 illud
1013 2155 1113 2183 vero
1136 2139 1255 2198 quod
1289 2140 1414 2183 nobis
1444 2154 1496 2182 ex
1518 2141 1606 2183 Deo
1635 2145 1713 2190 est,

324 2212 408 2255 hoc
430 2211 483 2255 sit
512 2210 769 2266 invalidum,
806 2211 849 2254 id
879 2220 957 2265 est,
989 2208 1263 2268 possibilitas,
1296 2218 1345 2252 ut
1374 2224 1543 2268 semper
1570 2208 1716 2267 gratiae

325 2281 556 2341 adjuvetur
579 2280 753 2325 auxilio.
1224 2272 1227 2273 ⁷

384 2354 438 2395 V.
467 2351 550 2396 Sed
572 2367 625 2395 ne
647 2351 743 2410 quis
766 2350 945 2395 forsitan
966 2349 1097 2402 dicat,
1127 2364 1204 2393 nos
1223 2349 1290 2392 vel
1313 2365 1401 2392 non
1426 2357 1539 2392 recte
1558 2346 1717 2391 intelli‹

328 2437 425 2480 gere
447 2438 546 2481 quse
574 2421 785 2480 loquitur,
823 2420 890 2464 vel
914 2419 1129 2464 malevolo
1150 2420 1294 2463 animo
1318 2419 1361 2462 in
1386 2419 1519 2462 alium
1542 2432 1713 2462 sensum

328 2509 427 2551 quae
448 2508 537 2537 non
558 2493 617 2537 ita
641 2491 756 2536 dicta
778 2501 880 2536 sunt
908 2500 1089 2544 vertere,
1116 2490 1207 2548 ipsa
1224 2490 1313 2548 jam
1334 2490 1466 2533 verba
1490 2490 1579 2548 ejus
1601 2489 1716 2532 acci-
