1784 3205
340 238 420 276 358
773 250 804 274 S.
843 248 1071 274 AUGUSTIM
1103 247 1284 275 Eriscom

336 316 392 358 Et
409 312 528 372 quod
545 311 726 366 dixerat,
747 327 834 355 non
852 319 991 369 potest
1006 309 1174 368 videre3
1192 312 1276 359 hoc
1299 311 1496 369 exposuit
1512 310 1711 365 dicendo,

338 399 426 427 non
456 391 597 442 potest
623 382 815 426 introire.
856 379 972 423 Illud
998 390 1141 424 tamen
1171 380 1291 440 quod
1319 381 1503 435 dixerat,
1532 395 1714 439 regnum

333 453 427 506 Dei,
452 467 540 495 non
556 451 638 495 alio
655 451 829 494 nomine
849 450 1062 509 repetivit.
1083 453 1233 510 Neque
1252 466 1369 494 nunc
1388 465 1496 508 opus
1513 459 1576 493 est
1595 465 1716 509 quae-

335 537 428 565 rere
451 531 580 580 atque
603 520 823 574 disserere,
851 528 1001 563 utrum
1023 535 1206 578 regnum
1233 520 1311 564 Dei
1333 533 1603 578 regnumque
1621 534 1714 562 coe-

334 592 475 636 lorum
500 605 599 634 cum
624 589 765 649 aliqua
783 589 1028 633 differentia
1046 590 1099 633 sit
1115 589 1461 646 intelligendum,
1479 604 1532 632 an
1548 603 1614 631 res
1629 604 1717 632 una

333 663 386 705 sit
410 661 582 705 duobus
601 661 814 720 appellata
838 661 1088 704 nominibus
1117 680 1125 704 2
1150 660 1308 704 sufficit
1331 659 1450 719 quod
1469 674 1558 705 non
1577 668 1716 718 potest

334 731 512 774 introire
535 731 578 773 in
601 745 781 787 regnum
805 729 896 783 Dei,
918 731 993 789 qui
1022 745 1111 773 non
1141 728 1270 773 fuerit
1291 729 1460 772 lavacro
1486 744 1714 787 regenera-

334 801 462 844 tionis
499 800 688 843 ablutus.
724 800 968 844 Mansiones
998 809 1142 844 autem
1185 799 1350 858 aliquas
1381 800 1634 842 constitutas
1675 799 1720 841 in

334 869 465 914 domo
488 871 565 913 Dei
587 884 784 928 separare
807 886 830 912 a
851 884 984 927 regno
1013 870 1113 924 Dei,
1145 884 1277 928 qnam
1307 869 1360 912 sit
1394 884 1418 912 a
1441 868 1623 912 veritate
1643 868 1722 912 de—

336 942 469 994 vium,
497 950 605 998 puto
626 939 745 999 quod
763 941 852 999 jam
875 939 1106 998 intelligas.
1134 942 1190 983 Et
1210 938 1309 982 ideo
1331 938 1454 998 quod
1476 940 1652 997 putasti,
1678 939 1723 982 in

339 1009 556 1068 aliquibus
578 1010 890 1064 mansionibus,
916 1025 1021 1069 quas
1043 1011 1253 1054 Dominus
1271 1009 1430 1053 multas
1446 1023 1535 1053 esse
1551 1008 1658 1054 dixit
1679 1009 1724 1052 in

340 1081 470 1123 domo
494 1081 629 1124 Patris
650 1081 731 1134 sui,
754 1095 979 1124 mansuros
1000 1081 1208 1139 quosdam
1228 1080 1358 1122 etiam
1378 1094 1465 1123 non
1483 1089 1654 1123 renatos
1672 1093 1724 1122 ex

343 1165 454 1208 aqua
473 1159 515 1192 et
539 1151 716 1207 Spiritu,
742 1160 791 1193 ut
815 1150 945 1194 fidem
969 1150 1224 1195 catholicam
1249 1160 1410 1205 teneas,
1436 1150 1665 1205 admoneo,
1690 1150 1721 1193 si

338 1220 564 1278 permittis,
587 1220 817 1263 emendare
839 1236 928 1264 non
943 1221 1131 1264 differas.

395 1293 560 1334 XVHI.
597 1291 695 1335 Noli
717 1292 908 1344 credere,
934 1307 1013 1335 nec
1035 1291 1193 1345 dicere,
1218 1305 1297 1334 nec
1315 1290 1487 1344 docere,
1512 1308 1532 1331 «
1555 1291 1725 1334 Sacrifi-

338 1362 451 1405 cium
477 1362 823 1405 Christianorum
853 1376 932 1421 pro
950 1361 999 1405 iis
1021 1364 1095 1421 qui
1116 1377 1205 1405 non
1233 1360 1438 1419 baptizati
1464 1360 1518 1404 de
1543 1375 1723 1419 corpore

338 1432 544 1486 exierint,
577 1431 874 1486 offerendum,
918 1450 937 1472 »
968 1432 1001 1474 si
1025 1432 1088 1475 vis
1121 1446 1210 1475 esse
1230 1430 1484 1474 catholicus.
1509 1431 1621 1482 Quia
1644 1445 1724 1474 nec
1750 1460 1755 1464 -

339 1501 448 1544 illud
471 1501 590 1559 quod
607 1500 661 1544 de
681 1502 1031 1545 Maehahaeorum
1052 1501 1174 1544 libris
1195 1500 1539 1544 commemorasti
1560 1499 1724 1544 sacrifi-

337 1571 451 1614 cium
475 1573 495 1613 J
504 1570 773 1624 udaeorum1,
805 1586 882 1629 pro
912 1572 971 1614 eis
990 1572 1066 1630 qui
1093 1587 1182 1614 non
1203 1570 1443 1614 circumcisi
1469 1566 1523 1613 de
1545 1584 1724 1628 corpore

339 1641 545 1694 exierant,
566 1639 755 1683 ostendis
773 1639 983 1684 oblatum.
1006 1644 1056 1683 In
1074 1656 1159 1698 qua
1175 1648 1247 1683 tua
1263 1640 1474 1683 sententia
1489 1648 1577 1683 tam
1591 1654 1719 1694 nova,

337 1719 381 1753 et
423 1718 570 1753 contra
612 1709 814 1753 Ecclesiae
852 1711 984 1753 totius
1027 1714 1326 1754 auctoritatem
1362 1709 1725 1769 disciplinamque

339 1780 522 1838 prolata,
539 1781 673 1823 verbo
695 1781 822 1822 etiam
839 1779 1170 1824 insolentissimo
1187 1795 1289 1823 usus
1309 1794 1368 1833 eS,
1393 1779 1539 1823 dicens
1561 1798 1570 1823 :
1594 1797 1616 1821 «
1642 1782 1723 1823 Pro

338 1850 406 1893 his
423 1865 524 1893 sane
538 1849 777 1893 oblationes
798 1849 984 1893 assiduas
1007 1859 1048 1893 et
1065 1849 1285 1894 offerenda
1297 1849 1456 1908 jugiter
1477 1857 1724 1893 sanctorum

340 1934 493 1963 censeo
516 1920 719 1964 sacrificia
742 1920 1014 1964 sacerdotum
1044 1939 1052 1964 :
1082 1938 1101 1960 »
1127 1929 1178 1963 ut
1198 1928 1241 1963 te
1262 1920 1394 1963 homo
1415 1919 1551 1963 laicus
1584 1934 1724 1963 sacer-

341 1989 518 2033 dotibus
540 1990 616 2032 Dei
632 2004 711 2033 nec
727 1988 932 2033 discendo
954 1989 1176 2044 subderes,
1197 2004 1277 2033 nec
1295 1988 1445 2033 saltem
1461 1988 1590 2033 simul
1606 2004 1722 2049 quae—

342 2060 479 2102 rendo
496 2060 708 2112 misceres,
732 2060 806 2102 sed
821 2060 1036 2103 censendo
1051 2075 1338 2119 praeponeres.
1365 2059 1518 2104 Aufert
1532 2060 1612 2103 tibi
1626 2061 1722 2114 ista,

344 2127 406 2170 fili
432 2147 440 2171 :
466 2142 555 2171 non
578 2129 635 2171 sic
666 2130 710 2171 in
731 2128 814 2182 via,
841 2143 970 2187 quam
993 2129 1188 2173 Christus
1211 2129 1385 2172 humilis
1407 2145 1450 2173 se
1477 2130 1619 2188 ipsum
1639 2144 1727 2173 esse

346 2198 510 2251 docuit,
532 2198 781 2241 ambulatur
808 2217 816 2242 :
842 2197 988 2242 nullus
1006 2213 1105 2242 cum
1124 2199 1207 2243 hoc
1223 2207 1393 2242 tumore
1407 2214 1484 2257 per
1500 2208 1727 2258 angustam

345 2276 511 2324 portam
529 2269 617 2327 ojus
631 2268 886 2326 ingreditur.

402 2339 523 2379 XIX.
564 2338 661 2381 Noli
683 2338 874 2392 credere,
901 2352 981 2381 nec
1004 2337 1162 2391 dicere,
1193 2352 1273 2381 nec
1295 2338 1468 2392 docere,
1497 2356 1518 2380 «
1542 2337 1722 2397 Aliquos

345 2420 495 2448 eorum
517 2408 590 2464 qui
608 2408 697 2451 sine
720 2408 932 2466 baptismo
947 2408 1100 2451 Christi
1122 2423 1172 2451 ex
1188 2409 1268 2452 hac
1291 2408 1378 2452 vita
1401 2408 1721 2466 emigraverint,

341 2475 510 2517 interim
536 2490 622 2518 non
650 2478 709 2518 irc
735 2478 778 2519 in
809 2491 989 2533 regnum
1019 2477 1256 2530 coelorum,
1282 2476 1356 2521 sed
1380 2478 1423 2520 in
1445 2477 1691 2535 paradisum
1707 2511 1718 2529 ,

395 2565 400 2577 ¹
430 2568 447 2587 ⁶)
471 2559 571 2589 Maeli.
596 2570 651 2599 x‘it,
676 2560 728 2598 23.
