1804 3205
322 249 372 274 nn·
406 249 542 277 ΑΝιΜΛ
576 252 628 278 Εἰ·
661 254 756 281 zius
788 256 984 295 onie-luz,
1018 257 1102 284 Lin.
1141 260 1197 285 iv.
1367 254 1449 291 387

70 323 189 355 mera
215 311 291 356 ista
315 315 507 369 nomina,
530 334 678 376 quaeso
703 329 742 363 te
775 339 784 365 ι
821 324 1008 367 Fructus
1034 332 1180 368 autem
1201 325 1374 383 spiritus
1390 339 1455 374 est

66 379 268 435 charitas,
283 382 508 440 gaudium,
528 402 623 445 pax,
641 387 963 446 longanimitas,
981 392 1240 451 benignitaS,
1261 395 1448 452 bonitas,

68 449 191 506 fides,
218 454 532 511 mansuetudo,
558 460 826 505 continentia
849 464 858 486 ¹
889 481 898 507 ι
925 472 968 507 ct
987 463 1055 508 dic
1085 465 1190 508 mihi
1214 475 1363 510 utrum
1391 483 1455 511 res

64 519 176 580 ipsas
189 536 276 566 non
291 538 509 581 agnoscas,
521 542 708 586 quarum
721 530 799 574 ista
813 541 916 576 sunt
932 535 1124 588 nomina,
1138 534 1206 578 vel
1220 536 1280 580 sic
1294 551 1454 595 agnos-

65 604 136 634 cas
151 625 162 645 ,
183 600 233 636 ut
252 592 395 653 aliqua
415 593 675 642 lineamenta
698 615 932 658 corporum
954 602 1115 648 videas.
1146 606 1273 660 Ecce,
1299 618 1347 650 ut
1373 607 1455 652 alia

67 670 231 706 taceam
251 696 262 718 ,
295 663 366 709 dic
399 667 505 711 mihi
533 684 663 727 quam
694 671 904 729 liguram,
930 689 1029 734 quae
1064 676 1287 732 membra,
1321 693 1455 737 quem

63 730 251 778 colorem
272 735 459 781 charitas
477 738 636 784 habeat
661 762 672 798 ς
696 758 796 802 quse
817 753 950 800 certe,
969 746 1003 789 si
1021 749 1112 805 ipse
1128 747 1265 791 inanis
1287 763 1373 791 non
1390 764 1453 804 es,

61 803 193 848 inane
221 803 388 865 aliquid
422 809 501 853 tibi
527 810 663 855 videri
703 828 792 858 non
827 824 984 873 potest.
1023 834 1044 858 «
1077 818 1213 876 Cujus
1243 819 1454 863 auxilium

62 873 341 933 imploratum
365 887 451 934 est,
477 879 620 940 inquis
643 915 653 935 ,
677 898 911 942 corporeus
932 889 1086 946 utiquc
1103 889 1218 931 visus
1237 900 1301 932 est
1323 898 1456 948 atque

60 942 287 992 formatus.
322 965 341 989 »
374 949 567 996 Audiant
596 962 638 997 te
670 955 866 1000 homines
885 990 896 1010 ,
926 967 970 1001 et
996 959 1072 1000 Dei
1095 973 1225 1002 nemo
1253 959 1456 1017 imploret

59 1015 268 1061 auxilium
281 1052 292 1071 ,
317 1020 419 1078 quia
434 1036 562 1067 nemo
582 1038 683 1067 eum
700 1034 846 1082 potest
859 1026 1007 1070 videre
1028 1042 1303 1086 corporeum.

121 1089 330 1133 XXXIII.
356 1108 376 1131 «
405 1092 624 1151 Denique,
652 1094 819 1153 inquis,
847 1098 1044 1142 membra
1066 1097 1155 1142 illic
1176 1100 1334 1143 animae
1355 1099 1455 1144 des-

59 1157 314 1214 cribuntur,
340 1169 389 1204 ut
409 1176 509 1205 vere
533 1163 586 1206 sit
604 1177 762 1222 corpus
783 1183 793 1209 :
813 1184 832 1206 »
855 1174 898 1210 et
926 1166 988 1210 vis
1008 1201 1019 1221 ,
1045 1185 1065 1208 ι(
1089 1183 1166 1226 per
1187 1168 1366 1213 oculum
1388 1179 1457 1214 to·

60 1236 156 1272 tum
172 1239 304 1288 caput
329 1230 529 1289 intelligi,
554 1251 573 1273 »
594 1235 695 1292 quia
719 1234 860 1280 dictus
878 1246 940 1281 est
962 1237 1124 1282 levasse
1147 1238 1294 1283 oculos
1317 1255 1416 1285 suos
1441 1261 1453 1293 3

63 1317 84 1340 «
104 1314 180 1358 per
202 1299 396 1358 linguam
415 1300 576 1356 fauces,
596 1319 672 1363 per
694 1303 881 1364 digitum
902 1322 1096 1362 manum,
1119 1327 1139 1350 »
1165 1310 1267 1368 quia
1289 1309 1456 1355 dictum

59 1377 123 1413 est
148 1388 156 1414 :
187 1389 206 1412 «
230 1370 356 1416 Mitte
388 1374 625 1429 Lazarum,
648 1385 698 1419 ut
728 1376 951 1434 intinguat
973 1388 1215 1423 extremum
1246 1379 1370 1438 digiti
1391 1381 1457 1425 sui

61 1456 82 1480 »
111 1439 157 1483 in
180 1456 339 1500 aquam
360 1476 371 1496 ,
399 1452 441 1486 et
465 1443 693 1503 refrigeret
724 1444 921 1504 linguam
944 1463 1086 1492 meam
1105 1452 1136 1492 2.
1163 1467 1182 1490 »
1213 1452 1374 1493 Tamen
1401 1465 1456 1494 ne

59 1526 136 1571 per
159 1514 453 1558 membrorum
477 1516 654 1560 nomina
678 1515 733 1560 de
755 1519 846 1561 Deo
870 1517 948 1561 tibi
971 1533 1181 1577 corporeo
1203 1519 1455 1577 praescriba-

61 1591 153 1638 tur,
177 1583 282 1628 dicis
309 1604 328 1627 «
355 1601 432 1644 per
453 1586 546 1630 haec
572 1586 850 1646 incorporeas
873 1588 1177 1648 intelligendas
1201 1605 1292 1634 esse
1321 1590 1454 1635 virtu-

0 1684 3 1709 ,
59 1661 123 1697 tes
148 1672 156 1697 ε
180 1674 196 1695 »
223 1655 325 1714 quia
339 1657 478 1699 Deum
499 1657 731 1700 rectissime
745 1656 944 1701 defendis
961 1674 1049 1702 non
1064 1674 1154 1702 esse
1174 1674 1449 1718 corporeum.

0 1744 5 1774 ,ι
61 1724 179 1776 Quid
206 1725 337 1782 igitur
370 1742 511 1770 causae
541 1736 633 1781 est,
669 1743 748 1771 cur
773 1729 950 1772 nomina
972 1729 1052 1772 ista
1081 1730 1381 1773 membrorum
1407 1731 1453 1773 in

0 1778 6 1835 i
61 1796 149 1838 Deo
171 1795 250 1838 tibi
273 1811 430 1855 corpus
454 1812 542 1840 non
571 1796 732 1841 faciant
753 1832 763 1851 ‚
794 1797 841 1842 in
867 1797 1010 1842 anima
1034 1797 1227 1843 faciant?
1260 1803 1329 1843 An
1350 1814 1453 1844 vero

0 1845 10 1935 ξ’
59 1864 238 1924 quando
270 1864 325 1909 de
362 1875 560 1911 creatura
592 1867 687 1911 hacc
724 1866 962 1919 dicuntur,
992 1869 1166 1927 proprie
1201 1869 1454 1929 accipienda

0 1958 4 1996 ᾗ
60 1944 185 1992 sunt,
205 1934 383 1995 quando
404 1946 548 1980 autem
569 1937 623 1980 de
641 1939 862 1991 Creatore,
884 1938 1050 1996 tropice
1064 1948 1195 1998 atquc
1217 1939 1452 1984 translate?

0 2011 15 2067 f·
61 2007 230 2049 Pennas
253 2007 401 2066 itaque
423 2022 650 2066 corporeas
672 2008 855 2052 daturus
886 2023 929 2052 es
951 2009 1077 2053 nobis
1097 2030 1109 2066 3
1134 2010 1340 2070 quoniam
1364 2025 1454 2054 uon

0 2102 4 2130 ,
60 2077 255 2130 Creator,
272 2076 348 2121 sed
367 2087 580 2133 creatura,
598 2078 642 2122 id
661 2088 740 2133 est,
766 2080 899 2123 homo
918 2078 1024 2124 dicit
1043 2099 1052 2125 :
1075 2099 1096 2123 «
1119 2081 1161 2125 Si
1183 2096 1454 2141 assumpsero

63 2165 84 2188 »
101 2163 264 2206 pennas
283 2163 399 2193 meas
412 2150 525 2194 sicut
545 2149 753 2194 columba
771 2151 803 2194 3.
834 2168 854 2191 »
878 2153 1012 2195 Porro
1030 2160 1192 2206 autem,
1217 2152 1251 2196 si
1274 2162 1453 2211 propte-

0 2220 9 2252 t
60 2232 131 2261 rea
151 2217 347 2277 linguam
365 2220 557 2264 habebat
573 2220 692 2264 dives
709 2219 782 2264 ille
801 2236 1071 2280 corpoream,
1096 2223 1302 2280 quoniam
1321 2221 1450 2267 dixit:

0 2260 10 2337 Ξ
61 2287 306 2347 Refrigeret
337 2289 531 2346 linguam
570 2304 713 2333 meam
746 2308 754 2334 :
790 2290 836 2332 in
865 2290 991 2334 nobis
1025 2306 1202 2350 quoque
1238 2291 1382 2336 adhuc
1407 2293 1454 2337 in

10 2355 11 2358 ¹
62 2374 190 2404 carne
203 2360 468 2415 viventibus,
481 2376 634 2405 manus
652 2361 785 2404 habet
802 2362 892 2419 ipsa
913 2360 1062 2419 lingua
1081 2377 1323 2420 corporeas,
1349 2364 1452 2422 quia

61 2431 270 2490 scriptum
289 2439 351 2474 est
375 2446 385 2472 ε
410 2450 431 2473 «
459 2434 574 2475 Mors
596 2440 639 2475 et
660 2431 750 2475 vita
771 2431 817 2474 in
840 2431 1040 2475 manibus
1064 2431 1226 2490 linguae
1249 2433 1280 2477 4.
1303 2453 1320 2475 »
1343 2437 1452 2478 Puto

63 2499 193 2544 etiam
232 2515 322 2545 non
359 2500 441 2545 tibi
476 2500 636 2557 videri,
670 2498 740 2545 vel
777 2516 867 2545 esse
901 2511 1167 2557 creaturam,
1191 2502 1261 2546 vel
1296 2518 1454 2562 corpus

0 2545 14 2659 Ξ
115 2590 125 2608 ¹
143 2583 213 2619 Gal.
231 2594 265 2627 v,
282 2593 338 2618 22·
354 2601 396 2609 —
409 2591 423 2608 ²
440 2587 518 2619 Luc.
534 2595 599 2627 xvi,
617 2584 671 2626 24.
684 2602 724 2609 -
741 2583 754 2608 3
768 2585 849 2618 Psal.
866 2595 996 2628 cxxxiii,
1015 2595 1069 2619 21.
1084 2584 1151 2615 -4
1170 2588 1265 2619 Prov.
1282 2597 1400 2627 xxxvii,
1419 2586 1451 2628 4.

0 2663 13 2713 ξ.

1201 2639 1266 2679 25.
