1804 3205
330 221 384 248 m:
418 217 557 249 ΛΜΜΛ
587 221 641 249 ετ
674 221 771 250 Esus
803 220 997 259 omnum,
1032 221 1114 247 Lm.
1151 223 1180 247 1.
1367 209 1451 250 315

60 287 202 331 verbis
229 295 388 346 neget,
423 287 561 346 reipsa
594 287 753 332 clamat
775 287 939 331 animas
966 286 1043 330 Dei
1066 286 1228 331 habere
1250 288 1454 332 substan-

63 357 163 403 tiam
177 392 190 414 ,
212 366 255 401 et
277 357 408 416 ipsius
428 372 563 416 genus
586 373 699 413 6556,
720 373 808 402 non
832 372 1009 402 munere
1023 391 1034 412 ,
1059 355 1134 400 scd
1152 365 1323 401 natura.
1344 360 1452 404 Nam

62 428 117 474 dc
139 444 227 488 quo
245 428 429 489 quisque
445 438 613 473 naturae
629 444 716 474 suae
736 429 946 488 originem
963 428 1106 483 ducit,
1124 427 1179 472 de
1197 427 1272 473 illo
1287 437 1454 472 naturae

61 515 150 545 suae
173 514 310 558 genus
341 498 500 543 duccrc
530 499 676 558 negari
707 500 849 543 sobrie
874 498 996 544 nullo
1028 508 1155 559 pacto
1185 508 1342 558 potest.
1372 501 1456 542 Iste

61 579 207 615 autem
226 572 284 615 ita
302 571 384 615 sibi
407 580 470 615 est
493 571 582 630 ipsc
607 572 872 626 contrarius,
895 580 943 615 ut
967 590 987 613 «
1011 585 1147 630 genus
1163 572 1240 614 Dei
1262 584 1351 614 csse
1369 570 1457 614 ani-

63 656 152 686 mas
184 640 302 685 dicat
317 676 328 696 ‚
364 656 452 686 non
503 650 657 686 natura
675 677 686 696 ,
733 641 806 686 sed
850 657 1057 699 munere,
1100 650 1143 685 et
1184 650 1329 686 tamen
1368 655 1456 685 non
1507 678 1510 680 .

63 711 197 758 factas
220 728 269 757 ex
293 711 456 767 nihilo,
476 713 552 757 sed
572 728 623 757 ex
646 712 720 757 illo
751 712 869 758 dicat
893 714 1105 773 originem
1130 711 1290 757 ducere
1318 732 1326 757 :
1353 731 1372 753 »
1408 727 1457 756 ac

63 784 122 829 sic
145 799 213 829 eas
229 819 240 840 ,
266 784 387 845 quod
411 784 529 844 prius
554 794 813 844 negaverat,
841 784 896 830 ad
918 785 995 830 Dei
1022 794 1224 830 naturam
1256 799 1458 831 revocare

63 871 154 901 non
178 854 368 900 dubitat.

126 927 339 970 XXXIII.
379 926 638 970 Animarum
673 935 820 971 autem
854 941 1067 971 novarum
1098 927 1190 970 sinc
1226 926 1460 985 propagine

67 997 407 1042 insufflationem
425 1032 435 1052 ‚
461 996 638 1042 defendi
660 998 839 1058 quidem
856 998 1033 1042 minime
1052 997 1334 1057 prohibemus
1349 1032 1360 1051 ,
1384 997 1460 1042 sed

69 1068 124 1113 ab
147 1068 206 1112 eis
227 1069 303 1128 qui
328 1069 548 1128 potuerint
580 1068 745 1129 aliquid
767 1069 962 1112 invenire
977 1103 989 1123 ,
1014 1068 1082 1112 vel
1105 1068 1149 1112 in
1169 1068 1387 1113 canonicis
1407 1068 1460 1112 li-

67 1139 155 1183 bris
172 1174 184 1194 ,
208 1139 329 1199 quod
348 1154 438 1183 non
454 1139 508 1183 sit
529 1139 783 1198 ambiguum
802 1138 1089 1184 dissolvendae
1112 1140 1214 1183 huic
1235 1138 1460 1197 obligatis-

67 1210 186 1254 simae
208 1209 460 1270 quaestioni,
486 1209 555 1254 vel
577 1211 621 1254 in
651 1210 1054 1255 ratiocinationibus
1084 1210 1196 1265 suis,
1222 1210 1343 1270 quod
1371 1225 1460 1255 non

68 1280 122 1324 sit
142 1280 410 1324 contrarium
431 1279 656 1324 catholicae
674 1281 845 1325 veritati
868 1300 876 1326 ε
900 1296 988 1326 non
1007 1296 1029 1324 a
1049 1279 1209 1324 talibus
1226 1278 1365 1340 qualis
1383 1280 1461 1324 iste

69 1351 293 1411 apparuit,
320 1350 394 1411 qui
418 1365 507 1395 non
537 1350 800 1396 inveniendo
830 1351 938 1412 quid
962 1351 1148 1407 diceret,
1176 1360 1219 1395 et
1245 1350 1461 1395 delibera-

70 1421 234 1466 tionem
257 1436 378 1466 suam
402 1419 594 1465 nolendo
613 1421 898 1481 suspendere,
918 1422 1029 1467 vires
1045 1438 1142 1467 suas
1165 1422 1345 1466 omnino
1373 1437 1463 1466 non

69 1492 279 1547 metiens,
313 1507 368 1535 nc
402 1501 586 1546 taceret,
614 1508 743 1537 ausus
771 1502 834 1537 est
858 1492 1023 1548 dicere,
1066 1511 1085 1534 «
1120 1493 1339 1552 inquinari
1368 1493 1464 1536 ani-

68 1579 185 1608 mam
206 1564 412 1608 meruisse
431 1578 506 1622 per
528 1578 724 1619 carnem,
750 1573 794 1608 et
812 1580 902 1609 esse
921 1564 1125 1609 meruisse
1147 1564 1335 1608 animam
1360 1578 1463 1623 pec—

68 1635 271 1681 catricem
291 1655 302 1694 3
343 1653 363 1676 »
402 1636 525 1695 cujus
562 1634 737 1680 nullum
779 1637 984 1680 meritum
1013 1671 1024 1692 ‚
1071 1650 1147 1679 seu
1185 1635 1353 1679 bonum
1389 1650 1465 1679 seu

67 1707 256 1762 malum,
281 1715 382 1752 ante
405 1722 579 1751 carnem
611 1708 758 1766 potuit
786 1708 998 1752 invenire.
1032 1726 1052 1749 «
1073 1710 1130 1751 Et
1154 1706 1345 1766 parvulis
1372 1707 1464 1750 sine

69 1777 286 1837 baptismo
308 1778 362 1822 de
379 1792 560 1836 corpore
583 1777 840 1822 exeuntibus
864 1777 972 1821 solvi
995 1792 1118 1836 posse
1136 1776 1345 1835 originale
1363 1792 1464 1836 pec-

67 1857 232 1903 catum,
247 1857 291 1893 et
303 1848 580 1892 offerendum
595 1863 674 1907 pro
690 1848 749 1892 eis
762 1848 1018 1892 sacrificium
1035 1847 1228 1907 corporis
1243 1847 1423 1902 Christi,
1443 1865 1462 1887 »

68 1920 142 1980 qui
165 1919 338 1964 Christo
365 1933 454 1963 nou
485 1927 587 1962 sunt
614 1918 878 1977 incorporati
898 1933 975 1978 per
1000 1921 1092 1978 ejus
1122 1926 1394 1962 sacramenta
1423 1918 1466 1961 in

69 1992 163 2051 ejus
185 1988 378 2035 ecclesia.
404 2008 424 2031 «
450 1992 626 2049 Eosque
643 1989 735 2034 sine
757 1988 929 2034 lavacro
954 1989 1289 2049 regenerationis
1311 1987 1365 2032 de
1385 1989 1466 2033 hac

69 2061 159 2106 vita
188 2062 469 2119 emigrante8‚
489 2076 577 2105 non
597 2061 653 2105 ad
682 2062 878 2121 requiem
904 2069 1077 2105 tantum
1105 2060 1187 2115 ire,
1213 2059 1289 2105 sed
1303 2058 1358 2104 ad
1378 2073 1466 2118 reg-

71 2146 179 2176 num
222 2129 436 2175 coelorum
470 2146 593 2191 posse
639 2131 770 2176 etiam
801 2131 1042 2192 pervenire.
1073 2150 1092 2172 »
1128 2133 1186 2175 Et
1219 2130 1300 2175 alia
1331 2128 1469 2174 multa

71 2202 288 2257 absurda,
318 2218 418 2262 quae
446 2203 593 2248 omnia
615 2202 842 2262 colligere,
870 2212 1002 2263 atque
1033 2204 1079 2247 in
1104 2203 1186 2247 isto
1214 2201 1326 2246 libro
1348 2201 1468 2259 dige—

72 2288 189 2328 rere,
213 2272 396 2332 longum
410 2274 550 2317 visum
569 2282 646 2316 est.
670 2273 795 2317 Absit
810 2287 912 2331 ergo
930 2282 979 2317 ut
993 2273 1236 2317 animarum
1254 2286 1465 2331 propago,

73 2344 108 2388 si
141 2343 250 2388 falsa
273 2354 360 2399 est,
390 2360 414 2388 a
445 2343 606 2388 talibus
634 2342 886 2402 refellatur3
914 2352 957 2387 et
985 2344 1229 2386 animarum
1255 2357 1466 2388 novarum

72 2413 308 2458 insufflatio
323 2448 335 2468 ,
361 2414 395 2458 si
417 2429 516 2458 vera
540 2424 603 2458 est
618 2448 629 2468 ‚
659 2429 683 2457 a
709 2413 868 2457 talibus
891 2412 1170 2457 defendatur.

129 2485 337 2528 XXXIV.
373 2485 670 2537 Quamobrem
707 2483 977 2544 quicumque
1005 2483 1162 2529 volunt
1195 2482 1433 2528 defendere
1453 2516 1464 2536 ,

73 2554 194 2614 quod
224 2555 432 2601 dicuntur
460 2557 616 2601 animae
648 2570 772 2601 novae
800 2555 1080 2600 nascentibus
1106 2554 1315 2600 insufflari
1333 2588 1344 2608 ,
1376 2567 1462 2597 non
