1784 3205
238 246 250 259 Α
298 208 378 244 198
729 223 763 248 s.
799 219 1028 247 Aversa-mi
1063 220 1240 249 nmseom

292 282 401 326 nihil
429 281 546 326 unde
577 281 952 326 confunderentur
985 283 1030 326 in
1064 285 1271 329 membris
1309 295 1551 341 senserant,
1582 301 1681 347 quae

248 388 251 407 ς
290 353 515 398 videbant.
552 355 649 398 Non
687 354 802 397 enim
832 353 997 397 dictum
1029 364 1117 410 est,
1152 359 1289 401 Erant
1324 359 1454 402 ambo
1479 356 1605 411 nudi,
1637 365 1680 402 et

236 434 248 443 “
291 424 572 483 ignorabant,
592 424 666 467 sed
684 458 694 478 ‚
720 443 739 465 «
764 438 853 467 non
875 423 1277 471 confundebantur.
1306 447 1319 467 »
1347 428 1458 480 Quia
1478 428 1594 471 enim
1612 428 1681 471 ni-

292 493 355 539 hil
389 503 666 553 praecesserat
695 493 815 554 quod
849 510 940 540 non
966 495 1140 552 liceret,
1174 497 1283 541 nihil
1313 507 1510 542 secutum
1543 496 1684 543 fuerat

291 565 411 625 quod
440 564 637 623 puderet.

350 638 448 679 VII.
480 635 545 678 lbi
569 636 701 679 homo
725 634 926 693 primitus
951 636 1029 680 Dei
1050 636 1146 695 lege
1168 647 1451 698 transgressa,
1474 639 1600 683 aliam
1620 638 1685 683 le-

142 682 161 701 ”⁸-

66 699 75 704 ”
201 709 204 714 “
222 745 225 749 i
245 707 390 768 ‘'-23e111
409 715 728 764 repugnantem
747 722 836 750 suae
858 708 994 751 menti
1016 707 1174 752 babere
1192 711 1325 769 coepit
1342 711 1385 754 in
1403 711 1625 764 membris,
1645 720 1690 755 et

280 775 600 832 3inobedientiae
625 792 714 820 suae
745 776 910 820 malum
936 778 1095 833 sensit,
1127 779 1304 838 quando
1333 780 1415 824 sibi
1440 781 1688 844 dignissime

291 848 550 892 retributam
599 847 943 892 inobedientiam
994 865 1083 892 suae
1131 851 1268 894 carnis
1313 851 1519 910 invenit2j1
1542 852 1687 896 Talem

296 920 459 978 quippe
494 920 622 962 etiam
661 934 835 978 serpens
873 920 1101 970 oculorum
1135 922 1402 981 apertionem
1440 922 1689 968 seducendo

300 990 572 1049 promiserat,
610 989 662 1033 ad
694 989 861 1050 aliquid
890 991 1092 1036 videlicet
1119 993 1365 1048 sciendum,
1394 994 1513 1054 quod
1534 993 1688 1038 melius

296 1061 550 1105 nesciretur.
598 1064 718 1105 Tunc
756 1061 799 1105 in
839 1077 882 1105 se
914 1062 1078 1122 quippe
1105 1064 1238 1107 sensit
1264 1064 1397 1108 homo
1419 1063 1526 1124 quid
1552 1064 1685 1109 iecit:

243 1125 399 1192 E‚JJt11ne
425 1147 447 1191 a
478 1132 596 1175 bono
622 1131 815 1187 malum,
849 1148 937 1177 non
965 1132 1170 1188 carendo,
1197 1135 1273 1178 sed
1296 1134 1580 1195 perpetiendo
1602 1134 1690 1179 dis-

294 1218 392 1246 erc-v
397 1202 442 1245 it.
455 1202 679 1261 Injustum
700 1203 815 1246 enim
834 1212 941 1258 etat
955 1213 1004 1247 ut
1017 1204 1392 1264 obtemperaretur
1409 1221 1432 1249 a
1450 1221 1573 1250 selvo
1591 1220 1685 1260 suo,

295 1272 339 1316 id
369 1281 447 1325 est,
478 1288 500 1314 a
528 1287 709 1332 empore
732 1288 810 1317 suo
843 1274 898 1328 ei,
931 1274 1007 1332 qui
1037 1290 1126 1319 non
1160 1275 1481 1335 obtemperarat
1504 1276 1689 1320 Domino

295 1359 389 1388 suo.
416 1345 527 1388 Nam
549 1343 751 1404 quidest,
771 1343 891 1403 quod
915 1345 1047 1400 oculi,
1072 1345 1203 1400 labia,
1230 1346 1394 1405 lingua,
1421 1362 1592 1401 manus,
1617 1362 1690 1406 pe-

296 1415 386 1469 des,
419 1416 671 1460 inflexiones
706 1416 838 1470 dorsi,
871 1417 1048 1461 cervicis
1082 1427 1124 1462 et
1151 1417 1352 1471 laterum,
1386 1427 1437 1462 ut
1470 1417 1525 1462 ad
1558 1433 1688 1477 opera

297 1485 379 1529 sibi
396 1501 588 1547 congrua
606 1495 879 1541 moveantur,
900 1487 1088 1546 positum
1109 1488 1155 1531 in
1175 1498 1387 1547 potestate
1402 1498 1486 1544 est,
1510 1488 1690 1549 quando

297 1557 351 1599 ab
375 1555 696 1615 impedimentis
714 1572 871 1616 corpus
892 1556 1081 1602 liberum
1106 1559 1319 1604 habemus
1341 1569 1384 1604 et
1411 1574 1587 1617 sanum3
1612 1560 1689 1603 ubi

173 1625 184 1642 ⁶
298 1636 443 1671 autem
463 1636 645 1672 ventum
665 1627 798 1671 fuerit
814 1637 864 1672 ut
881 1627 957 1672 filii
979 1630 1264 1685 seminentur,
1285 1629 1339 1674 ad
1355 1630 1589 1675 voiuntatis
1606 1646 1690 1674 nu-

301 1707 391 1742 tum
409 1699 605 1758 membra
626 1700 672 1743 in
691 1701 775 1745 hoe
797 1716 905 1760 opus
928 1714 1070 1745 ereata
1093 1717 1184 1746 non
1207 1703 1416 1757 serviunt,
1441 1702 1518 1746 sed
1539 1717 1690 1762 expec-

299 1778 413 1813 tatur
437 1779 485 1814 ut
498 1770 558 1827 [ea
583 1770 702 1815 velut
719 1772 784 1815 sui
797 1772 906 1831 juris
923 1771 1061 1816 libido
1079 1782 1369 1828 commoveat,
1393 1781 1437 1817 et
1453 1772 1689 1832 aliquando

297 1855 386 1883 non
401 1840 506 1884 facit
521 1841 665 1885 animo
683 1841 857 1886 volente
876 1876 886 1896 ‚
907 1857 1006 1886 cum
1024 1842 1260 1902 aliquando
1278 1841 1408 1887 faciat
1423 1852 1467 1887 et
1488 1842 1690 1888 nolente?

297 1911 466 1955 Hincne
496 1913 771 1957 erubesceret
801 1914 982 1957 humani
1012 1913 1186 1958 libertas
1214 1913 1395 1969 arbiuii,
1428 1913 1548 1973 quod
1581 1929 1688 1959 eon-

297 1983 533 2026 temnendo
567 1983 853 2042 imperantem
883 1987 1022 2027 Deum
1053 1984 1183 2028 etiam
1214 1985 1259 2028 in
1296 1984 1489 2029 membra
1517 1986 1690 2044 propria

300 2053 522 2111 proprium
541 2053 822 2112 perdidisset
813 2054 1066 2113 imperium.
1057 2049 1083 2086 ἶ)
1091 2054 1175 2098 Ubi
1191 2064 1338 2099 autem
1355 2054 1688 2100 convenientius

299 2132 613 2167 monstraretui
629 2123 939 2169 inobedientiae
955 2124 1125 2188 merito
1128 2125 1407 2184 depravatam
1425 2141 1514 2170 esse
1534 2127 1690 2171 huma-

300 2210 399 2238 nam
433 2197 685 2250 naturam1,
719 2211 852 2254 quam
877 2196 923 2239 in
944 2195 1011 2239 his
1035 2195 1388 2241 inobedientibus
1413 2196 1545 2252 locis,
1570 2196 1690 2241 unde

298 2281 376 2325 per
395 2267 708 2311 successionem
733 2267 959 2311 subsistit
949 2282 1040 2326 ipsa
1066 2276 1220 2312 natura
1235 2270 1373 2314 PNam
1398 2268 1496 2313 ideo
1517 2270 1691 2328 proprie

300 2337 394 2380 istae
417 2338 606 2397 corporis
634 2347 776 2397 partes
804 2347 971 2383 naturae
999 2338 1176 2383 nomine
1205 2349 1532 2399 nuncupantur.
1561 2342 1690 2384 Hunc

301 2408 449 2468 itaque
479 2418 646 2453 motum
671 2409 770 2455 ideo
797 2409 1071 2455 indecentem
1094 2410 1196 2470 quia
1220 2409 1563 2466 inobedientem,
1588 2425 1688 2455 cum

271 2502 280 2514 ·»
302 2479 364 2522 illi
388 2480 515 2539 primi
538 2481 734 2526 homines
758 2482 803 2526 in
831 2497 907 2526 sua
933 2496 1062 2526 carne
1093 2481 1339 2537 sensissent,
1371 2491 1413 2527 et
1434 2480 1481 2526 in
1502 2496 1579 2527 sua
1601 2496 1687 2525 nu-

356 2572 361 2587 ¹
381 2567 459 2598 Gen.
481 2576 528 2607 111,
548 2576 578 2607 7.
