1804 3205
321 209 482 236 corz-rm
517 210 621 238 oms
654 212 785 240 Epts’r.
821 210 1047 240 mmmm.
1084 214 1166 240 Lm.
1205 216 1251 242 ιι.
1403 204 1485 245 453

108 275 380 330 debuerunt,
408 277 583 337 utrique
609 278 651 322 in
677 279 791 323 bono
818 280 1058 339 coaequati,
1088 295 1176 324 non
1203 281 1271 324 alii
1299 282 1491 340 liberati,

107 346 176 390 alii
199 346 391 390 damnati
418 357 518 392 sunt
546 368 553 392 :
580 349 678 408 quia
707 358 749 393 ct
775 349 835 393 illi
865 350 940 410 qui
966 349 1062 410 plus
1091 350 1420 410 laboraverunt,
1453 366 1497 401 et

106 417 224 477 quod
242 419 302 462 sic
319 420 457 463 vocati
475 429 577 464 sunt
603 429 650 464 ut
673 421 894 475 venirent,
920 431 963 466 et
984 421 1101 482 quod
1125 423 1184 467 sic
1206 426 1312 482 pasti
1336 435 1383 470 ut
1406 443 1495 472 non

106 488 369 544 deficerent,
405 490 459 533 ab
488 491 579 550 ipso
608 490 913 550 patrefamilias
944 493 1207 537 habuerunt.
1246 495 1494 542 Ubiautem

105 559 265 604 dicitur
285 579 293 605 ε
321 580 339 602 «
362 563 477 621 Ergo
495 562 566 606 cui
584 562 679 607 vult
697 563 938 618 miseretur,
959 574 1002 608 et
1021 580 1150 624 quem
1170 566 1264 610 vult
1279 567 1492 627 obdurat,

107 649 126 671 »
148 631 224 690 qui
244 630 347 676 facit
364 632 482 676 aliud
500 648 572 677 vas
591 633 634 676 in
652 634 878 687 honorem,
896 634 1014 679 aliud
1032 635 1073 678 in
1091 636 1400 682 contumeliam
1414 642 1448 683 ¹:
1470 659 1489 682 »

106 702 269 746 bonum
296 703 474 763 quidem
504 704 720 749 immerito
746 715 788 750 et
811 707 938 764 gratis
961 708 1110 761 datur,
1133 707 1235 766 quia
1262 723 1313 752 ex
1342 709 1494 755 eadem

103 788 239 818 massa
252 784 315 818 est
329 776 398 819 cui
413 791 500 819 non
515 776 660 830 datur,
676 777 836 821 malum
854 793 956 823 vero
971 780 1124 824 merito
1135 788 1177 823 et
1188 779 1384 825 debitum
1399 782 1496 826 red-

102 844 235 900 ditur,
252 846 351 905 quia
367 847 410 890 in
424 862 559 891 massa
575 847 828 907 perditionis
847 849 1010 893 malum
1028 849 1143 894 malo
1160 866 1250 895 non
1267 852 1380 896 male
1394 854 1495 897 red-

101 915 246 973 ditur3
267 926 309 960 et
330 919 368 960 ei
391 918 461 961 cui
485 918 682 962 redditur
701 919 864 963 malum
887 929 966 975 est,
993 920 1093 979 quia
1116 921 1378 980 supplicium
1401 925 1492 983 ejus

101 996 186 1043 est,
212 988 250 1031 ei
272 1003 374 1032 vero
390 1004 412 1031 a
431 1004 519 1048 quo
541 987 752 1044 redditur,
779 990 943 1033 bonum
968 999 1045 1042 est,
1069 991 1170 1049 quia
1194 1000 1309 1034 reete
1329 992 1493 1037 factum

100 1058 190 1116 ejus
207 1066 284 1102 est.
305 1061 392 1103 Nec
407 1058 496 1102 ulla
515 1068 578 1103 est
597 1060 792 1117 acceptio
810 1073 1092 1117 personarum
1114 1060 1159 1102 in
1179 1059 1352 1104 duobus
1375 1062 1494 1105 debi-

101 1129 266 1172 toribus
295 1128 521 1188 aequaliter
545 1129 640 1182 reis,
673 1129 706 1172 si
732 1128 854 1172 alteri
879 1128 1127 1183 dimittitur,
1156 1129 1263 1174 alter
1287 1131 1489 1190 exigitur,

97 1199 217 1258 quod
240 1200 400 1258 pariter
424 1201 478 1243 ab
501 1209 688 1259 utroque
710 1200 910 1244 debetur.

156 1272 276 1313 XIV.
317 1270 400 1314 Sed
431 1279 479 1314 ut
504 1269 549 1314 id
577 1269 697 1330 quod
724 1270 908 1315 dicimus
937 1271 1117 1330 alicujus
1146 1273 1331 1332 exempli
1358 1276 1491 1318 mani·

98 1340 326 1384 festatione
345 1340 567 1395 clarescat,
593 1342 907 1385 constituamus
930 1341 1096 1402 aliquos
1120 1343 1174 1386 ab
1192 1343 1336 1403 aliqua
1355 1360 1492 1390 mere-

100 1411 201 1454 trice
234 1411 428 1469 geminos
460 1410 615 1466 editos,
648 1420 779 1472 atque
808 1420 857 1454 ut
884 1412 939 1455 ab
967 1412 1058 1456 aliis
1085 1412 1394 1471 colligerentur
1423 1431 1489 1459 ex-

96 1481 257 1539 positos
284 1501 292 1526 :
316 1483 471 1525 horum
494 1482 585 1525 sine
608 1482 822 1540 baptismo
846 1482 1056 1541 expiravit
1082 1498 1221 1537 unuS,
1248 1483 1355 1528 alius
1382 1485 1491 1544 bap-

98 1551 264 1595 tizatus.
294 1552 423 1604 Quod
450 1552 519 1596 hic
541 1551 679 1595 latum
700 1552 978 1596 fortunamve
996 1552 1129 1595 fuisse
1154 1552 1363 1608 dicamus,
1389 1570 1489 1614 quae

95 1624 274 1667 omnino
292 1623 413 1666 nulla
430 1632 531 1667 sunt
547 1625 564 1666 P
582 1625 723 1676 Quam
741 1638 1024 1682 personarum
1044 1625 1339 1682 acceptionem
1357 1660 1368 1679 ‚
1387 1641 1489 1670 cum

94 1693 211 1753 apud
239 1697 377 1738 Deum
401 1692 519 1737 nulla
543 1703 680 1747 esset,
711 1695 839 1737 etiam
864 1694 896 1737 si
922 1695 967 1736 in
988 1694 1078 1738 istis
1100 1694 1189 1738 ulla
1212 1710 1301 1739 esse
1323 1697 1490 1754 potuis-

92 1773 158 1810 set
187 1766 263 1824 qui
293 1766 446 1823 utique
471 1764 579 1807 nihil
602 1764 851 1818 habebant,
880 1764 999 1808 unde
1026 1764 1134 1808 alter
1164 1765 1286 1810 alteri
1317 1766 1490 1825 praefer-

95 1844 229 1888 retur‚
254 1835 496 1893 meritaque
517 1834 638 1878 nulla
660 1833 850 1894 propria,
877 1835 965 1880 sive
988 1835 1102 1879 bona
1124 1870 1135 1889 ‚
1160 1836 1320 1895 quibus
1344 1852 1486 1882 mere-

94 1915 213 1950 retur
236 1905 344 1949 alius
369 1905 607 1964 baptizari,
635 1906 723 1949 sive
743 1905 871 1957 mala,
899 1905 1058 1965 quibus
1080 1905 1187 1950 alius
1209 1908 1300 1951 sine
1324 1908 1488 1967 baptis-

93 1986 208 2021 mate
238 1976 376 2020 mori?
408 1979 474 2020 An
505 1974 649 2036 aliqua
674 1985 904 2035 parentum
932 1975 1126 2030 fuerunt,
1152 1976 1228 2020 ubi
1249 1976 1486 2024 fornicator

93 2057 231 2108 pater,
269 2047 472 2091 meretrix
503 2047 671 2090 mater?
708 2046 792 2090 Sed
824 2045 1162 2106 qualiacumque
1195 2046 1267 2091 illa
1296 2047 1480 2105 fuerint,

92 2134 181 2164 non
208 2119 361 2178 utique
389 2118 476 2163 istis
502 2127 591 2162 tam
617 2116 785 2162 diversa
812 2118 1062 2163 conditione
1085 2119 1371 2164 morientibus
1394 2120 1484 2165 ulla

92 2190 259 2235 diversa
274 2223 285 2244 ,
313 2187 388 2232 sed
413 2188 588 2248 utrique
612 2188 876 2232 communia.
907 2188 950 2233 Si
972 2203 1072 2246 ergo
1094 2203 1174 2233 nec
1199 2188 1355 2245 fatum,
1380 2191 1483 2250 quia

37 2307 42 2312 ⁴
92 2260 226 2304 nullae
257 2259 393 2304 stellae
421 2260 502 2303 ista
528 2260 798 2316 decernunt,
830 2274 911 2302 nec
935 2257 1126 2313 fortuna,
1154 2259 1256 2318 quia
1278 2275 1368 2304 non
1392 2259 1482 2306 for-

94 2331 193 2376 tuiti
219 2345 341 2375 casus
368 2331 463 2375 haec
487 2339 644 2390 agunt,
669 2345 750 2374 nec
782 2344 1087 2388 personarum,
1116 2344 1196 2374 nec
1224 2331 1479 2376 meritorum

93 2401 319 2446 diversitas
340 2402 424 2446 hoc
447 2401 647 2447 fecerunt
668 2420 676 2445 :
699 2399 808 2461 quid
835 2410 992 2455 restat,
1026 2410 1239 2460 quantum
1267 2401 1322 2446 ad
1347 2403 1483 2462 bapti-

95 2481 240 2517 zatum
264 2472 434 2528 attinet,
461 2472 541 2516 nisi
564 2472 697 2530 gratia
719 2472 796 2516 Dei
819 2486 918 2531 quae
939 2471 1049 2515 vasis
1068 2469 1192 2516 factis
1209 2471 1254 2516 in
1270 2473 1479 2517 honorem

145 2565 153 2580 ¹
178 2560 267 2591 Rom.
287 2569 333 2599 ix,
359 2557 397 2590 18
416 2562 449 2591 et
467 2566 520 2591 21.
