1784 3205
323 184 405 221 272
760 199 791 222 s.
828 196 1056 223 AUGUSTJNI
1090 198 1272 225 Errscom

320 259 574 314 ascribetur,
600 269 676 304 aut
692 261 896 305 daemoni.
927 262 968 305 Si
991 271 1159 317 natura,
1186 262 1344 321 inquit,
1371 278 1448 321 per
1467 266 1605 306 Deum
1623 272 1701 318 est,

319 345 409 374 non
425 340 567 390 potest
584 331 629 374 in
651 346 699 375 ea
715 346 804 375 esse
824 331 1031 389 originale
1047 332 1224 376 malum.
1255 334 1296 378 Si
1319 350 1342 377 a
1373 333 1562 387 diabolo,
1596 333 1704 377 nihil

320 402 400 445 erit
431 417 507 460 per
527 401 646 460 quod
673 402 803 445 homo
819 402 966 446 divino
986 404 1106 461 operi
1126 404 1384 448 vindicetur.
1415 403 1707 447 Perfeeteita-

287 473 404 536 ⁴x*que
418 473 684 516 Manichacus
707 483 785 522 est
812 474 886 532 qui
909 472 1072 517 malum
1101 475 1306 532 originale
1328 474 1584 518 defendit.»
1614 478 1706 518 Au-

318 543 407 588 diet
425 544 568 602 potius
586 524 813 587 adversum
838 544 915 586 ista
937 544 1057 603 quod
1071 560 1225 588 verum
1243 554 1319 589 est.
1350 548 1398 588 In
1420 559 1509 606 uno
1531 545 1706 588 homine

311 614 409 673 jure
423 615 693 673 vituper¹atui
707 614 907 667 intentio,
925 623 967 657 et
984 624 1136 658 nattua
1153 614 1354 658 13υε13ῑυι
1361 615 1501 673 ,quia
1504 614 1591 658 duo
1606 622 1707 658 sunt

317 700 416 742 quae
438 686 663 729 contrariis
697 684 970 744 applicentur
1001 704 1008 729 z
1036 686 1109 729 sed
1150 686 1279 728 etiam
1306 685 1350 727 in
1374 685 1579 743 parvulo,
1617 700 1706 729 non

317 769 454 797 unum
474 763 538 798 est
559 764 746 808 tantum,
772 754 815 797 id
840 764 918 809 est,
944 764 1115 808 natura,
1141 755 1184 798 in
1203 770 1289 814 qua
1310 764 1478 798 creatus
1497 756 1707 799 esthemo

319 840 341 868 a
366 828 453 868 Deo
482 825 625 882 bono·⁷
658 826 790 868 habet
825 825 939 868 enim
969 834 1012 869 et
1036 825 1214 880 vitium,
1243 824 1362 884 quod
1398 840 1473 883 per
1498 840 1636 868 unum
1663 825 1708 868 in

316 909 464 938 omnes
482 895 678 939 homines
697 895 960 954 pertransiit,
981 896 1092 939 sicut
1118 896 1176 939 ait
1199 895 1453 954 Apostolus,
1479 911 1567 939 non
1599 896 1710 939 sicut

316 965 472 1025 desipit
491 966 703 1024 Pelagius,
724 967 793 1011 vel
815 966 1061 1021 Coelestius,
1085 966 1153 1010 vel
1168 982 1318 1010 eorum
1337 968 1602 1026 quicumque
1622 966 1710 1010 dis-

315 1036 483 1095 cipulus
500 1035 528 1080 ¹ss
558 1041 722 1082 Horum
748 1038 896 1097 itaque
912 1038 1116 1089 duorum,
1143 1054 1241 1096 quae
1264 1038 1308 1081 in
1328 1038 1508 1097 parvulo
1531 1052 1620 1080 esse
1638 1037 1708 1081 di·-

314 1108 470 1161 ximus,
497 1096 635 1151 unum
666 1109 895 1152 ascribitur
925 1112 1035 1162 Deo,
1061 1108 1246 1151 alterum
1283 1108 1472 1152 diabolo.
1507 1111 1561 1151 Et
1589 1108 1709 1167 quod

315 1187 552 1238 utrumque
573 1188 750 1236 propter
776 1194 914 1222 unum
938 1180 1091 1222 horum
1106 1214 1116 1233 ,
1143 1178 1188 1222 id
1209 1188 1293 1233 est,
1326 1188 1503 1238 propter
1526 1178 1679 1222 vitium
1694 1212 1705 1233 ,

313 1248 540 1307 subjicitur
559 1258 758 1307 potestati
775 1248 954 1302 diaboli
976 1248 1073 1292 idco
1091 1259 1257 1293 nonest
1274 1264 1583 1306 inconoiuum
1607 1248 1710 1306 quia

314 1333 401 1362 non
421 1319 500 1361 fit
493 1320 622 1377 ipsius
645 1317 807 1362 diaboli
831 1327 1059 1377 potestate,
1081 1319 1153 1362 sed
1178 1319 1268 1362 Dei.
1281 1305 1536 1384 {Subjicitur
1563 1328 1710 1362 autem

314 1389 468 1432 vitium
499 1389 626 1445 vitio,
668 1399 822 1434 natura
859 1399 1049 1445 naturae·
1075 1390 1173 1448 quia
1196 1399 1237 1433 et
1257 1391 1301 1433 in
1324 1389 1499 1434 diabolo
1532 1399 1706 1433 utrum-

313 1476 398 1519 que
421 1470 517 1504 est:
544 1470 593 1504 ut
628 1455 728 1506 cnm
766 1460 910 1504 dilecti
948 1470 990 1504 et
1021 1459 1145 1504 electi
1176 1459 1230 1504 de
1261 1470 1471 1519 potestate
1505 1460 1703 1504 tenebra⁷

315 1545 411 1573 lum
434 1540 663 1581 eruuntur,
685 1531 788 1574 cui
774 1546 872 1589 jure
895 1529 1161 1584 subduntur,
1201 1540 1406 1589 appareat
1440 1530 1547 1589 quid
1568 1531 1706 1574 done.-

318 1609 386 1644 tur
408 1601 652 1659 justificatis
680 1601 803 1645 bonis
833 1616 855 1644 a
892 1603 979 1644 Deo
1013 1601 1158 1644 hono‘2
1166 1601 1318 1654 ,bene
1342 1611 1549 1660 operante
1580 1609 1622 1644 et
1652 1600 1707 1644 de

314 1670 451 1714 malis.

374 1745 422 1785 L„
455 1743 583 1794 Qnod
603 1752 747 1786 autem
768 1743 847 1786 iste
869 1741 948 1786 sihi
967 1742 1087 1801 quasi
1111 1742 1305 1800 religiose
1328 1741 1471 1785 dicere
1489 1742 1602 1785 visus
1618 1750 1702 1796 est,

319 1832 337 1852 «
361 1813 403 1857 Si
429 1823 583 1857 natura
597 1829 672 1872 per
697 1817 833 1856 Deum
860 1822 938 1867 est,
967 1828 1055 1856 non
1081 1821 1221 1871 potest
1242 1813 1285 1855 in
1311 1828 1358 1856 ea
1386 1828 1475 1856 esse
1497 1811 1705 1871 originale

315 1884 475 1928 malurn
505 1904 513 1929 ;
543 1904 562 1926 »
593 1901 739 1929 nonne
765 1886 1003 1944 religiosius
1024 1884 1104 1929 sibi
1135 1885 1242 1928 alius
1272 1886 1440 1929 videtur
1468 1884 1633 1939 dicere,
1662 1884 1704 1929 Si

315 1964 467 1999 natura
487 1972 561 2015 per
589 1960 721 2000 Deum
747 1965 824 2009 est,
852 1972 939 2000 non
958 1965 1097 2015 potest
1116 1957 1160 1999 in
1179 1972 1227 1999 ea
1245 1956 1346 1999 oriri
1360 1955 1500 1999 ullum
1515 1953 1704 1998 malum?

315 2028 370 2068 Et
397 2035 541 2069 tamen
565 2025 722 2070 falsum
751 2037 814 2069 est
836 2045 844 2070 :
871 2027 952 2070 hoc
971 2027 1085 2069 enim
1105 2026 1334 2070 Manichaei
1354 2041 1538 2070 asserere
1553 2025 1703 2068 volue-

315 2105 445 2152 runt,
470 2105 512 2139 et
530 2112 618 2140 non
641 2106 881 2140 creaturam
909 2097 985 2140 Dei
1012 2097 1170 2140 saetam
1195 2097 1248 2140 de
1272 2097 1430 2152 nihilo,
1462 2095 1536 2140 sed
1568 2096 1702 2155 ipsam

286 2164 298 2176 ³
314 2175 514 2209 naturam
535 2167 607 2210 Dei
625 2166 746 2210 malis
762 2167 963 2210 omnihus
979 2166 1159 2224 implere
1176 2168 1320 2210 eonati
1335 2176 1450 2210 sunt.
1473 2169 1568 2210 Non
1587 2166 1702 2208 enim

315 2245 459 2280 ortum
484 2246 545 2280 est
569 2237 729 2280 malum
753 2237 833 2280 nisi
857 2237 900 2280 in
924 2237 1055 2290 hono,
1084 2252 1163 2280 nec
1188 2246 1330 2280 tamen
1351 2252 1521 2280 summo
1550 2245 1592 2279 et
1621 2235 1703 2278 im-

315 2308 513 2351 mutabili
535 2308 654 2367 quod
678 2317 740 2351 est
759 2318 913 2352 natura
947 2307 1042 2361 Dei,
1070 2307 1143 2350 sed
1168 2307 1283 2351 facto
1305 2307 1359 2350 de
1382 2306 1518 2351 nihilo
1538 2322 1612 2365 per
1631 2322 1700 2350 sa-

314 2379 517 2437 pientiam
545 2380 634 2422 Dei.
665 2381 739 2422 Est
756 2379 902 2438 itaque
923 2394 1000 2438 per
1022 2379 1141 2438 quod
1158 2379 1288 2422 homo
1306 2378 1454 2422 divino
1471 2379 1589 2437 operi
1605 2378 1701 2422 vin-

314 2449 623 2508 dicetur-,quia
640 2465 728 2494 non
741 2459 848 2493 esset
862 2451 1008 2505 homo,
1028 2450 1106 2493 nisi
1130 2449 1279 2493 divino
1301 2464 1430 2509 opere
1451 2459 1695 2494 crearetur:

363 2542 371 2557 ¹
392 2537 485 2568 Rom.
504 2547 537 2576 v,
562 2544 658 2567 12.·-
682 2542 692 2557 ²
713 2535 829 2567 Coloss.
847 2546 869 2577 1,
894 2535 943 2568 13.
