1784 3205
334 242 416 279 262
766 258 798 281 s.
821 256 935 280 mci
955 256 1062 280 s'rim
1103 255 1276 279 EPJRCOW

332 317 478 362 fructu
512 319 611 377 ipsis
641 320 890 364 Manicliaeis
919 320 1242 362 convincuntur
1283 318 1581 376 perniciosiora
1617 332 1713 360 sen-

332 389 429 444 tire,
454 389 673 434 credendo
695 390 896 449 parvulos
918 390 1089 434 Christo
1109 390 1276 434 medico
1299 404 1385 432 non
1409 403 1549 447 egere.

389 463 597 505 XXXIX.
620 479 640 503 «
658 462 817 505 Desinis
834 495 844 515 ‚
865 461 1024 520 inquit,
1043 461 1282 514 hominem,
1302 460 1336 503 si
1356 459 1410 503 de
1431 459 1714 503 fornicatione

308 541 556 585 >nascatur,
594 547 714 575 reum
746 547 834 575 non
868 546 978 586 esse,
1015 532 1046 575 si
1082 531 1137 574 de
1169 531 1403 590 conjugio,
1438 530 1715 573 innocentem

329 618 419 646 non
443 617 546 645 esse.
574 604 670 646 Huc
691 603 806 644 enim
835 602 1032 660 pervenit
1055 600 1176 660 quod
1198 600 1360 654 dixisti,
1389 601 1552 644 bonum
1586 609 1716 643 natu—

330 673 418 717 rale
437 673 491 716 de
509 673 730 717 adulteriis
753 688 876 731 posse.
893 673 1141 726 subsistere,
1170 671 1332 715 malum
1356 671 1563 729 originale
1586 670 1716 714 etiam

330 743 385 786 de
404 743 605 801 conjugio
629 743 753 786 trahi.
782 765 798 783 »
825 746 998 786 Frustra
1019 744 1198 786 omnino
1228 751 1410 786 conatur
1437 739 1554 799 apud
1587 741 1717 784 intel-

328 811 535 870 ligentem
554 811 759 856 lectorem
774 847 784 867 ,
811 828 910 871 quae
928 822 1029 856 sunt
1044 821 1159 856 recta
1179 821 1437 871 pervertere.
1460 811 1583 854 Absit
1600 810 1716 854 enim

328 891 378 926 ut
400 881 591 926 dicamus
606 917 619 937 ,
639 883 885 937 hominem,
906 882 1010 926 side
1036 881 1324 926 fornicatione
1352 890 1569 935 nascatur,
1596 895 1715 923 reum

327 967 417 995 non
436 968 538 995 csse.
568 953 650 997 Sed
675 952 880 1007 dicimus,
906 954 1152 1006 hominem,
1178 954 1266 996 sive
1294 951 1348 995 de
1383 951 1608 1010 conjugio,
1630 951 1717 993 sive

329 1023 385 1066 de
404 1022 691 1067 fornicatione
725 1033 951 1077 nascatur,
987 1024 1153 1067 bonum
1187 1023 1351 1081 aliquid
1389 1037 1503 1076 esse,
1542 1030 1718 1080 propter

329 1102 548 1136 auctorem
576 1102 743 1136 naturae
763 1096 925 1149 Deum3
946 1093 1109 1136 malum
1134 1092 1302 1150 aliquid
1329 1093 1518 1146 trahere,
1542 1100 1718 1150 propter

327 1163 538 1221 originale
559 1174 804 1221 peccatum.
831 1164 961 1217 Quod
983 1180 1086 1222 ergo
1114 1163 1297 1207 dicimus
1314 1198 1323 1216 ,
1352 1182 1373 1205 «
1399 1164 1565 1206 bonum
1590 1172 1718 1206 natu-

327 1233 416 1276 rale
450 1234 578 1276 etiam
609 1234 664 1276 dc
702 1234 924 1278 adulteriis
951 1250 1074 1292 posse
1095 1234 1349 1286 subsistere,
1377 1232 1536 1276 malum
1572 1243 1717 1276 autem

326 1303 535 1360 originale
551 1304 679 1347 etiam
700 1304 754 1347 dc
769 1305 973 1364 conjugio
992 1305 1120 1357 trahi,
1142 1323 1160 1345 »
1181 1319 1269 1347 non
1283 1305 1370 1347 huc
1389 1303 1605 1362 pervenit,
1629 1319 1718 1363 quo

328 1374 402 1417 ille
420 1383 603 1418 conatur
626 1374 870 1430 adducere,
902 1391 989 1418 non
1014 1376 1129 1418 nasci
1153 1390 1273 1418 reum
1298 1374 1353 1418 de
1375 1373 1621 1429 adulteriis,
1640 1389 1719 1418 nec

197 1477 205 1485 2
329 1444 609 1487 innocentem
627 1445 682 1487 de
705 1446 865 1503 nuptiis
891 1464 900 1489 ;
925 1445 999 1488 sed
1022 1460 1072 1488 ex
1096 1454 1282 1503 utroque
1302 1459 1424 1487 reum
1443 1444 1720 1502 generatione

332 1512 513 1568 factum,
542 1524 718 1573 propter
738 1514 945 1572 originale
966 1515 1197 1572 delictum,
1222 1524 1265 1558 et
1287 1525 1524 1573 utrumque
1546 1530 1720 1573 regene-

331 1584 499 1628 ratione
519 1584 856 1641 absolvendum,
878 1595 1054 1644 propter
1071 1596 1237 1629 naturae
1255 1586 1436 1629 bonum.

391 1657 484 1698 XL.
518 1674 537 1696 «
567 1658 709 1699 Unum
734 1672 784 1699 ex
816 1657 880 1700 his
900 1691 910 1709 ,
936 1657 1098 1716 inquit,
1133 1671 1287 1699 verum
1318 1665 1402 1710 est,
1429 1655 1612 1699 alterum
1634 1654 1719 1698 fal-

332 1740 443 1769 sum.
476 1744 494 1766 »
518 1727 629 1770 Huic
663 1727 813 1770 eadem
836 1727 1048 1771 brevitate
1078 1726 1317 1785 respondeo
1338 1745 1346 1770 ε
1368 1729 1461 1770 Imo
1484 1735 1721 1784 utrumque

333 1809 484 1838 verum
509 1804 593 1849 est,
628 1805 832 1838 neutrum
862 1794 1035 1839 falsum.
1060 1815 1078 1837 «
1104 1798 1265 1838 Verum
1290 1805 1374 1848 est,
1409 1795 1575 1854 inquit,
1601 1794 1721 1854 quod

335 1863 647 1909 adulteriorum
671 1866 843 1924 culpam
865 1867 996 1910 horno
1014 1867 1089 1926 qui
1116 1866 1218 1909 inde
1239 1867 1445 1920 nascitur,
1471 1881 1560 1909 non
1583 1875 1723 1924 potest

334 1949 558 1979 excusare:
585 1936 687 1993 quia
715 1936 834 1995 quod
864 1936 1049 1980 adulteri
1080 1936 1305 1991 fecerunt,
1331 1937 1385 1980 ad
1413 1936 1567 1980 vitium
1590 1936 1723 1994 perti-

334 2013 409 2048 net
431 2005 692 2062 voluntatis,
715 2005 833 2064 quod
857 2016 1002 2050 autem
1033 2016 1300 2064 genuerunt,
1327 2007 1380 2049 ad
1402 2005 1576 2050 laudem
1599 2021 1722 2065 spec-

335 2083 399 2118 tat
419 2075 717 2120 foecunditatis
741 2096 750 2121 ε
774 2078 876 2135 quia
894 2078 928 2120 si
943 2079 1039 2136 quis
1056 2078 1269 2123 furtivum
1288 2079 1476 2122 triticum
1490 2087 1617 2132 serat,
1633 2093 1721 2122 non

335 2147 528 2190 nascitur
549 2148 694 2191 messis
717 2148 918 2192 obnoxia.
946 2148 1156 2207 Vitupero
1177 2149 1341 2208 itaque,
1366 2149 1535 2208 inquit,
1560 2147 1718 2204 furem,

336 2217 412 2260 sed
426 2217 558 2261 laudo
581 2227 786 2276 segetem„
812 2222 1095 2262 Innocentem
1117 2220 1354 2278 pronuntio
1371 2220 1447 2279 qui
1464 2219 1654 2262 nascitur
1671 2234 1722 2262 ex

336 2290 622 2344 generositate
646 2289 877 2344 seminum,
904 2288 1077 2334 dicente
1099 2289 1309 2349 Apostolo
1335 2309 1344 2335 ;
1375 2309 1394 2331 «
1418 2293 1529 2333 Deus
1551 2289 1614 2333 illi
1646 2289 1721 2334 dat

339 2373 360 2396 »
377 2371 533 2416 corpus
547 2368 677 2417 prout
690 2359 785 2403 vult
796 2360 827 2414 4,
845 2369 887 2404 et
904 2360 1142 2420 unicuique
1156 2360 1371 2404 seminum
1387 2360 1610 2419 proprium
1629 2375 1721 2403 cor-

337 2443 359 2467 »
381 2442 462 2484 pus
481 2431 492 2453 ¹
515 2447 522 2471 :
553 2447 572 2469 υ
596 2429 842 2474 condemno
870 2446 971 2475 vero
1010 2431 1272 2490 flagitiosum
1292 2464 1303 2485 ,
1328 2431 1403 2490 qui
1432 2445 1483 2474 ex
1510 2430 1719 2489 propositi

336 2498 611 2554 perversitate
636 2501 844 2557 peccavit.
879 2520 899 2541 »

390 2590 395 2604 ¹
423 2591 432 2609 1
460 2585 531 2613 Cor.
553 2595 603 2617 xv,
636 2584 684 2613 38,
