1784 3205
341 193 396 232 76
765 203 799 233 s.
834 201 1064 234 AUGUSTINI
1099 204 1279 235 Emscom

339 272 446 316 dixit
466 290 475 316 ε
501 288 521 313 «
546 273 871 332 Consequenter
893 281 936 315 et
958 271 1225 317 ecclesiasico
1244 286 1372 316 sensu
1390 272 1538 331 etipse
1558 273 1725 316 sensisti

337 343 393 387 de
407 342 523 388 dono
545 345 800 401 gratiarum,
821 358 919 402 quae
940 343 985 386 in
1005 352 1154 388 sancto
1169 343 1378 403 Apostolo
1396 344 1722 387 continentur.»

337 415 418 458 Hic
454 413 559 458 dicit
588 414 741 474 aliquis
773 430 781 455 ε
814 414 931 467 Quid
963 429 1066 473 ergo
1102 413 1302 459 sollicitat
1331 417 1347 458 P
1377 417 1445 458 An
1471 423 1519 458 tu
1548 415 1726 472 negabis

337 500 484 529 omnes
506 486 684 528 virtutes
702 494 743 529 et
762 485 914 543 gratias
936 485 1067 529 fuisse
1086 486 1130 529 in
1153 485 1364 544 Apostolo
1386 487 1404 529 Ξ)
1427 488 1519 542 Ego
1541 499 1668 539 vero,
1694 484 1727 527 si

336 554 422 599 illae
452 555 719 613 accipiantur
741 571 890 600 omnes
908 591 917 610 ,
939 571 1047 615 quas
1064 572 1154 600 uno
1168 556 1360 615 quodam
1383 556 1474 614 ipse
1493 553 1727 614 Apostolus

337 626 689 669 commemoravit
700 625 812 681 loco,
830 642 937 686 quas
954 636 996 671 et
1010 628 1231 686 episcopos
1244 626 1504 670 intellexisse
1520 626 1725 679 arbitror,

336 705 386 739 ut
408 696 490 740 hoc
504 697 819 754 approbarent,
841 706 883 741 et
898 699 1231 756 pronuntiarent
1247 717 1268 740 «
1293 713 1420 741 sensu
1443 696 1728 741 ecclesiastico

336 764 530 819 dictum,
559 783 578 806 »
605 781 695 809 non
728 782 796 809 eas
825 766 982 810 dubito
1010 768 1213 811 habuisse
1242 767 1488 825 apostolum
1524 765 1724 809 Paulum.

337 836 407 878 Ait
425 835 540 878 enim
564 855 572 880 :
603 854 620 872 «
647 838 703 880 Et
726 836 935 895 quosdam
955 836 1131 896 quidem
1151 836 1295 895 posuit
1314 840 1427 880 Deus
1450 838 1495 879 in
1518 836 1726 888 Ecclesia,

339 922 359 946 »
385 906 525 964 primo
555 906 801 964 Apostolos,
835 906 1028 950 secundo
1054 907 1315 965 Prophetas,
1342 907 1470 950 tertio
1494 909 1699 950 Doctores
1716 939 1726 959 ,

339 994 359 1017 »
386 976 544 1020 deinde
565 978 784 1032 Virtutes,
809 977 977 1022 ‘deinde
998 978 1274 1022 :Donationes
1301 980 1560 1032 sanitatum,
1598 976 1731 1036 adju-

338 1065 358 1089 »
386 1048 517 1102 toria,
541 1048 911 1103 Gubernationes,
934 1064 1090 1106 genera
1109 1049 1352 1107 linguarum
1376 1052 1405 1093 ¹.
1429 1067 1448 1090 »
1474 1047 1591 1102 Quid
1609 1062 1727 1106 ergo,

335 1117 530 1161 dicemus
548 1118 665 1178 quod
685 1119 777 1162 haec
798 1119 943 1163 omnia
961 1135 1049 1163 non
1072 1120 1276 1163 habuerit
1299 1118 1519 1178 apostolus
1545 1116 1731 1161 Paulus?

335 1189 440 1240 Quis
474 1189 556 1232 hoc
591 1191 749 1233 audeat
784 1190 927 1233 dicere
961 1192 978 1233 Ρ
1009 1193 1117 1235 Nam
1148 1205 1198 1235 eo
1226 1191 1320 1249 ipso
1347 1190 1468 1248 quod
1498 1188 1731 1248 Apostolus

335 1267 440 1313 erat,
463 1260 657 1304 habebat
675 1261 828 1320 utique
851 1260 1158 1320 apostolatum.
1175 1260 1258 1306 Sed
1276 1262 1466 1305 habebat
1482 1269 1526 1304 et
1547 1260 1733 1319 prophe-

336 1328 451 1372 tiam.
479 1333 547 1373 An
569 1345 658 1373 non
680 1332 908 1389 prophetia
928 1332 1018 1391 ejus
1040 1334 1134 1375 est?
1160 1332 1342 1390 Spiritus
1360 1332 1476 1375 enim
1499 1330 1731 1374 manifeste

334 1398 465 1454 dicit,
493 1402 595 1459 quia
628 1401 673 1444 in
698 1402 940 1445 novissimis
973 1404 1238 1461 temporibus
1266 1401 1470 1447 recedent
1502 1402 1680 1461 quidam
1708 1415 1730 1444 a

334 1468 437 1524 fide,
453 1470 730 1515 intendentes
749 1472 971 1530 spiritibus
994 1473 1312 1525 seductoribus,
1340 1473 1549 1517 doctrinis
1566 1472 1732 1516 daemo-

331 1539 502 1583 niorum
526 1544 556 1584 ².
585 1544 680 1600 Ipse
700 1551 791 1585 erat
809 1551 851 1585 et
873 1542 1026 1587 doctor
1049 1545 1244 1601 gentium
1267 1544 1312 1587 in
1338 1543 1424 1587 fide
1443 1552 1484 1587 et
1506 1543 1689 1587 veritate
1717 1561 1724 1586 :

333 1618 376 1653 et
406 1611 669 1668 operabatur
696 1612 874 1656 virtutes
904 1622 946 1656 et
979 1613 1181 1657 sanitates
1215 1615 1229 1639 3
1267 1635 1278 1671 3
1314 1629 1414 1657 nam
1455 1613 1730 1658 mordentem

330 1679 523 1738 ⁴viperam
547 1695 680 1724 manu
702 1683 886 1726 excussit
908 1681 1040 1726 illaesa
1061 1718 1072 1738 ‚
1098 1692 1140 1727 et
1175 1683 1442 1742 paralyticus
1464 1683 1519 1727 ad
1543 1683 1728 1727 verbum

333 1752 424 1810 ejus
445 1752 638 1796 restituta
669 1754 880 1797 continuo
909 1753 1047 1797 salute
1085 1756 1269 1799 surrexit
1301 1756 1331 1798 ⁴.
1362 1754 1593 1814 Adjutoria
1628 1770 1727 1814 quae

332 1821 462 1876 dicat,
483 1823 717 1867 obscurum
743 1834 805 1867 est
833 1845 842 1880 3
869 1826 1075 1884 quoniam
1100 1827 1161 1869 vis
1179 1827 1308 1886 hujus
1320 1826 1442 1871 verbi
1466 1827 1552 1870 late
1572 1835 1693 1885 patet
1719 1845 1727 1870 ε

331 1892 427 1950 quis
444 1901 591 1936 tamen
605 1894 707 1938 huic
726 1904 769 1938 et
790 1895 914 1938 istam
938 1897 1118 1954 gratiam
1143 1895 1331 1941 defuisse
1355 1897 1488 1951 dicat,
1514 1913 1593 1956 per
1609 1898 1730 1955 cujus

332 1960 524 2005 laborem
543 1962 727 2007 salutem
746 1964 972 2008 hominum
990 1966 1048 2010 sic
1066 1976 1235 2011 constat
1254 1967 1475 2027 adjutam?
1490 1968 1607 2020 Quid
1630 1981 1731 2011 vero

333 2034 425 2091 ejus
440 2034 755 2090 gubernatione
774 2035 1039 2094 praeclarius,
1058 2037 1235 2096 quando
1252 2047 1295 2082 et
1313 2054 1389 2097 per
1403 2054 1503 2082 eum
1517 2038 1731 2083 Dominus

337 2111 438 2146 tunc
463 2112 526 2147 tot
552 2104 763 2148 Ecclesias
785 2106 1047 2163 gubernavit
1068 2141 1078 2161 ,
1105 2116 1147 2150 et
1169 2122 1245 2166 per
1276 2109 1368 2166 ejus
1391 2108 1592 2167 epistolas
1613 2123 1730 2152 nunc

333 2174 547 2230 gubernat
568 2177 585 2216 ἶ)
604 2178 628 2219 J
633 2191 700 2219 arn
722 2191 877 2234 genera
901 2176 1167 2236 linguarum,
1193 2194 1292 2238 quae
1314 2179 1377 2222 illi
1401 2179 1548 2223 deesse
1570 2189 1729 2239 potue-

336 2254 461 2299 runt,
487 2261 587 2289 cum
608 2247 697 2306 ipse
721 2247 836 2292 dicat
860 2268 868 2292 :
899 2268 919 2291 «
953 2250 1121 2293 Gratias
1142 2252 1247 2304 Deo,
1272 2250 1393 2310 quod
1417 2251 1612 2295 omnium
1634 2266 1731 2295 ves-

337 2332 356 2353 »
393 2322 508 2359 trum
540 2316 691 2375 lingua
710 2317 867 2378 loquor
904 2320 918 2344 ⁵
952 2320 969 2360 ‘3
1003 2337 1022 2360 »
1056 2320 1166 2372 Quia
1194 2335 1297 2379 ergo
1320 2322 1500 2365 istorum
1530 2321 1728 2365 omnium

334 2383 444 2426 nihil
467 2388 660 2442 apostolo
694 2387 829 2431 Paulo
857 2386 1045 2432 defuisse
1079 2388 1347 2434 credendum
1371 2400 1434 2435 est
1454 2426 1464 2446 ,
1500 2400 1727 2450 propterea

384 2492 391 2505 ¹
418 2496 427 2516 1
452 2488 523 2532 Cor.
545 2498 600 2528 xii,
621 2488 673 2520 28.
693 2506 733 2510 -—
750 2496 761 2509 -”
787 2501 796 2520 1
818 2492 898 2522 Tim.
918 2501 962 2530 iv,
985 2501 1013 2522 1.
1030 2508 1070 2515 —
1090 2489 1101 2512 3
1129 2491 1175 2523 Id.
1196 2503 1229 2532 ιι,
1251 2503 1281 2533 7.
1301 2509 1341 2515 —-
1356 2491 1371 2521 4
1392 2494 1467 2525 Act·
1496 2503 1610 2529 xan,
1631 2492 1666 2534 5,
1695 2496 1728 2525 et

337 2550 404 2581 Xiv,
423 2551 455 2581 q.
470 2539 539 2564 -5
564 2553 573 2573 1
597 2544 670 2576 Cor.
692 2554 759 2580 xiv,
788 2545 838 2577 18.
