1784 3205
331 223 385 260 66
763 227 795 254 s.
832 225 1061 254 Aucuszrtm
1096 224 1275 252 EPlscol’i

327 299 414 357 iam
428 296 635 356 plurimos
648 293 908 345 offenderat,
927 288 1047 349 quod
1061 288 1266 332 adversus
1283 285 1358 329 Dei
1372 284 1550 341 gratiam
1564 283 1712 343 loque-

330 377 461 423 retur,
482 365 747 427 apertissime
760 359 1007 422 expressit1,
1032 378 1053 402 «
1070 359 1182 403 hanc
1200 372 1243 401 se
1261 355 1405 400 dicere
1422 353 1499 399 Dei
1513 354 1710 411 gratiam,

331 437 450 498 quod
468 434 794 497 possibilitatem
813 446 901 476 non
920 429 1130 490 peccandi
1151 436 1306 472 natura
1327 434 1472 470 nostra
1489 439 1588 469 cum
1605 439 1713 469 con-

331 508 505 553 deretur
523 543 533 562 ,
560 505 750 564 accepit,
777 503 985 562 quoniam
1011 499 1186 546 condita
1213 508 1278 543 est
1307 511 1408 542 cum
1429 495 1570 540 libero
1596 495 1716 539 arbi-

335 579 413 622 trio
440 596 449 622 ι
477 595 497 618 »
523 583 702 635 propter
719 574 838 617 hunc
855 586 956 629 ergo
978 571 1140 615 librum
1158 583 1253 627 ego,
1271 567 1447 628 plurimi
1465 574 1608 610 autem
1627 564 1716 609 fra-

334 657 413 691 tres
428 655 604 705 propter
617 645 707 704 ejus
724 642 1054 702 disputationes,
1071 656 1176 701 quas
1191 639 1345 685 dicunt
1358 638 1439 682 sibi
1453 652 1541 681 esse
1549 635 1718 680 notissi-

333 732 435 771 mas,
462 716 605 760 adhuc
627 729 775 758 sumus
798 712 853 757 de
874 714 1054 758 istorum
1070 712 1306 758 verborum
1324 711 1415 769 ejus
1435 707 1717 765 ambiguitate

329 787 498 832 solliciti
520 823 530 840 ,
558 803 612 831 ne
635 786 747 830 forte
769 784 877 845 quid
908 786 951 828 in
974 800 1022 828 ea
1044 783 1193 837 lateat,
1219 792 1351 841 atque
1379 796 1423 825 se
1449 781 1533 823 hoc
1562 777 1717 822 dixisse

330 859 420 902 sine
446 856 698 917 praejudicio
732 855 798 900 sui
833 853 1048 912 dogmatis
1083 861 1272 912 exponat
1308 860 1455 910 postea
1490 847 1718 907 Discipulis

331 929 434 983 suis,
456 929 516 972 ita
538 926 746 971 disserens
768 944 776 970 :
802 944 822 966 «
848 924 943 968 Dixi
973 923 1170 983 quidem,
1203 922 1378 981 proprio
1404 920 1554 964 labore
1577 927 1619 962 et
1641 918 1720 962 Dei

333 998 468 1056 gratia
490 1012 613 1056 posse
632 996 856 1040 hominem
878 1009 966 1039 esse
989 995 1079 1038 sine
1101 1002 1303 1053 peccato,
1327 991 1403 1037 sed
1423 1005 1554 1051 quam
1576 990 1720 1033 dicam

332 1068 511 1126 gratiam
533 1068 696 1126 optime
718 1067 869 1121 nostis,
894 1074 936 1109 et
960 1063 1148 1124 legendo
1170 1063 1359 1108 recolere
1380 1061 1574 1122 potestiS‚
1600 1059 1721 1121 quod

332 1153 381 1182 ea
403 1139 481 1193 sit,
507 1138 552 1182 in
574 1153 659 1197 qua
684 1137 816 1181 creati
838 1150 988 1180 sumus
1016 1150 1038 1178 a
1070 1137 1160 1179 Deo
1190 1149 1291 1178 cum
1313 1132 1451 1177 libero
1474 1130 1666 1175 arbitrio.
1697 1147 1718 1171 »

331 1211 476 1267 Atque
493 1209 551 1252 ita
569 1207 673 1251 dum
691 1223 791 1251 eum
813 1205 998 1250 credunt
1021 1205 1210 1264 episcopi
1233 1219 1327 1248 eam
1347 1202 1500 1247 dixisse
1519 1202 1718 1261 gratiam,

332 1292 421 1320 non
444 1293 529 1335 qua
553 1277 749 1321 homines
767 1276 899 1320 creati
918 1290 1083 1329 sumus,
1103 1274 1178 1318 sed
1199 1290 1284 1334 qua
1306 1274 1351 1317 in
1373 1287 1530 1317 novam
1549 1280 1721 1316 creatu-

333 1362 424 1390 ram
459 1347 653 1405 adoptati
673 1381 684 1400 ,
721 1348 852 1403 (hane
896 1346 1011 1390 enim
1052 1345 1316 1404 apertissime
1357 1343 1537 1402 gratiam
1574 1341 1722 1387 divina

338 1417 557 1475 Scriptura
586 1415 904 1473 commendat),
936 1416 1186 1474 ignorantes
1210 1414 1485 1467 haereticum,
1512 1421 1722 1471 tanquam

336 1487 598 1531 catholicum
622 1486 919 1531 absolverunt.
948 1488 1205 1545 Suspectum
1229 1485 1343 1528 enim
1367 1500 1436 1528 me
1459 1483 1563 1528 facit
1593 1484 1721 1526 etiam

336 1557 447 1601 illud
470 1557 589 1617 quod
611 1573 711 1602 cum
734 1558 777 1600 in
801 1556 955 1600 eodem
978 1555 1107 1612 libro,
1125 1556 1194 1600 eui
1218 1554 1436 1614 respondi,
1458 1553 1723 1613 apertissime

336 1626 491 1671 dixerit
517 1646 526 1672 2
555 1646 576 1669 «
617 1627 723 1672 Abel
750 1622 917 1686 justum
952 1641 1179 1685 nunquam
1222 1626 1402 1669 omnino
1445 1639 1672 1683 peccasse:
1699 1641 1718 1664 η

335 1698 468 1741 modo
491 1698 549 1741 ait
572 1719 579 1742 ;
599 1700 697 1743 Non
721 1707 867 1741 autem
891 1697 1077 1740 diximus
1097 1731 1108 1752 ,
1134 1695 1254 1756 quod
1279 1696 1525 1740 inveniatur
1548 1694 1720 1753 aliquis,

336 1768 390 1812 ab
416 1767 597 1812 infantia
621 1784 760 1828 usque
778 1768 833 1812 ad
851 1777 1083 1823 senectam,
1110 1768 1186 1827 qui
1208 1782 1434 1826 nunquam
1457 1765 1722 1826 peccaverit,

334 1837 409 1881 sed
432 1839 638 1897 quoniam
667 1853 690 1881 a
713 1838 899 1896 peccatis
925 1853 1175 1892 conversus,
1207 1838 1382 1896 proprio
1408 1836 1556 1880 labore
1577 1845 1621 1880 et
1647 1836 1724 1880 Dei

335 1908 468 1967 gratia
492 1908 625 1967 possit
645 1923 734 1952 esse
755 1908 847 1951 sine
867 1917 1060 1967 peccato.
1092 1926 1111 1949 »
1130 1907 1242 1951 Abel
1258 1908 1420 1966 quippe
1432 1908 1615 1966 justum,
1635 1922 1724 1951 non

335 1994 358 2022 a
377 1979 562 2037 peccatis
581 1993 839 2022 conversum
860 1979 905 2022 in
923 1988 1077 2022 caetera
1096 1978 1184 2023 vita
1207 1976 1318 2021 dixit
1339 1976 1504 2022 factum
1524 1992 1612 2021 esse
1631 1977 1725 2021 sine

336 2058 532 2107 peccato,
563 2068 582 2091 «
607 2048 682 2093 sed
703 2048 824 2108 quod
846 2058 1071 2108 peccatum
1092 2048 1265 2093 nullum
1291 2063 1487 2108 unquam
1509 2049 1671 2092 fecerit.
1700 2065 1721 2089 »

336 2119 461 2164 Unde
483 2120 516 2164 si
546 2119 618 2163 ille
639 2120 773 2179 ipsius
794 2120 905 2164 liber
926 2131 1006 2177 est,
1031 2119 1230 2180 profecto
1251 2136 1301 2164 ex
1332 2121 1422 2179 ipsa
1445 2121 1723 2179 responsione

333 2189 631 2234 emendandus
651 2199 729 2235 est.
750 2191 860 2235 Nolo
883 2192 998 2235 enim
1021 2207 1122 2236 eum
1141 2190 1284 2235 dicere
1303 2191 1434 2235 modo
1450 2189 1583 2235 fuisse
1604 2206 1724 2235 men-

332 2260 478 2315 titum,
504 2276 559 2305 ne
582 2261 693 2305 forte
709 2260 830 2321 quod
852 2262 898 2306 in
919 2262 1034 2307 libro
1056 2261 1131 2307 illo
1156 2263 1389 2321 scripserit,
1413 2277 1458 2306 se
1480 2260 1597 2306 dicat
1619 2262 1725 2306 obli-

333 2338 426 2373 tum
453 2350 462 2375 :
490 2330 673 2388 proinde
695 2341 851 2376 caetera
871 2331 1110 2378 videamus.
1132 2335 1195 2377 Ea
1212 2332 1376 2391 quippe
1393 2341 1724 2391 consequuntur

332 2400 378 2443 in
395 2400 701 2445 Ecclesiasticis
718 2402 860 2460 gestis,
886 2402 1064 2462 quibus,
1090 2402 1323 2462 adjuvante
1347 2401 1549 2457 Domino,
1576 2417 1725 2461 possu-

332 2485 428 2515 mus
449 2472 694 2526 ostendere,
721 2473 849 2517 etiam
873 2473 1063 2532 Pelagio,
1088 2474 1197 2518 sicut
1218 2472 1444 2518 nonnullis
1465 2471 1656 2528 videtur,
1677 2472 1721 2517 in

382 2564 389 2578 ²
412 2556 490 2589 Vide
508 2556 563 2588 lib.
583 2557 623 2588 de
635 2558 753 2589 Natura
774 2562 807 2590 et
824 2557 946 2600 Gratia,
966 2568 1038 2600 cap.
1060 2557 1102 2600 45
1121 2564 1152 2591 et
1177 2556 1317 2601 seqq.‘—
1334 2564 1347 2580 2
1371 2557 1453 2591 Ibid.
1477 2567 1550 2600 cap.
1572 2557 1626 2599 37.
