1804 3205
320 225 373 252 nn
409 225 545 253 Anum
579 227 632 254 m·
664 227 762 254 usus
793 225 988 263 omouut,
1024 227 1106 253 Lm.
1143 228 1190 254 11.
1361 215 1440 254 331

58 299 168 346 tant,
190 291 414 350 pervenire
436 293 672 349 potuerint.
701 291 840 344 Quale
868 300 931 336 est
953 299 1097 336 autem
1119 291 1263 335 dicere
1289 310 1297 335 ε
1324 311 1344 333 «
1373 295 1447 336 In-

57 361 197 407 fantes
221 362 551 421 praedcstinatos
575 363 804 422 baptismo,
825 363 925 407 vitae
950 363 1185 422 praesentis,
1216 372 1449 422 antequam

57 441 336 478 renascantur
358 433 402 476 in
426 433 616 488 Christo,
642 433 826 479 occiduo
847 433 1074 493 praeveniri
1096 454 1106 490 3
1130 451 1149 474 »
1174 432 1450 492 velutaliqua

57 505 119 550 vis
141 504 332 549 fortunae
353 540 364 559 ,
395 505 483 549 sive
516 505 609 560 fati,
648 507 735 550 sive
760 505 994 565 cujuslibet
1017 504 1093 559 rei,
1118 520 1206 548 non
1230 505 1451 563 permittat

57 577 197 620 Deum
219 575 340 636 quod
364 574 685 634 praedestinavit
707 576 918 636 implere?
936 578 988 620 Et
1007 573 1229 635 quomodo
1247 576 1335 634 ipse
1356 574 1452 619 illos

59 646 201 706 rapit,
237 647 339 706 quia
368 646 628 706 placuerunt
658 646 719 690 illi
745 649 763 691 P
786 650 854 692 An
883 663 954 692 eos
984 656 1027 690 et
1059 645 1150 706 ipsc
1173 645 1453 705 praedestinat

58 717 296 776 baptizari,
315 726 358 761 et
376 717 465 776 ipse
488 717 607 777 quod
632 717 969 777 praedestinavit,
995 733 1084 762 non
1102 717 1203 761 sinit
1223 717 1350 762 fieri?

118 789 236 832 XIV.
266 789 350 833 Sed
381 787 558 832 attende
579 788 688 848 quid
711 788 855 833 adhuc
880 788 1061 843 audeat,
1087 789 1156 832 cui
1186 787 1386 846 displicet
1410 787 1453 831 in

59 868 178 903 tanta
198 860 328 919 hujus
360 858 660 919 profunditate
692 860 945 920 quaestionis
968 859 1136 904 cautior
1162 874 1294 918 quam
1317 858 1455 903 scien-2

59 931 142 975 tior
157 941 302 975 nostra
319 932 556 976 cunctatio.
587 933 776 976 «Ausim
801 930 960 986 dicere,
987 932 1146 990 inquit,
1174 931 1276 974 istos
1300 944 1454 989 perve-

59 1001 152 1045 nire
175 1017 298 1061 posse
316 1003 370 1046 ad
394 1002 671 1061 originalium
696 1002 1012 1061 indulgentiam
1032 1010 1313 1060 peccatorum
1330 1035 1340 1055 ‚
1367 1015 1456 1044 non

59 1081 207 1117 tamen
234 1082 283 1118 ut
311 1073 490 1118 coeleste
522 1074 789 1118 inducantur
818 1074 862 1116 in
886 1088 1067 1131 regnum
1099 1092 1108 1117 ε
1145 1072 1270 1116 sicuti
1299 1071 1457 1116 latroni

60 1143 258 1188 confesso
279 1144 480 1204 quidem,
506 1144 581 1188 sed
605 1159 695 1189 non
717 1144 951 1203 baptizato,
973 1143 1182 1188 Dominus
1204 1157 1294 1186 non
1316 1141 1457 1185 coelo·-

61 1228 158 1258 rum
192 1230 376 1274 regnum
416 1215 608 1269 tribuit¹,
640 1214 714 1259 sed
754 1213 1024 1272 paradisum,
1053 1228 1156 1274 cum
1188 1213 1340 1271 utique
1367 1212 1456 1270 jam

61 1294 287 1338 maneret,
320 1286 450 1338 «Qui
484 1300 573 1328 non
608 1294 782 1328 renatus
816 1284 947 1328 fuerit
980 1300 1031 1327 cx
1069 1298 1181 1342 aqua
1214 1292 1258 1326 et
1293 1282 1457 1341 Spiritu

65 1372 84 1395 υ
106 1363 278 1409 sancto,
306 1370 394 1399 non
418 1355 598 1399 intrabit
624 1355 669 1398 in
695 1370 874 1413 regnum
896 1353 1151 1398 coelorum2.
1184 1372 1203 1394 »
1234 1352 1457 1410 Praecipue

62 1424 165 1484 quia
189 1424 346 1469 multas
367 1441 456 1469 esse
476 1426 721 1470 mansiones
750 1426 867 1484 apud
891 1429 1061 1469 Patrem
1091 1439 1219 1468 suum
1250 1423 1458 1467 Dominus

62 1496 293 1554 profitetur
308 1531 319 1551 ,
337 1496 381 1539 in
404 1496 566 1555 quibus
588 1495 869 1554 designantur
896 1495 1049 1539 merita
1069 1494 1205 1538 multa
1231 1503 1274 1538 et
1290 1494 1459 1538 diversa

64 1581 314 1611 mansorum
331 1568 345 1593 3
370 1586 378 1612 :
398 1576 448 1611 ut
468 1567 535 1611 hic
552 1582 640 1611 non
658 1567 901 1626 baptizatus
914 1566 1179 1625 perducatur
1193 1563 1247 1608 ad
1269 1564 1455 1616 veniam,

65 1636 308 1696 baptizatus
343 1638 398 1683 ad
428 1638 643 1698 palmam,
679 1653 778 1698 quae
811 1647 875 1682 est
904 1646 1052 1697 parata
1088 1651 1164 1696 per
1208 1635 1404 1694 gratiam.
1435 1653 1455 1675 η

65 1710 217 1757 Cernis
241 1710 487 1765 hominem,
512 1708 759 1769 paradisum
791 1718 924 1768 atque
955 1707 1197 1751 mansiones
1227 1721 1327 1765 quae
1359 1713 1461 1750 sunt

67 1781 184 1842 apud
208 1785 379 1826 Patrem
395 1816 406 1835 ,
432 1797 456 1825 a
478 1796 612 1840 regno
632 1796 831 1839 separare
860 1779 1074 1824 coelorum
1094 1811 1104 1829 ,
1128 1787 1178 1822 ut
1210 1777 1338 1822 etiam
1371 1792 1458 1820 non

68 1851 295 1911 baptizatis
313 1851 541 1895 abundent
562 1850 655 1895 loca
674 1851 948 1909 sempiternae
966 1847 1201 1892 felicitatis.
1219 1850 1306 1893 Nec
1324 1846 1458 1900 videt,

68 1938 169 1969 cum
203 1924 280 1967 ista
316 1923 444 1977 dicit,
469 1923 527 1966 ita
556 1937 600 1966 se
631 1921 747 1966 nolle
777 1919 982 1980 baptizati
1015 1919 1256 1979 cujuspiam
1292 1916 1461 1977 parvuli

69 1995 339 2040 mansionem
354 2011 376 2039 a
395 1993 608 2038 coelorum
628 2008 762 2052 regno
776 2007 989 2051 separare,
1007 2000 1056 2035 ut
1071 1991 1207 2050 ipsam
1227 1990 1303 2033 Dei
1327 1988 1462 2039 Patris

70 2065 269 2120 domum,
290 2065 359 2110 vel
382 2065 547 2125 aliquas
567 2074 708 2124 partes
731 2065 822 2124 ejus
845 2063 947 2107 inde
964 2076 1161 2122 separare
1184 2077 1274 2106 non
1294 2061 1457 2104 timeat.

69 2139 223 2196 Neque
244 2137 358 2181 enim
383 2136 593 2181 Dominus
616 2137 740 2179 Jesus
762 2134 806 2177 in
828 2134 1107 2178 universitate
1132 2141 1365 2186 creaturae,
1393 2128 1463 2175 vel

71 2209 117 2253 in
135 2207 332 2269 qualibet
359 2206 650 2252 universitatis
672 2215 816 2266 parte3
851 2205 926 2250 sed
954 2206 998 2249 in
1032 2204 1164 2249 domo
1190 2203 1326 2247 Patris
1351 2201 1460 2255 mei,

73 2277 201 2334 dixit,
232 2279 478 2323 mansiones
495 2276 647 2322 multae
673 2285 790 2320 sunt.
817 2275 1046 2329 Quomodo
1075 2289 1176 2331 ergo
1197 2273 1279 2316 erit
1307 2272 1354 2315 in
1386 2271 1463 2315 Dei

74 2349 208 2393 Patris
239 2348 372 2393 domo
404 2363 495 2393 non
523 2348 788 2407 baptizatus,
813 2361 913 2390 cum
945 2348 1082 2389 Deum
1113 2354 1279 2403 patrem
1302 2341 1464 2386 habere

74 2435 165 2465 non
188 2420 319 2479 possit
350 2420 433 2464 nisi
463 2420 663 2464 renatus?
685 2421 782 2463 Non
809 2417 863 2462 sit
894 2418 1085 2474 ingratus
1122 2418 1235 2469 Deo,
1258 2415 1336 2473 qui
1362 2428 1463 2456 eum

77 2490 280 2548 dignatus
309 2498 372 2534 est
400 2505 423 2534 a
459 2489 779 2534 Donatistarum
807 2487 876 2532 vel
905 2489 1223 2546 Rogatistarum
1256 2484 1464 2530 divisione

131 2584 137 2596 ⁸
160 2578 238 2608 Luc.
261 2587 355 2616 xxm,
375 2575 481 2617 43.—-
496 2583 507 2598 Ἰ
523 2577 613 2608 Joan.
632 2584 682 2613 m,
706 2574 787 2604 5.-
802 2571 814 2595 3
837 2573 882 2605 Id.
900 2583 965 2611 xiv,
984 2581 1015 2606 2.
