1804 3205
338 246 389 271 DE
422 247 709 275 PERFECTloNE
741 249 937 276 Svs'rt'rlffl
973 253 1165 280 nominis.
1390 246 1440 283 19

61 325 81 348 ιι
104 307 363 354 dimittimus
384 313 395 336 ¹
419 346 428 365 ‚
460 330 479 352 ι)
507 322 555 356 ut
578 313 683 358 dum
713 329 798 359 non
824 316 1158 375 reprehenditur
1175 353 1185 373 ,
1212 319 1331 378 quod
1358 337 1444 365 non

58 377 314 438 imputatur,
328 382 418 425 sine
439 384 788 441 reprohensione,
806 386 888 430 hoc
905 395 984 441 est,
999 388 1090 431 sine
1105 389 1273 433 macula
1298 399 1442 435 noster

57 448 111 492 ad
135 450 444 508 perfectionem
460 469 609 498 cursus
630 455 860 502 habeatur:
878 458 1022 518 inqua
1042 458 1325 518 perfectione,
1346 477 1444 506 cum

56 519 111 563 ad
134 536 227 564 eam
252 524 515 580 venerimus,
535 527 623 585 jam
649 541 735 572 non
759 528 812 573 sit
834 530 1014 575 omnino
1037 531 1158 592 quod
1180 533 1445 591 ignoscendo

57 591 310 636 mundetur.

116 663 237 706 XXI.
269 663 431 708 Deinde
448 666 527 709 iste
549 665 728 712 adhibet
749 670 1018 727 testimonia,
1044 672 1204 732 quibus
1225 674 1441 731 ostendat,

56 746 144 776 non
164 748 253 777 esse
276 736 420 792 gravia
439 737 584 782 divina
603 749 832 799 praecepta.
854 742 959 795 Quis
981 753 1127 788 autem
1146 746 1323 801 nesciat,
1342 763 1444 791 cum

57 815 325 864 praeceptum
346 807 398 850 sit
422 809 621 866 generale
640 811 840 866 charitas,
861 815 903 870 («
921 814 1022 873 quia
1041 816 1137 859 finis
1155 818 1361 877 praecepti
1384 826 1446 862 est

62 894 78 914 »
97 875 282 920 charitas
301 912 311 930 ,
337 887 379 920 et
402 877 628 935 plenitudo
653 883 776 940 Legis
802 892 864 926 est
886 884 1070 929 charitas
1093 890 1125 941 ²,
1157 892 1203 944 »)
1238 903 1325 932 non
1360 903 1449 932 esse

56 959 185 1003 grave
206 947 325 1005 quod
349 947 570 1006 diligendo
593 951 663 1004 fit,
691 967 779 995 non
803 953 1030 999 timendo?
1054 955 1274 1001 Laborant
1297 967 1443 1002 autem

56 1014 100 1058 in
127 1017 200 1060 Dei
223 1019 465 1077 praeceptis,
483 1021 558 1080 qui
581 1036 627 1065 ea
647 1022 843 1068 timendo
867 1034 1082 1070 conantur
1104 1027 1285 1087 implere
1306 1029 1320 1054 ³
1343 1047 1350 1072 :
1377 1028 1453 1074 scd

55 1085 244 1144 perfecta
275 1089 459 1134 charitas
496 1089 608 1136 foras
632 1092 764 1137 mittit
785 1094 1010 1152 timorem,
1039 1107 1081 1141 et
1108 1098 1210 1143 facit
1239 1103 1445 1162 praecepti

56 1157 264 1201 sarcinam
283 1193 293 1213 ,
319 1175 407 1204 non
437 1160 576 1205 solum
605 1178 693 1206 non
723 1175 993 1223 prementem
1021 1183 1152 1212 onere
1170 1170 1415 1229 ponderum
1434 1207 1445 1227 ,

56 1230 341 1274 verumetiam
377 1231 678 1278 sublevantem
722 1235 815 1279 vice
857 1241 1148 1295 pennarum⁴.
1176 1244 1284 1295 Quae
1308 1252 1455 1287 tamen

57 1299 242 1344 charitas
257 1310 306 1345 ut
330 1302 557 1357 habeatur,
580 1306 710 1348 etiam
730 1314 848 1350 tanta
864 1318 1026 1367 quanta
1041 1310 1085 1353 in
1106 1326 1287 1371 corpore
1302 1314 1453 1358 mortis

56 1370 184 1429 hujus
214 1372 361 1415 haberi
383 1382 553 1432 potest,
588 1391 739 1434 parum
773 1387 835 1421 est
871 1388 1030 1422 nostrae
1062 1381 1299 1426 voluntatis
1332 1385 1451 1428 arbi-

56 1441 186 1484 trium
207 1476 217 1495 ,
244 1441 322 1485 uisi
340 1444 517 1503 adjuvet
539 1446 674 1503 gratia
695 1447 769 1490 Dei
792 1463 869 1506 per
888 1451 1036 1493 Jesum
1056 1452 1277 1496 Christum
1302 1455 1451 1499 Domi-

57 1525 164 1555 num
195 1521 391 1557 nostrum
418 1516 448 1558 ⁵.
475 1515 748 1560 Diffunditur
768 1519 931 1578 quippe
952 1519 996 1564 in
1019 1521 1224 1567 cordibus
1250 1525 1447 1580 nostris⁶‚

57 1583 176 1642 quod
193 1599 307 1643 saepe
329 1585 564 1630 dicendum
590 1596 669 1642 est,
694 1603 783 1632 non
807 1604 885 1648 per
901 1605 979 1634 nos
1003 1592 1130 1651 ipsos,
1149 1592 1223 1638 sed
1245 1610 1323 1654 per
1351 1596 1450 1656 Spi-

56 1653 188 1697 ritum
211 1665 410 1700 sanctum
432 1657 507 1716 qui
532 1658 658 1702 datus
681 1668 743 1703 est
765 1660 904 1705 nobis.
928 1663 1019 1707 Nec
1041 1662 1168 1708 aliam
1192 1664 1250 1709 ob
1271 1681 1446 1711 causam

59 1725 278 1784 Scriptura
300 1739 613 1774 commemorat
637 1745 726 1775 non
756 1746 846 1776 esse
867 1734 1012 1791 gravia
1035 1734 1180 1781 divina
1204 1748 1419 1798 praecepta
1434 1775 1445 1796 ,

57 1795 138 1839 n-isi
158 1806 208 1840 ut
225 1797 367 1842 anima
388 1814 487 1859 quae
505 1799 575 1844 illa
601 1801 745 1859 gravia
769 1803 915 1857 sentit,
942 1804 1157 1865 intelligat
1181 1823 1226 1852 se
1250 1811 1448 1854 nondum

57 1866 268 1925 accepisse
286 1868 396 1912 vires
415 1904 426 1923 ,
450 1870 612 1929 quibus
635 1870 736 1914 talia
759 1872 845 1916 sint
862 1885 1076 1934 praecepta
1104 1879 1277 1922 Domini
1303 1879 1449 1939 qualia

54 1939 557 1992 commendantur,levia
575 1940 738 1985 scilieet
761 1951 893 2002 atque
915 1946 1077 2000 suavia,
1099 1957 1143 1991 et
1165 1958 1258 1992 oret
1281 1951 1448 2008 gemitu

55 2007 308 2063 voluntatis,
330 2019 378 2053 ut
394 2011 598 2070 impetret
619 2010 786 2056 donum
813 2012 1045 2060 facilitatis.
1063 2019 1148 2071 Qui
1171 2020 1287 2064 enim
1306 2019 1411 2065 dicit
1435 2040 1444 2066 z

59 2097 79 2120 «
106 2080 202 2123 Fiat
223 2094 299 2123 cor
320 2094 465 2124 meum
487 2080 817 2127 immaculatum
846 2105 856 2141 3
878 2094 942 2140 et,
967 2105 985 2127 «
1006 2087 1168 2133 Itinera
1195 2105 1290 2135 mea
1313 2092 1452 2151 dirige

57 2166 77 2189 »
103 2148 343 2193 secundum
372 2151 557 2194 verbum
580 2161 705 2195 tuum
722 2188 732 2207 ,
758 2162 801 2197 et
823 2169 877 2198 ne
901 2155 1153 2202 dominetur
1175 2160 1281 2204 mihi
1304 2162 1445 2206 omnis

55 2235 76 2258 n
105 2218 310 2279 iniquitas
328 2222 341 2245 ⁷
371 2241 382 2278 3
409 2239 429 2261 »
450 2230 509 2276 et,
539 2240 558 2262 «
584 2223 681 2266 Fiat
703 2223 906 2268 voluntas
929 2234 1026 2281 tua,
1063 2228 1236 2274 sicut‘in
1260 2231 1374 2275 coelo
1404 2240 1447 2275 et

56 2305 78 2328 »
103 2289 149 2332 in
171 2297 284 2333 terra
309 2292 324 2315 ὃ
347 2311 358 2347 3
388 2311 404 2332 »
428 2301 496 2345 et,
525 2310 545 2333 «
571 2294 729 2338 Nenos
760 2293 920 2338 inferas
947 2296 993 2340 in
1024 2299 1342 2357 tentationem3
1367 2310 1448 2345 »et

53 2367 207 2403 caetera
237 2359 487 2420 hujusmodi
520 2377 619 2421 quae
648 2377 991 2409 commemorare
1019 2365 1202 2426 longum
1236 2378 1326 2427 est,
1362 2371 1448 2417 hoc

109 2490 117 2503 ¹
140 2482 250 2514 Matth.
273 2493 316 2521 vi,
341 2491 394 2515 12.
412 2499 453 2505 —
470 2490 482 2504 ²
502 2495 515 2515 1
531 2483 611 2516 Tim.
633 2496 655 2521 1,
675 2484 708 2525 5,
729 2489 761 2517 et
780 2488 872 2519 Rom·
893 2498 959 2527 xm,
981 2499 1030 2520 10.
1047 2506 1090 2513 --
1105 2488 1119 2512 3
1136 2491 1214 2524 Vide
1229 2491 1285 2524 lib.
1307 2493 1348 2526 de
1373 2495 1450 2527 Nat.

54 2541 88 2570 et
112 2539 198 2570 Grat.
224 2548 294 2580 cap.
317 2538 371 2580 63.
388 2554 428 2561 —-
451 2537 466 2567 4
490 2551 500 2570 ι
521 2541 610 2571 Joan.
632 2550 686 2580 iv,
714 2542 765 2572 18.
782 2558 822 2564 —-
838 2539 964 2575 ⁵1t0m.
986 2554 1044 2584 vu,
1064 2544 1120 2577 25.
1137 2544 1272 2580 -51d.
1297 2559 1330 2589 v,
1363 2548 1394 2580 5.
1411 2564 1453 2572 -

55 2598 69 2625 7
89 2591 167 2625 Psal.
185 2603 294 2634 cxviii,
312 2595 365 2627 80.
379 2610 421 2618 —
435 2593 450 2616 8
477 2594 560 2627 Ibid.
584 2593 658 2628 133.
681 2610 722 2619 —
735 2602 750 2628 9
769 2596 892 2630 Matth.
912 2608 958 2637 vi,
985 2608 1022 2631 ιο
1038 2603 1072 2631 et
1093 2599 1151 2633 13.

1235 2656 1275 2694 2.
