<?xml version="1.0" encoding="UTF-8"?>
<!DOCTYPE html PUBLIC "-//W3C//DTD XHTML 1.0 Transitional//EN"
    "http://www.w3.org/TR/xhtml1/DTD/xhtml1-transitional.dtd">
<html xmlns="http://www.w3.org/1999/xhtml" xml:lang="en" lang="en">
 <head>
  <title>
</title>
<meta http-equiv="Content-Type" content="text/html;charset=utf-8" />
  <meta name='ocr-system' content='tesseract 3.04.00' />
  <meta name='ocr-capabilities' content='ocr_page ocr_carea ocr_par ocr_line ocrx_word'/>
</head>
<body>
  <div class='ocr_page' id='page_1' title='image "./operaomniaaccura34auguuoft/operaomniaaccura34auguuoft_0038.png"; bbox 0 0 1784 3205; ppageno 0'>
   <div class='ocr_carea' id='block_1_1' title="bbox 316 204 1270 242">
    <p class='ocr_par' dir='ltr' id='par_1_1' title="bbox 316 204 1270 242">
     <span class='ocr_line' id='line_1_1' title="bbox 316 204 1270 242; baseline 0.003 -3"><span class='ocrx_word' id='word_1_1' title='bbox 316 204 366 239; x_wconf 71' lang='lat'><strong>:28</strong></span> <span class='ocrx_word' id='word_1_2' title='bbox 758 215 791 240; x_wconf 75' lang='lat' dir='ltr'><strong>s.</strong></span> <span class='ocrx_word' id='word_1_3' title='bbox 828 213 1056 242; x_wconf 71' lang='lat' dir='ltr'><strong>Aucusnm</strong></span> <span class='ocrx_word' id='word_1_4' title='bbox 1094 215 1270 242; x_wconf 64' lang='lat' dir='ltr'><strong>muscom</strong></span> 
     </span>
    </p>
   </div>
   <div class='ocr_carea' id='block_1_2' title="bbox 309 277 1704 2527">
    <p class='ocr_par' dir='ltr' id='par_1_2' title="bbox 309 277 1704 2437">
     <span class='ocr_line' id='line_1_2' title="bbox 316 277 1702 339; baseline 0.005 -21"><span class='ocrx_word' id='word_1_5' title='bbox 316 295 336 318; x_wconf 95' lang='lat'>»</span> <span class='ocrx_word' id='word_1_6' title='bbox 362 286 425 322; x_wconf 90' lang='lat' dir='ltr'><strong>est</strong></span> <span class='ocrx_word' id='word_1_7' title='bbox 456 278 533 338; x_wconf 90' lang='lat' dir='ltr'><strong>qui</strong></span> <span class='ocrx_word' id='word_1_8' title='bbox 561 277 690 322; x_wconf 82' lang='lat' dir='ltr'><strong>faciat</strong></span> <span class='ocrx_word' id='word_1_9' title='bbox 725 279 888 323; x_wconf 91' lang='lat' dir='ltr'><strong>bonum</strong></span> <span class='ocrx_word' id='word_1_10' title='bbox 906 314 916 333; x_wconf 88' lang='lat'><strong>,</strong></span> <span class='ocrx_word' id='word_1_11' title='bbox 941 295 1031 324; x_wconf 87' lang='lat' dir='ltr'><strong>non</strong></span> <span class='ocrx_word' id='word_1_12' title='bbox 1053 288 1116 323; x_wconf 89' lang='lat' dir='ltr'><strong>est</strong></span> <span class='ocrx_word' id='word_1_13' title='bbox 1149 295 1286 339; x_wconf 87' lang='lat' dir='ltr'><strong>usque</strong></span> <span class='ocrx_word' id='word_1_14' title='bbox 1309 280 1364 324; x_wconf 88' lang='lat' dir='ltr'><strong>ad</strong></span> <span class='ocrx_word' id='word_1_15' title='bbox 1389 294 1542 323; x_wconf 86' lang='lat' dir='ltr'><strong>unum.</strong></span> <span class='ocrx_word' id='word_1_16' title='bbox 1574 298 1593 321; x_wconf 92' lang='lat'>»</span> <span class='ocrx_word' id='word_1_17' title='bbox 1631 281 1702 324; x_wconf 80' lang='lat' dir='ltr'><strong>Ait</strong></span> 
     </span>
     <span class='ocr_line' id='line_1_3' title="bbox 314 349 1703 410; baseline 0.002 -18"><span class='ocrx_word' id='word_1_18' title='bbox 314 349 441 393; x_wconf 87' lang='lat' dir='ltr'><strong>etiam</strong></span> <span class='ocrx_word' id='word_1_19' title='bbox 465 349 618 393; x_wconf 80' lang='lat' dir='ltr'>dixisse</span> <span class='ocrx_word' id='word_1_20' title='bbox 635 359 831 393; x_wconf 84' lang='lat' dir='ltr'><strong>sanctum</strong></span> <span class='ocrx_word' id='word_1_21' title='bbox 857 351 1058 405; x_wconf 82' lang='lat' dir='ltr'><strong>Tobiam,</strong></span> <span class='ocrx_word' id='word_1_22' title='bbox 1083 370 1100 391; x_wconf 89' lang='lat'>«</span> <span class='ocrx_word' id='word_1_23' title='bbox 1127 351 1223 395; x_wconf 89' lang='lat' dir='ltr'><strong>Noli</strong></span> <span class='ocrx_word' id='word_1_24' title='bbox 1241 352 1410 405; x_wconf 84' lang='lat' dir='ltr'><strong>timere,</strong></span> <span class='ocrx_word' id='word_1_25' title='bbox 1437 350 1495 393; x_wconf 81' lang='lat' dir='ltr'><strong>fili</strong></span> <span class='ocrx_word' id='word_1_26' title='bbox 1513 371 1522 406; x_wconf 75' lang='lat'>3</span> <span class='ocrx_word' id='word_1_27' title='bbox 1542 366 1703 410; x_wconf 87' lang='lat' dir='ltr'><strong>paupe-</strong></span> 
     </span>
     <span class='ocr_line' id='line_1_4' title="bbox 316 421 1701 478; baseline 0.004 -17"><span class='ocrx_word' id='word_1_28' title='bbox 316 438 335 461; x_wconf 87' lang='lat'>»</span> <span class='ocrx_word' id='word_1_29' title='bbox 362 436 452 464; x_wconf 87' lang='lat' dir='ltr'><strong>rem</strong></span> <span class='ocrx_word' id='word_1_30' title='bbox 474 422 605 464; x_wconf 83' lang='lat' dir='ltr'><strong>vitam</strong></span> <span class='ocrx_word' id='word_1_31' title='bbox 630 421 838 478; x_wconf 79' lang='lat' dir='ltr'>gerimus,</span> <span class='ocrx_word' id='word_1_32' title='bbox 865 421 940 466; x_wconf 86' lang='lat' dir='ltr'><strong>sed</strong></span> <span class='ocrx_word' id='word_1_33' title='bbox 961 421 1098 466; x_wconf 82' lang='lat' dir='ltr'><strong>multa</strong></span> <span class='ocrx_word' id='word_1_34' title='bbox 1131 423 1242 466; x_wconf 85' lang='lat' dir='ltr'><strong>bona</strong></span> <span class='ocrx_word' id='word_1_35' title='bbox 1274 421 1549 476; x_wconf 84' lang='lat' dir='ltr'><strong>habebimus,</strong></span> <span class='ocrx_word' id='word_1_36' title='bbox 1577 423 1611 465; x_wconf 90' lang='lat' dir='ltr'><strong>si</strong></span> <span class='ocrx_word' id='word_1_37' title='bbox 1642 424 1701 466; x_wconf 89' lang='lat' dir='ltr'><strong>ti-</strong></span> 
     </span>
     <span class='ocr_line' id='line_1_5' title="bbox 316 493 1703 551; baseline 0.004 -18"><span class='ocrx_word' id='word_1_38' title='bbox 316 509 337 532; x_wconf 88' lang='lat'>»</span> <span class='ocrx_word' id='word_1_39' title='bbox 363 493 599 535; x_wconf 86' lang='lat' dir='ltr'><strong>muerimus</strong></span> <span class='ocrx_word' id='word_1_40' title='bbox 624 495 759 535; x_wconf 86' lang='lat' dir='ltr'><strong>Deum</strong></span> <span class='ocrx_word' id='word_1_41' title='bbox 777 527 787 546; x_wconf 88' lang='lat'><strong>,</strong></span> <span class='ocrx_word' id='word_1_42' title='bbox 821 503 862 536; x_wconf 86' lang='lat' dir='ltr'><strong>et</strong></span> <span class='ocrx_word' id='word_1_43' title='bbox 888 494 1186 538; x_wconf 80' lang='lat' dir='ltr'><strong>recesserimus</strong></span> <span class='ocrx_word' id='word_1_44' title='bbox 1214 495 1268 538; x_wconf 77' lang='lat' dir='ltr'><strong>ab</strong></span> <span class='ocrx_word' id='word_1_45' title='bbox 1299 494 1416 536; x_wconf 86' lang='lat' dir='ltr'><strong>omni</strong></span> <span class='ocrx_word' id='word_1_46' title='bbox 1440 503 1633 551; x_wconf 78' lang='lat' dir='ltr'><strong>peccato,</strong></span> <span class='ocrx_word' id='word_1_47' title='bbox 1659 503 1703 538; x_wconf 82' lang='lat' dir='ltr'><strong>et</strong></span> 
     </span>
     <span class='ocr_line' id='line_1_6' title="bbox 321 561 1702 608; baseline 0.001 -3"><span class='ocrx_word' id='word_1_48' title='bbox 321 582 333 601; x_wconf 76' lang='lat'>»</span> <span class='ocrx_word' id='word_1_49' title='bbox 362 561 590 605; x_wconf 79' lang='lat' dir='ltr'><strong>fecerimus</strong></span> <span class='ocrx_word' id='word_1_50' title='bbox 626 563 779 606; x_wconf 50' lang='lat' dir='ltr'><strong>bona&amp;</strong></span> <span class='ocrx_word' id='word_1_51' title='bbox 811 582 830 603; x_wconf 90' lang='lat'>»</span> <span class='ocrx_word' id='word_1_52' title='bbox 858 565 1086 608; x_wconf 87' lang='lat' dir='ltr'><strong>Verissime</strong></span> <span class='ocrx_word' id='word_1_53' title='bbox 1102 574 1206 607; x_wconf 79' lang='lat' dir='ltr'><strong>tunc</strong></span> <span class='ocrx_word' id='word_1_54' title='bbox 1229 572 1356 606; x_wconf 84' lang='lat' dir='ltr'><strong>crunt</strong></span> <span class='ocrx_word' id='word_1_55' title='bbox 1374 564 1540 606; x_wconf 84' lang='lat' dir='ltr'><strong>homini</strong></span> <span class='ocrx_word' id='word_1_56' title='bbox 1566 563 1702 608; x_wconf 79' lang='lat' dir='ltr'><strong>multa</strong></span> 
     </span>
     <span class='ocr_line' id='line_1_7' title="bbox 317 633 1703 694; baseline 0.002 -19"><span class='ocrx_word' id='word_1_57' title='bbox 317 633 444 687; x_wconf 80' lang='lat' dir='ltr'><strong>bona,</strong></span> <span class='ocrx_word' id='word_1_58' title='bbox 463 649 562 677; x_wconf 84' lang='lat' dir='ltr'><strong>cum</strong></span> <span class='ocrx_word' id='word_1_59' title='bbox 583 634 801 677; x_wconf 74' lang='lat' dir='ltr'><strong>recesserit</strong></span> <span class='ocrx_word' id='word_1_60' title='bbox 818 634 872 678; x_wconf 78' lang='lat' dir='ltr'><strong>ab</strong></span> <span class='ocrx_word' id='word_1_61' title='bbox 888 636 1005 678; x_wconf 89' lang='lat' dir='ltr'><strong>omni</strong></span> <span class='ocrx_word' id='word_1_62' title='bbox 1024 644 1217 694; x_wconf 80' lang='lat' dir='ltr'><strong>peccato.</strong></span> <span class='ocrx_word' id='word_1_63' title='bbox 1242 638 1364 678; x_wconf 84' lang='lat' dir='ltr'><strong>Tunc</strong></span> <span class='ocrx_word' id='word_1_64' title='bbox 1383 635 1497 677; x_wconf 79' lang='lat' dir='ltr'><strong>enim</strong></span> <span class='ocrx_word' id='word_1_65' title='bbox 1519 635 1556 677; x_wconf 90' lang='lat' dir='ltr'><strong>ei</strong></span> <span class='ocrx_word' id='word_1_66' title='bbox 1581 634 1703 678; x_wconf 82' lang='lat' dir='ltr'><strong>nulla</strong></span> 
     </span>
     <span class='ocr_line' id='line_1_8' title="bbox 312 703 1702 764; baseline 0.001 -18"><span class='ocrx_word' id='word_1_67' title='bbox 312 712 440 746; x_wconf 91' lang='lat' dir='ltr'><strong>erunt</strong></span> <span class='ocrx_word' id='word_1_68' title='bbox 469 703 597 757; x_wconf 76' lang='lat' dir='ltr'><strong>mala,</strong></span> <span class='ocrx_word' id='word_1_69' title='bbox 634 713 682 747; x_wconf 86' lang='lat' dir='ltr'><strong>ut</strong></span> <span class='ocrx_word' id='word_1_70' title='bbox 710 720 798 748; x_wconf 87' lang='lat' dir='ltr'><strong>non</strong></span> <span class='ocrx_word' id='word_1_71' title='bbox 821 721 930 764; x_wconf 88' lang='lat' dir='ltr'><strong>opus</strong></span> <span class='ocrx_word' id='word_1_72' title='bbox 950 706 1110 749; x_wconf 80' lang='lat' dir='ltr'><strong>haheat</strong></span> <span class='ocrx_word' id='word_1_73' title='bbox 1130 705 1303 749; x_wconf 78' lang='lat' dir='ltr'><strong>dicere:</strong></span> <span class='ocrx_word' id='word_1_74' title='bbox 1333 723 1352 746; x_wconf 89' lang='lat'>«</span> <span class='ocrx_word' id='word_1_75' title='bbox 1384 705 1538 748; x_wconf 85' lang='lat' dir='ltr'><strong>Libera</strong></span> <span class='ocrx_word' id='word_1_76' title='bbox 1570 720 1647 749; x_wconf 91' lang='lat' dir='ltr'><strong>nos</strong></span> <span class='ocrx_word' id='word_1_77' title='bbox 1678 720 1702 748; x_wconf 86' lang='lat' dir='ltr'><strong>a</strong></span> 
     </span>
     <span class='ocr_line' id='line_1_9' title="bbox 315 772 1701 834; baseline 0.001 -19"><span class='ocrx_word' id='word_1_78' title='bbox 315 791 333 812; x_wconf 76' lang='lat' dir='ltr'><strong>n</strong></span> <span class='ocrx_word' id='word_1_79' title='bbox 360 772 473 816; x_wconf 81' lang='lat' dir='ltr'><strong>malo</strong></span> <span class='ocrx_word' id='word_1_80' title='bbox 492 776 523 814; x_wconf 53' lang='grc' dir='ltr'><strong>Ἰ.</strong></span> <span class='ocrx_word' id='word_1_81' title='bbox 553 791 572 813; x_wconf 84' lang='lat'>»</span> <span class='ocrx_word' id='word_1_82' title='bbox 593 775 797 826; x_wconf 84' lang='lat' dir='ltr'><strong>Quamvis</strong></span> <span class='ocrx_word' id='word_1_83' title='bbox 817 784 859 818; x_wconf 83' lang='lat' dir='ltr'><strong>et</strong></span> <span class='ocrx_word' id='word_1_84' title='bbox 877 791 994 819; x_wconf 89' lang='lat' dir='ltr'><strong>nunc</strong></span> <span class='ocrx_word' id='word_1_85' title='bbox 1020 776 1157 819; x_wconf 85' lang='lat' dir='ltr'><strong>omnis</strong></span> <span class='ocrx_word' id='word_1_86' title='bbox 1182 776 1258 834; x_wconf 85' lang='lat' dir='ltr'><strong>qui</strong></span> <span class='ocrx_word' id='word_1_87' title='bbox 1280 775 1466 833; x_wconf 78' lang='lat' dir='ltr'><strong>proficit,</strong></span> <span class='ocrx_word' id='word_1_88' title='bbox 1492 784 1608 819; x_wconf 86' lang='lat' dir='ltr'><strong>recta</strong></span> <span class='ocrx_word' id='word_1_89' title='bbox 1631 775 1701 818; x_wconf 91' lang='lat' dir='ltr'><strong>in-</strong></span> 
     </span>
     <span class='ocr_line' id='line_1_10' title="bbox 312 843 1702 905; baseline 0.003 -20"><span class='ocrx_word' id='word_1_90' title='bbox 312 843 505 886; x_wconf 85' lang='lat' dir='ltr'><strong>tentione</strong></span> <span class='ocrx_word' id='word_1_91' title='bbox 539 844 767 902; x_wconf 78' lang='lat' dir='ltr'><strong>proficiens</strong></span> <span class='ocrx_word' id='word_1_92' title='bbox 787 880 797 899; x_wconf 84' lang='lat'><strong>,</strong></span> <span class='ocrx_word' id='word_1_93' title='bbox 835 845 997 889; x_wconf 81' lang='lat' dir='ltr'><strong>recedit</strong></span> <span class='ocrx_word' id='word_1_94' title='bbox 1031 846 1085 889; x_wconf 79' lang='lat' dir='ltr'><strong>ab</strong></span> <span class='ocrx_word' id='word_1_95' title='bbox 1119 847 1238 890; x_wconf 86' lang='lat' dir='ltr'><strong>omni</strong></span> <span class='ocrx_word' id='word_1_96' title='bbox 1268 855 1474 905; x_wconf 75' lang='lat' dir='ltr'><strong>peccato,</strong></span> <span class='ocrx_word' id='word_1_97' title='bbox 1507 855 1549 889; x_wconf 86' lang='lat' dir='ltr'><strong>et</strong></span> <span class='ocrx_word' id='word_1_98' title='bbox 1579 853 1702 889; x_wconf 82' lang='lat' dir='ltr'><strong>tanto</strong></span> 
     </span>
     <span class='ocr_line' id='line_1_11' title="bbox 313 912 1701 975; baseline 0.002 -20"><span class='ocrx_word' id='word_1_99' title='bbox 313 912 414 956; x_wconf 86' lang='lat' dir='ltr'><strong>inde</strong></span> <span class='ocrx_word' id='word_1_100' title='bbox 436 913 484 955; x_wconf 86' lang='lat' dir='ltr'><strong>fit</strong></span> <span class='ocrx_word' id='word_1_101' title='bbox 510 912 803 973; x_wconf 72' lang='lat' dir='ltr'><strong>longinquior,</strong></span> <span class='ocrx_word' id='word_1_102' title='bbox 843 925 1008 974; x_wconf 76' lang='lat' dir='ltr'><strong>quanto</strong></span> <span class='ocrx_word' id='word_1_103' title='bbox 1040 916 1302 975; x_wconf 82' lang='lat' dir='ltr'><strong>plenitudini</strong></span> <span class='ocrx_word' id='word_1_104' title='bbox 1325 915 1506 974; x_wconf 77' lang='lat' dir='ltr'><strong>justitiae</strong></span> <span class='ocrx_word' id='word_1_105' title='bbox 1532 914 1701 974; x_wconf 86' lang='lat' dir='ltr'><strong>perfec-</strong></span> 
     </span>
     <span class='ocr_line' id='line_1_12' title="bbox 313 982 1704 1045; baseline 0.003 -20"><span class='ocrx_word' id='word_1_106' title='bbox 313 982 507 1042; x_wconf 84' lang='lat' dir='ltr'><strong>tionique</strong></span> <span class='ocrx_word' id='word_1_107' title='bbox 537 985 821 1043; x_wconf 82' lang='lat' dir='ltr'><strong>propinquior</strong></span> <span class='ocrx_word' id='word_1_108' title='bbox 848 1001 856 1025; x_wconf 74' lang='grc' dir='ltr'>ε</span> <span class='ocrx_word' id='word_1_109' title='bbox 880 986 981 1044; x_wconf 79' lang='lat' dir='ltr'><strong>quia</strong></span> <span class='ocrx_word' id='word_1_110' title='bbox 1007 995 1050 1029; x_wconf 90' lang='lat' dir='ltr'><strong>ct</strong></span> <span class='ocrx_word' id='word_1_111' title='bbox 1072 987 1160 1045; x_wconf 84' lang='lat' dir='ltr'><strong>ipsa</strong></span> <span class='ocrx_word' id='word_1_112' title='bbox 1179 987 1557 1045; x_wconf 82' lang='lat' dir='ltr'><strong>concupiscentia,</strong></span> <span class='ocrx_word' id='word_1_113' title='bbox 1580 986 1704 1045; x_wconf 86' lang='lat' dir='ltr'><strong>quod.</strong></span> 
     </span>
     <span class='ocr_line' id='line_1_13' title="bbox 312 1055 1704 1112; baseline 0.002 -16"><span class='ocrx_word' id='word_1_114' title='bbox 312 1062 374 1096; x_wconf 84' lang='lat' dir='ltr'><strong>cst</strong></span> <span class='ocrx_word' id='word_1_115' title='bbox 399 1064 626 1112; x_wconf 75' lang='lat' dir='ltr'><strong>peccatum</strong></span> <span class='ocrx_word' id='word_1_116' title='bbox 664 1055 864 1099; x_wconf 76' lang='lat' dir='ltr'><strong>habitans</strong></span> <span class='ocrx_word' id='word_1_117' title='bbox 903 1057 951 1099; x_wconf 87' lang='lat' dir='ltr'><strong>in-</strong></span> <span class='ocrx_word' id='word_1_118' title='bbox 979 1072 1108 1100; x_wconf 79' lang='lat' dir='ltr'><strong>carne</strong></span> <span class='ocrx_word' id='word_1_119' title='bbox 1139 1067 1306 1109; x_wconf 83' lang='lat' dir='ltr'><strong>nostra,</strong></span> <span class='ocrx_word' id='word_1_120' title='bbox 1342 1058 1419 1100; x_wconf 86' lang='lat' dir='ltr'><strong>etsi</strong></span> <span class='ocrx_word' id='word_1_121' title='bbox 1449 1065 1597 1100; x_wconf 84' lang='lat' dir='ltr'><strong>manet</strong></span> <span class='ocrx_word' id='word_1_122' title='bbox 1627 1055 1704 1099; x_wconf 84' lang='lat' dir='ltr'><strong>ad-</strong></span> 
     </span>
     <span class='ocr_line' id='line_1_14' title="bbox 310 1123 1704 1181; baseline 0.003 -15"><span class='ocrx_word' id='word_1_123' title='bbox 310 1123 397 1167; x_wconf 88' lang='lat' dir='ltr'><strong>huc</strong></span> <span class='ocrx_word' id='word_1_124' title='bbox 433 1124 475 1167; x_wconf 85' lang='lat' dir='ltr'><strong>in</strong></span> <span class='ocrx_word' id='word_1_125' title='bbox 506 1125 711 1169; x_wconf 72' lang='lat' dir='ltr'><strong>membris</strong></span> <span class='ocrx_word' id='word_1_126' title='bbox 745 1127 1022 1181; x_wconf 69' lang='lat' dir='ltr'><strong>mortalibus,</strong></span> <span class='ocrx_word' id='word_1_127' title='bbox 1058 1128 1194 1170; x_wconf 86' lang='lat' dir='ltr'><strong>minui</strong></span> <span class='ocrx_word' id='word_1_128' title='bbox 1232 1137 1377 1171; x_wconf 80' lang='lat' dir='ltr'><strong>tamen</strong></span> <span class='ocrx_word' id='word_1_129' title='bbox 1421 1143 1509 1171; x_wconf 89' lang='lat' dir='ltr'><strong>non</strong></span> <span class='ocrx_word' id='word_1_130' title='bbox 1546 1127 1704 1171; x_wconf 86' lang='lat' dir='ltr'><strong>desinit</strong></span> 
     </span>
     <span class='ocr_line' id='line_1_15' title="bbox 313 1193 1704 1256; baseline 0.004 -20"><span class='ocrx_word' id='word_1_131' title='bbox 313 1193 355 1236; x_wconf 87' lang='lat' dir='ltr'><strong>in</strong></span> <span class='ocrx_word' id='word_1_132' title='bbox 381 1196 721 1252; x_wconf 76' lang='lat' dir='ltr'><strong>proficientibus.</strong></span> <span class='ocrx_word' id='word_1_133' title='bbox 752 1197 883 1240; x_wconf 82' lang='lat' dir='ltr'><strong>Aliud</strong></span> <span class='ocrx_word' id='word_1_134' title='bbox 902 1207 962 1241; x_wconf 82' lang='lat' dir='ltr'><strong>est</strong></span> <span class='ocrx_word' id='word_1_135' title='bbox 988 1214 1112 1256; x_wconf 71' lang='lat' dir='ltr'><strong>ergo,</strong></span> <span class='ocrx_word' id='word_1_136' title='bbox 1145 1198 1346 1242; x_wconf 81' lang='lat' dir='ltr'><strong>recedere</strong></span> <span class='ocrx_word' id='word_1_137' title='bbox 1375 1199 1430 1241; x_wconf 79' lang='lat' dir='ltr'><strong>ab</strong></span> <span class='ocrx_word' id='word_1_138' title='bbox 1456 1199 1575 1241; x_wconf 88' lang='lat' dir='ltr'><strong>omni</strong></span> <span class='ocrx_word' id='word_1_139' title='bbox 1602 1212 1704 1256; x_wconf 87' lang='lat' dir='ltr'><strong>pec·-</strong></span> 
     </span>
     <span class='ocr_line' id='line_1_16' title="bbox 310 1264 1703 1325; baseline 0.004 -19"><span class='ocrx_word' id='word_1_140' title='bbox 310 1273 431 1318; x_wconf 82' lang='lat' dir='ltr'><strong>cato,</strong></span> <span class='ocrx_word' id='word_1_141' title='bbox 458 1264 577 1324; x_wconf 85' lang='lat' dir='ltr'><strong>quod</strong></span> <span class='ocrx_word' id='word_1_142' title='bbox 595 1267 773 1309; x_wconf 82' lang='lat' dir='ltr'><strong>nuncin</strong></span> <span class='ocrx_word' id='word_1_143' title='bbox 805 1282 935 1325; x_wconf 81' lang='lat' dir='ltr'><strong>opere</strong></span> <span class='ocrx_word' id='word_1_144' title='bbox 955 1277 1041 1324; x_wconf 68' lang='lat' dir='ltr'><strong>est,</strong></span> <span class='ocrx_word' id='word_1_145' title='bbox 1066 1267 1211 1322; x_wconf 77' lang='lat' dir='ltr'><strong>aliud,</strong></span> <span class='ocrx_word' id='word_1_146' title='bbox 1249 1269 1466 1312; x_wconf 83' lang='lat' dir='ltr'><strong>recessisse</strong></span> <span class='ocrx_word' id='word_1_147' title='bbox 1498 1269 1551 1311; x_wconf 78' lang='lat' dir='ltr'><strong>ab</strong></span> <span class='ocrx_word' id='word_1_148' title='bbox 1584 1269 1703 1312; x_wconf 86' lang='lat' dir='ltr'><strong>omni</strong></span> 
     </span>
     <span class='ocr_line' id='line_1_17' title="bbox 311 1335 1703 1396; baseline 0.004 -19"><span class='ocrx_word' id='word_1_149' title='bbox 311 1344 508 1393; x_wconf 83' lang='lat' dir='ltr'><strong>peccato,</strong></span> <span class='ocrx_word' id='word_1_150' title='bbox 550 1335 670 1394; x_wconf 90' lang='lat' dir='ltr'><strong>quod</strong></span> <span class='ocrx_word' id='word_1_151' title='bbox 700 1337 742 1379; x_wconf 89' lang='lat' dir='ltr'><strong>in</strong></span> <span class='ocrx_word' id='word_1_152' title='bbox 762 1336 835 1380; x_wconf 79' lang='lat' dir='ltr'><strong>illa</strong></span> <span class='ocrx_word' id='word_1_153' title='bbox 872 1336 1137 1396; x_wconf 70' lang='lat' dir='ltr'><strong>perfectione</strong></span> <span class='ocrx_word' id='word_1_154' title='bbox 1175 1348 1277 1382; x_wconf 79' lang='lat' dir='ltr'><strong>tunc</strong></span> <span class='ocrx_word' id='word_1_155' title='bbox 1300 1340 1394 1382; x_wconf 87' lang='lat' dir='ltr'><strong>erit.</strong></span> <span class='ocrx_word' id='word_1_156' title='bbox 1435 1340 1517 1384; x_wconf 88' lang='lat' dir='ltr'><strong>Sed</strong></span> <span class='ocrx_word' id='word_1_157' title='bbox 1556 1349 1703 1382; x_wconf 84' lang='lat' dir='ltr'><strong>tamen</strong></span> 
     </span>
     <span class='ocr_line' id='line_1_18' title="bbox 310 1407 1700 1468; baseline 0.005 -21"><span class='ocrx_word' id='word_1_158' title='bbox 310 1414 351 1448; x_wconf 86' lang='lat' dir='ltr'><strong>ct</strong></span> <span class='ocrx_word' id='word_1_159' title='bbox 383 1407 457 1464; x_wconf 86' lang='lat' dir='ltr'><strong>qui</strong></span> <span class='ocrx_word' id='word_1_160' title='bbox 485 1407 575 1465; x_wconf 80' lang='lat' dir='ltr'><strong>jam</strong></span> <span class='ocrx_word' id='word_1_161' title='bbox 615 1408 802 1461; x_wconf 75' lang='lat' dir='ltr'><strong>recessit,</strong></span> <span class='ocrx_word' id='word_1_162' title='bbox 828 1417 870 1451; x_wconf 88' lang='lat' dir='ltr'><strong>et</strong></span> <span class='ocrx_word' id='word_1_163' title='bbox 896 1410 969 1468; x_wconf 88' lang='lat' dir='ltr'><strong>qui</strong></span> <span class='ocrx_word' id='word_1_164' title='bbox 1007 1408 1151 1453; x_wconf 81' lang='lat' dir='ltr'><strong>adhuc</strong></span> <span class='ocrx_word' id='word_1_165' title='bbox 1174 1410 1364 1464; x_wconf 74' lang='lat' dir='ltr'><strong>recedit,</strong></span> <span class='ocrx_word' id='word_1_166' title='bbox 1402 1426 1489 1454; x_wconf 85' lang='lat' dir='ltr'><strong>non</strong></span> <span class='ocrx_word' id='word_1_167' title='bbox 1527 1419 1592 1454; x_wconf 89' lang='lat' dir='ltr'><strong>est</strong></span> <span class='ocrx_word' id='word_1_168' title='bbox 1622 1425 1700 1453; x_wconf 87' lang='lat' dir='ltr'><strong>ne-</strong></span> 
     </span>
     <span class='ocr_line' id='line_1_19' title="bbox 311 1465 1702 1536; baseline 0.005 -18"><span class='ocrx_word' id='word_1_169' title='bbox 311 1465 476 1533; x_wconf 82' lang='lat' dir='ltr'><strong>gandus</strong></span> <span class='ocrx_word' id='word_1_170' title='bbox 503 1477 644 1520; x_wconf 79' lang='lat' dir='ltr'><strong>facere</strong></span> <span class='ocrx_word' id='word_1_171' title='bbox 673 1478 854 1521; x_wconf 82' lang='lat' dir='ltr'><strong>bonum.</strong></span> <span class='ocrx_word' id='word_1_172' title='bbox 885 1478 1117 1530; x_wconf 86' lang='lat' dir='ltr'><strong>Quomodo</strong></span> <span class='ocrx_word' id='word_1_173' title='bbox 1135 1494 1235 1536; x_wconf 80' lang='lat' dir='ltr'><strong>ergo</strong></span> <span class='ocrx_word' id='word_1_174' title='bbox 1251 1480 1418 1524; x_wconf 86' lang='lat' dir='ltr'><strong>dictum</strong></span> <span class='ocrx_word' id='word_1_175' title='bbox 1444 1490 1533 1534; x_wconf 80' lang='lat' dir='ltr'><strong>est,</strong></span> <span class='ocrx_word' id='word_1_176' title='bbox 1558 1501 1577 1522; x_wconf 90' lang='lat'>«</span> <span class='ocrx_word' id='word_1_177' title='bbox 1604 1483 1702 1525; x_wconf 86' lang='lat' dir='ltr'><strong>Non</strong></span> 
     </span>
     <span class='ocr_line' id='line_1_20' title="bbox 313 1547 1697 1610; baseline 0.004 -24"><span class='ocrx_word' id='word_1_178' title='bbox 313 1563 332 1585; x_wconf 73' lang='lat' dir='ltr'><strong>n</strong></span> <span class='ocrx_word' id='word_1_179' title='bbox 359 1555 421 1590; x_wconf 86' lang='lat' dir='ltr'><strong>est</strong></span> <span class='ocrx_word' id='word_1_180' title='bbox 459 1548 532 1606; x_wconf 89' lang='lat' dir='ltr'><strong>qui</strong></span> <span class='ocrx_word' id='word_1_181' title='bbox 564 1547 694 1591; x_wconf 68' lang='lat' dir='ltr'><strong>faciat</strong></span> <span class='ocrx_word' id='word_1_182' title='bbox 723 1548 885 1592; x_wconf 87' lang='lat' dir='ltr'><strong>bonurn</strong></span> <span class='ocrx_word' id='word_1_183' title='bbox 905 1584 915 1603; x_wconf 87' lang='lat'><strong>,</strong></span> <span class='ocrx_word' id='word_1_184' title='bbox 957 1565 1043 1594; x_wconf 87' lang='lat' dir='ltr'><strong>non</strong></span> <span class='ocrx_word' id='word_1_185' title='bbox 1085 1559 1147 1594; x_wconf 89' lang='lat' dir='ltr'><strong>cst</strong></span> <span class='ocrx_word' id='word_1_186' title='bbox 1181 1566 1317 1610; x_wconf 88' lang='lat' dir='ltr'><strong>usque</strong></span> <span class='ocrx_word' id='word_1_187' title='bbox 1345 1551 1399 1594; x_wconf 80' lang='lat' dir='ltr'><strong>ad</strong></span> <span class='ocrx_word' id='word_1_188' title='bbox 1432 1554 1600 1595; x_wconf 81' lang='lat' dir='ltr'><strong>unum3</strong></span> <span class='ocrx_word' id='word_1_189' title='bbox 1629 1572 1639 1608; x_wconf 72' lang='lat'><em>3</em></span> <span class='ocrx_word' id='word_1_190' title='bbox 1678 1570 1697 1592; x_wconf 67' lang='grc' dir='ltr'>η</span> 
     </span>
     <span class='ocr_line' id='line_1_21' title="bbox 310 1616 1701 1682; baseline 0.004 -23"><span class='ocrx_word' id='word_1_191' title='bbox 310 1616 428 1675; x_wconf 77' lang='lat' dir='ltr'><strong>quod</strong></span> <span class='ocrx_word' id='word_1_192' title='bbox 460 1617 531 1661; x_wconf 85' lang='lat' dir='ltr'><strong>ille</strong></span> <span class='ocrx_word' id='word_1_193' title='bbox 565 1620 806 1677; x_wconf 82' lang='lat' dir='ltr'><strong>proposuit,</strong></span> <span class='ocrx_word' id='word_1_194' title='bbox 837 1629 880 1663; x_wconf 91' lang='lat' dir='ltr'><strong>et</strong></span> <span class='ocrx_word' id='word_1_195' title='bbox 913 1635 1002 1664; x_wconf 91' lang='lat' dir='ltr'><strong>non</strong></span> <span class='ocrx_word' id='word_1_196' title='bbox 1031 1621 1224 1664; x_wconf 78' lang='lat' dir='ltr'><strong>solutum</strong></span> <span class='ocrx_word' id='word_1_197' title='bbox 1260 1621 1463 1681; x_wconf 66' lang='lat' dir='ltr'><strong>reliquit,</strong></span> <span class='ocrx_word' id='word_1_198' title='bbox 1497 1623 1574 1665; x_wconf 88' lang='lat' dir='ltr'><strong>nisi</strong></span> <span class='ocrx_word' id='word_1_199' title='bbox 1600 1622 1701 1682; x_wconf 86' lang='lat' dir='ltr'><strong>quia</strong></span> 
     </span>
     <span class='ocr_line' id='line_1_22' title="bbox 309 1688 1700 1752; baseline 0.006 -23"><span class='ocrx_word' id='word_1_200' title='bbox 309 1688 521 1746; x_wconf 86' lang='lat' dir='ltr'><strong>populum</strong></span> <span class='ocrx_word' id='word_1_201' title='bbox 553 1689 785 1748; x_wconf 77' lang='lat' dir='ltr'><strong>quemdam</strong></span> <span class='ocrx_word' id='word_1_202' title='bbox 809 1690 1001 1734; x_wconf 80' lang='lat' dir='ltr'><strong>Psalmus</strong></span> <span class='ocrx_word' id='word_1_203' title='bbox 1035 1691 1107 1735; x_wconf 88' lang='lat' dir='ltr'><strong>illc</strong></span> <span class='ocrx_word' id='word_1_204' title='bbox 1133 1692 1293 1751; x_wconf 76' lang='lat' dir='ltr'><strong>culpat,</strong></span> <span class='ocrx_word' id='word_1_205' title='bbox 1317 1693 1360 1735; x_wconf 92' lang='lat' dir='ltr'><strong>in</strong></span> <span class='ocrx_word' id='word_1_206' title='bbox 1384 1709 1472 1752; x_wconf 85' lang='lat' dir='ltr'><strong>quo</strong></span> <span class='ocrx_word' id='word_1_207' title='bbox 1488 1709 1567 1737; x_wconf 89' lang='lat' dir='ltr'><strong>nec</strong></span> <span class='ocrx_word' id='word_1_208' title='bbox 1587 1709 1700 1737; x_wconf 91' lang='lat' dir='ltr'><strong>unus</strong></span> 
     </span>
     <span class='ocr_line' id='line_1_23' title="bbox 310 1759 1700 1819; baseline 0.004 -17"><span class='ocrx_word' id='word_1_209' title='bbox 310 1768 398 1803; x_wconf 81' lang='lat' dir='ltr'><strong>erat</strong></span> <span class='ocrx_word' id='word_1_210' title='bbox 417 1760 491 1819; x_wconf 88' lang='lat' dir='ltr'><strong>qui</strong></span> <span class='ocrx_word' id='word_1_211' title='bbox 514 1759 673 1804; x_wconf 79' lang='lat' dir='ltr'><strong>faceret</strong></span> <span class='ocrx_word' id='word_1_212' title='bbox 699 1762 860 1805; x_wconf 88' lang='lat' dir='ltr'><strong>bonurn</strong></span> <span class='ocrx_word' id='word_1_213' title='bbox 881 1797 891 1816; x_wconf 93' lang='lat'><strong>,</strong></span> <span class='ocrx_word' id='word_1_214' title='bbox 916 1762 1021 1806; x_wconf 86' lang='lat' dir='ltr'><strong>dum</strong></span> <span class='ocrx_word' id='word_1_215' title='bbox 1040 1763 1193 1807; x_wconf 81' lang='lat' dir='ltr'><strong>volunt</strong></span> <span class='ocrx_word' id='word_1_216' title='bbox 1219 1779 1441 1808; x_wconf 78' lang='lat' dir='ltr'><strong>remanere</strong></span> <span class='ocrx_word' id='word_1_217' title='bbox 1463 1765 1541 1808; x_wconf 87' lang='lat' dir='ltr'><strong>filii</strong></span> <span class='ocrx_word' id='word_1_218' title='bbox 1564 1765 1700 1809; x_wconf 88' lang='lat' dir='ltr'><strong>homi-</strong></span> 
     </span>
     <span class='ocr_line' id='line_1_24' title="bbox 309 1832 1701 1893; baseline 0.006 -21"><span class='ocrx_word' id='word_1_219' title='bbox 309 1846 432 1884; x_wconf 81' lang='lat' dir='ltr'><strong>num,</strong></span> <span class='ocrx_word' id='word_1_220' title='bbox 455 1839 498 1873; x_wconf 81' lang='lat' dir='ltr'><strong>ct</strong></span> <span class='ocrx_word' id='word_1_221' title='bbox 520 1847 607 1873; x_wconf 79' lang='lat' dir='ltr'><strong>non</strong></span> <span class='ocrx_word' id='word_1_222' title='bbox 627 1847 715 1875; x_wconf 85' lang='lat' dir='ltr'><strong>esse</strong></span> <span class='ocrx_word' id='word_1_223' title='bbox 738 1832 813 1875; x_wconf 80' lang='lat' dir='ltr'><strong>filii</strong></span> <span class='ocrx_word' id='word_1_224' title='bbox 834 1835 923 1887; x_wconf 87' lang='lat' dir='ltr'><strong>Dei,</strong></span> <span class='ocrx_word' id='word_1_225' title='bbox 945 1835 1067 1893; x_wconf 87' lang='lat' dir='ltr'><strong>cujus</strong></span> <span class='ocrx_word' id='word_1_226' title='bbox 1083 1835 1216 1891; x_wconf 79' lang='lat' dir='ltr'><strong>gratia</strong></span> <span class='ocrx_word' id='word_1_227' title='bbox 1240 1836 1372 1879; x_wconf 87' lang='lat' dir='ltr'><strong>homo</strong></span> <span class='ocrx_word' id='word_1_228' title='bbox 1394 1837 1448 1879; x_wconf 89' lang='lat' dir='ltr'><strong>sit</strong></span> <span class='ocrx_word' id='word_1_229' title='bbox 1472 1836 1628 1890; x_wconf 86' lang='lat' dir='ltr'><strong>bonus,</strong></span> <span class='ocrx_word' id='word_1_230' title='bbox 1651 1844 1701 1879; x_wconf 87' lang='lat' dir='ltr'><strong>ut</strong></span> 
     </span>
     <span class='ocr_line' id='line_1_25' title="bbox 311 1899 1700 1950; baseline 0.006 -8"><span class='ocrx_word' id='word_1_231' title='bbox 311 1899 437 1943; x_wconf 75' lang='lat' dir='ltr'><strong>faciat</strong></span> <span class='ocrx_word' id='word_1_232' title='bbox 463 1900 626 1944; x_wconf 86' lang='lat' dir='ltr'><strong>bonum</strong></span> <span class='ocrx_word' id='word_1_233' title='bbox 637 1904 654 1943; x_wconf 80' lang='lat'><strong>⁴?</strong></span> <span class='ocrx_word' id='word_1_234' title='bbox 682 1906 741 1945; x_wconf 87' lang='lat' dir='ltr'><strong>De</strong></span> <span class='ocrx_word' id='word_1_235' title='bbox 758 1902 831 1946; x_wconf 82' lang='lat' dir='ltr'><strong>illo</strong></span> <span class='ocrx_word' id='word_1_236' title='bbox 849 1903 964 1946; x_wconf 84' lang='lat' dir='ltr'><strong>enim</strong></span> <span class='ocrx_word' id='word_1_237' title='bbox 989 1904 1105 1947; x_wconf 86' lang='lat' dir='ltr'><strong>bono</strong></span> <span class='ocrx_word' id='word_1_238' title='bbox 1123 1903 1288 1948; x_wconf 88' lang='lat' dir='ltr'><strong>dictum</strong></span> <span class='ocrx_word' id='word_1_239' title='bbox 1307 1906 1376 1949; x_wconf 88' lang='lat' dir='ltr'><strong>hic</strong></span> <span class='ocrx_word' id='word_1_240' title='bbox 1399 1905 1610 1950; x_wconf 85' lang='lat' dir='ltr'><strong>debemus</strong></span> <span class='ocrx_word' id='word_1_241' title='bbox 1628 1922 1700 1950; x_wconf 88' lang='lat' dir='ltr'><strong>ac-</strong></span> 
     </span>
     <span class='ocr_line' id='line_1_26' title="bbox 309 1971 1700 2035; baseline 0.006 -23"><span class='ocrx_word' id='word_1_242' title='bbox 309 1971 465 2028; x_wconf 79' lang='lat' dir='ltr'><strong>cipere,</strong></span> <span class='ocrx_word' id='word_1_243' title='bbox 483 1971 601 2030; x_wconf 87' lang='lat' dir='ltr'><strong>quod</strong></span> <span class='ocrx_word' id='word_1_244' title='bbox 623 1972 681 2015; x_wconf 87' lang='lat' dir='ltr'><strong>ibi</strong></span> <span class='ocrx_word' id='word_1_245' title='bbox 700 1975 772 2026; x_wconf 75' lang='lat' dir='ltr'><strong>ait,</strong></span> <span class='ocrx_word' id='word_1_246' title='bbox 793 1992 811 2014; x_wconf 72' lang='grc' dir='ltr'><strong>ι(</strong></span> <span class='ocrx_word' id='word_1_247' title='bbox 830 1976 940 2016; x_wconf 86' lang='lat' dir='ltr'><strong>Deus</strong></span> <span class='ocrx_word' id='word_1_248' title='bbox 955 1973 1008 2017; x_wconf 89' lang='lat' dir='ltr'><strong>de</strong></span> <span class='ocrx_word' id='word_1_249' title='bbox 1026 1975 1139 2019; x_wconf 83' lang='lat' dir='ltr'><strong>coelo</strong></span> <span class='ocrx_word' id='word_1_250' title='bbox 1155 1977 1482 2035; x_wconf 80' lang='lat' dir='ltr'><strong>respexitsuper</strong></span> <span class='ocrx_word' id='word_1_251' title='bbox 1498 1977 1609 2021; x_wconf 88' lang='lat' dir='ltr'><strong>filios</strong></span> <span class='ocrx_word' id='word_1_252' title='bbox 1626 1978 1700 2021; x_wconf 90' lang='lat' dir='ltr'><strong>ho·</strong></span> 
     </span>
     <span class='ocr_line' id='line_1_27' title="bbox 312 2042 1694 2106; baseline 0.004 -24"><span class='ocrx_word' id='word_1_253' title='bbox 312 2060 330 2081; x_wconf 79' lang='grc'>»</span> <span class='ocrx_word' id='word_1_254' title='bbox 352 2042 534 2096; x_wconf 81' lang='lat' dir='ltr'><strong>minum,</strong></span> <span class='ocrx_word' id='word_1_255' title='bbox 549 2051 595 2085; x_wconf 84' lang='lat' dir='ltr'><strong>ut</strong></span> <span class='ocrx_word' id='word_1_256' title='bbox 612 2042 755 2086; x_wconf 80' lang='lat' dir='ltr'><strong>videat</strong></span> <span class='ocrx_word' id='word_1_257' title='bbox 767 2043 817 2085; x_wconf 88' lang='lat' dir='ltr'><strong>sit</strong></span> <span class='ocrx_word' id='word_1_258' title='bbox 832 2052 894 2087; x_wconf 88' lang='lat' dir='ltr'><strong>est</strong></span> <span class='ocrx_word' id='word_1_259' title='bbox 908 2044 1156 2103; x_wconf 79' lang='lat' dir='ltr'><strong>intelligens</strong></span> <span class='ocrx_word' id='word_1_260' title='bbox 1169 2056 1243 2089; x_wconf 82' lang='lat' dir='ltr'><strong>aut</strong></span> <span class='ocrx_word' id='word_1_261' title='bbox 1258 2048 1483 2106; x_wconf 83' lang='lat' dir='ltr'><strong>requirens</strong></span> <span class='ocrx_word' id='word_1_262' title='bbox 1498 2051 1651 2092; x_wconf 89' lang='lat' dir='ltr'><strong>Deum.</strong></span> <span class='ocrx_word' id='word_1_263' title='bbox 1675 2066 1694 2089; x_wconf 92' lang='lat'>»</span> 
     </span>
     <span class='ocr_line' id='line_1_28' title="bbox 311 2112 1698 2174; baseline 0.006 -20"><span class='ocrx_word' id='word_1_264' title='bbox 311 2114 404 2154; x_wconf 84' lang='lat' dir='ltr'><strong>Hoc</strong></span> <span class='ocrx_word' id='word_1_265' title='bbox 439 2128 540 2169; x_wconf 79' lang='lat' dir='ltr'><strong>ergo</strong></span> <span class='ocrx_word' id='word_1_266' title='bbox 575 2112 740 2156; x_wconf 80' lang='lat' dir='ltr'><strong>bonum</strong></span> <span class='ocrx_word' id='word_1_267' title='bbox 761 2148 771 2167; x_wconf 88' lang='lat'><strong>,</strong></span> <span class='ocrx_word' id='word_1_268' title='bbox 793 2113 912 2172; x_wconf 87' lang='lat' dir='ltr'><strong>quod</strong></span> <span class='ocrx_word' id='word_1_269' title='bbox 939 2123 1002 2158; x_wconf 89' lang='lat' dir='ltr'><strong>est</strong></span> <span class='ocrx_word' id='word_1_270' title='bbox 1035 2116 1254 2174; x_wconf 84' lang='lat' dir='ltr'><strong>requirere</strong></span> <span class='ocrx_word' id='word_1_271' title='bbox 1288 2120 1426 2160; x_wconf 84' lang='lat' dir='ltr'><strong>Deum</strong></span> <span class='ocrx_word' id='word_1_272' title='bbox 1447 2152 1457 2171; x_wconf 93' lang='lat'><strong>,</strong></span> <span class='ocrx_word' id='word_1_273' title='bbox 1484 2134 1572 2161; x_wconf 87' lang='lat' dir='ltr'><strong>non</strong></span> <span class='ocrx_word' id='word_1_274' title='bbox 1606 2127 1698 2162; x_wconf 84' lang='lat' dir='ltr'><strong>erat</strong></span> 
     </span>
     <span class='ocr_line' id='line_1_29' title="bbox 311 2181 1698 2246; baseline 0.006 -23"><span class='ocrx_word' id='word_1_275' title='bbox 311 2183 383 2239; x_wconf 84' lang='lat' dir='ltr'><strong>qui</strong></span> <span class='ocrx_word' id='word_1_276' title='bbox 415 2181 595 2236; x_wconf 68' lang='lat' dir='ltr'><strong>faceret,</strong></span> <span class='ocrx_word' id='word_1_277' title='bbox 625 2198 711 2226; x_wconf 86' lang='lat' dir='ltr'><strong>non</strong></span> <span class='ocrx_word' id='word_1_278' title='bbox 745 2193 836 2226; x_wconf 78' lang='lat' dir='ltr'><strong>erat</strong></span> <span class='ocrx_word' id='word_1_279' title='bbox 862 2200 997 2243; x_wconf 88' lang='lat' dir='ltr'><strong>usque</strong></span> <span class='ocrx_word' id='word_1_280' title='bbox 1032 2184 1086 2228; x_wconf 82' lang='lat' dir='ltr'><strong>ad</strong></span> <span class='ocrx_word' id='word_1_281' title='bbox 1105 2201 1258 2240; x_wconf 86' lang='lat' dir='ltr'><strong>unum,</strong></span> <span class='ocrx_word' id='word_1_282' title='bbox 1281 2185 1357 2229; x_wconf 85' lang='lat' dir='ltr'><strong>sed</strong></span> <span class='ocrx_word' id='word_1_283' title='bbox 1390 2187 1433 2230; x_wconf 84' lang='lat' dir='ltr'><strong>in</strong></span> <span class='ocrx_word' id='word_1_284' title='bbox 1465 2203 1515 2230; x_wconf 84' lang='lat' dir='ltr'><strong>eo</strong></span> <span class='ocrx_word' id='word_1_285' title='bbox 1540 2203 1698 2246; x_wconf 74' lang='lat' dir='ltr'><strong>genere</strong></span> 
     </span>
     <span class='ocr_line' id='line_1_30' title="bbox 312 2252 1696 2312; baseline 0.006 -18"><span class='ocrx_word' id='word_1_286' title='bbox 312 2252 563 2306; x_wconf 85' lang='lat' dir='ltr'><strong>hominum,</strong></span> <span class='ocrx_word' id='word_1_287' title='bbox 604 2253 724 2312; x_wconf 87' lang='lat' dir='ltr'><strong>quod</strong></span> <span class='ocrx_word' id='word_1_288' title='bbox 760 2254 1112 2312; x_wconf 65' lang='lat' dir='ltr'><strong>praedestinatum</strong></span> <span class='ocrx_word' id='word_1_289' title='bbox 1146 2266 1210 2300; x_wconf 86' lang='lat' dir='ltr'><strong>cst</strong></span> <span class='ocrx_word' id='word_1_290' title='bbox 1240 2256 1295 2300; x_wconf 86' lang='lat' dir='ltr'><strong>ad</strong></span> <span class='ocrx_word' id='word_1_291' title='bbox 1326 2258 1570 2302; x_wconf 73' lang='lat' dir='ltr'><strong>interitum.</strong></span> <span class='ocrx_word' id='word_1_292' title='bbox 1613 2262 1696 2304; x_wconf 87' lang='lat' dir='ltr'><strong>Su-</strong></span> 
     </span>
     <span class='ocr_line' id='line_1_31' title="bbox 312 2324 1698 2389; baseline 0.006 -23"><span class='ocrx_word' id='word_1_293' title='bbox 312 2339 387 2382; x_wconf 79' lang='lat' dir='ltr'><strong>pcr</strong></span> <span class='ocrx_word' id='word_1_294' title='bbox 404 2324 481 2367; x_wconf 75' lang='lat' dir='ltr'><strong>hos</strong></span> <span class='ocrx_word' id='word_1_295' title='bbox 504 2326 617 2367; x_wconf 85' lang='lat' dir='ltr'><strong>enirn</strong></span> <span class='ocrx_word' id='word_1_296' title='bbox 642 2326 823 2384; x_wconf 83' lang='lat' dir='ltr'><strong>respexit</strong></span> <span class='ocrx_word' id='word_1_297' title='bbox 840 2327 913 2370; x_wconf 86' lang='lat' dir='ltr'><strong>Dei</strong></span> <span class='ocrx_word' id='word_1_298' title='bbox 932 2327 1216 2385; x_wconf 63' lang='lat' dir='ltr'><strong>praescientia,</strong></span> <span class='ocrx_word' id='word_1_299' title='bbox 1238 2328 1510 2389; x_wconf 85' lang='lat' dir='ltr'><strong>protulitque</strong></span> <span class='ocrx_word' id='word_1_300' title='bbox 1523 2340 1698 2374; x_wconf 84' lang='lat' dir='ltr'><strong>senten—</strong></span> 
     </span>
     <span class='ocr_line' id='line_1_32' title="bbox 315 2395 430 2437; baseline 0 0"><span class='ocrx_word' id='word_1_301' title='bbox 315 2395 430 2437; x_wconf 78' lang='lat' dir='ltr'><strong>tiam.</strong></span> 
     </span>
    </p>

    <p class='ocr_par' dir='ltr' id='par_1_3' title="bbox 368 2466 1694 2527">
     <span class='ocr_line' id='line_1_33' title="bbox 368 2466 1694 2527; baseline 0.007 -21"><span class='ocrx_word' id='word_1_302' title='bbox 368 2466 556 2507; x_wconf 76' lang='lat' dir='ltr'>XXXH.</span> <span class='ocrx_word' id='word_1_303' title='bbox 590 2467 697 2508; x_wconf 72' lang='lat' dir='ltr'><strong>Item</strong></span> <span class='ocrx_word' id='word_1_304' title='bbox 731 2466 898 2520; x_wconf 83' lang='lat' dir='ltr'><strong>dicunt,</strong></span> <span class='ocrx_word' id='word_1_305' title='bbox 927 2467 1083 2526; x_wconf 84' lang='lat' dir='ltr'><strong>inquit,</strong></span> <span class='ocrx_word' id='word_1_306' title='bbox 1110 2467 1219 2511; x_wconf 88' lang='lat' dir='ltr'><strong>illud</strong></span> <span class='ocrx_word' id='word_1_307' title='bbox 1248 2469 1368 2527; x_wconf 88' lang='lat' dir='ltr'><strong>quod</strong></span> <span class='ocrx_word' id='word_1_308' title='bbox 1399 2469 1594 2516; x_wconf 68' lang='lat' dir='ltr'><strong>Salvator</strong></span> <span class='ocrx_word' id='word_1_309' title='bbox 1613 2471 1694 2515; x_wconf 83' lang='lat' dir='ltr'><strong>ait:</strong></span> 
     </span>
    </p>
   </div>
   <div class='ocr_carea' id='block_1_3' title="bbox 359 2549 1319 2592">
    <p class='ocr_par' dir='ltr' id='par_1_4' title="bbox 359 2549 1319 2592">
     <span class='ocr_line' id='line_1_34' title="bbox 359 2549 1319 2592; baseline 0.004 -13"><span class='ocrx_word' id='word_1_310' title='bbox 359 2554 366 2571; x_wconf 87' lang='lat'>¹</span> <span class='ocrx_word' id='word_1_311' title='bbox 386 2549 503 2589; x_wconf 67' lang='lat' dir='ltr'><strong>Tobia’,</strong></span> <span class='ocrx_word' id='word_1_312' title='bbox 524 2561 567 2588; x_wconf 70' lang='lat' dir='ltr'><strong>w,</strong></span> <span class='ocrx_word' id='word_1_313' title='bbox 589 2551 628 2580; x_wconf 57' lang='lat'><strong>&#39;2⁶1</strong></span> <span class='ocrx_word' id='word_1_314' title='bbox 657 2567 693 2572; x_wconf 75' lang='lat'><strong>——</strong></span> <span class='ocrx_word' id='word_1_315' title='bbox 709 2557 719 2571; x_wconf 75' lang='lat'><strong>²</strong></span> <span class='ocrx_word' id='word_1_316' title='bbox 741 2552 857 2583; x_wconf 70' lang='lat' dir='ltr'><strong>Mnuh.</strong></span> <span class='ocrx_word' id='word_1_317' title='bbox 880 2563 923 2591; x_wconf 65' lang='lat' dir='ltr'><strong>ri,</strong></span> <span class='ocrx_word' id='word_1_318' title='bbox 952 2553 1055 2583; x_wconf 73' lang='lat'><strong>13.—</strong></span> <span class='ocrx_word' id='word_1_319' title='bbox 1073 2552 1084 2574; x_wconf 79' lang='lat'>3</span> <span class='ocrx_word' id='word_1_320' title='bbox 1103 2553 1177 2585; x_wconf 52' lang='lat' dir='ltr'><strong>[hal.</strong></span> <span class='ocrx_word' id='word_1_321' title='bbox 1200 2565 1270 2592; x_wconf 72' lang='lat' dir='ltr'><strong>xm,</strong></span> <span class='ocrx_word' id='word_1_322' title='bbox 1291 2555 1319 2584; x_wconf 79' lang='lat'><strong>3.</strong></span> 
     </span>
    </p>
   </div>
  </div>
 </body>
</html>
