1784 3205
290 229 340 264 08
723 232 756 258 S·
794 231 1020 264 &mansuum
1058 230 1233 261 ammom

286 301 392 346 dum
414 300 607 358 ipsorum
629 295 926 341 testimonium
944 309 967 337 a
990 307 1060 339 me
1083 291 1198 336 dicta
1224 306 1315 336 non
1337 297 1461 343 sunt,
1490 303 1570 332 nec
1590 302 1669 346 pro

286 371 346 416 eis
366 369 508 415 debeo
528 365 877 413 satisfactionem.
906 381 927 405 »
948 367 1000 408 In
1022 363 1150 422 gestis
1163 371 1309 407 autem
1333 358 1388 403 ad
1409 356 1561 403 eadem
1580 358 1671 416 ipsa

286 441 346 486 ita
370 440 543 485 locutus
571 448 664 483 est:
693 455 714 480 «
735 433 984 481 Secundum
1007 433 1199 492 ipsorum
1224 428 1517 476 testimonium
1547 444 1571 472 a
1602 442 1670 472 me

288 509 404 556 dicta
425 525 516 554 non
533 517 650 562 sunt,
666 522 746 566 pro
764 505 923 565 quibus
945 519 1026 563 ego
1049 502 1292 546 satisfacere
1310 515 1399 544 non
1414 497 1579 555 debeo,
1599 495 1673 541 sed

292 591 436 626 tamen
459 580 511 623 ad
535 578 869 624 satisfactionem
893 584 1052 620 sanctae
1076 572 1241 631 Synodi
1263 569 1580 616 anathematizo
1603 583 1673 613 eos

291 651 368 710 qui
394 650 453 695 sic
478 658 648 703 tenent,
672 657 747 692 aut
769 645 1004 706 aliquando
1023 651 1272 689 tenuerunt.
1303 660 1322 682 »
1345 643 1435 687 Cur
1457 654 1558 698 ergo
1585 653 1676 683 non

291 722 350 764 ita
367 730 409 764 ct
430 720 503 764 illa
525 717 719 763 chartula
741 718 949 776 scriptum
971 716 1059 759 est?
1081 717 1178 760 Non
1197 712 1405 766 mulium,
1431 720 1480 755 ut
1501 710 1672 769 opinor,

291 789 549 843 atramenti,
575 803 656 832 mec
683 788 948 840 litterarum,
982 800 1063 829 nec
1083 799 1242 838 morae,
1275 797 1356 826 nec
1384 782 1517 839 ipsius
1550 780 1677 823 char-

294 859 412 913 tulae,
433 860 468 903 si
496 859 556 903 ita
577 859 715 911 fieret,
744 855 1083 915 impenderetur.
1124 852 1207 898 Sed
1230 852 1327 912 quis
1349 866 1439 895 non
1462 849 1610 895 credat
1630 847 1676 892 id

293 930 422 974 fuisse
462 937 765 988 procuratum,
805 935 853 970 ut
886 936 1095 985 tanquam
1133 939 1212 982 pro
1246 932 1465 982 gestorum
1502 919 1679 965 illorum

293 1000 580 1055 breviatione,
617 999 697 1043 ista
736 998 885 1042 charta
927 1009 1242 1056 usquequaque
1278 993 1568 1038 discurreret?
1602 990 1679 1051 ubi

294 1081 537 1130 putaretur,
563 1086 651 1115 non
669 1085 757 1113 esse
779 1069 967 1113 ablatam
994 1066 1233 1127 quamlibet
1262 1080 1410 1108 earum
1441 1062 1679 1107 sententia-

293 1158 389 1186 rum
404 1140 671 1186 defendendi
683 1139 901 1184 licentiam
916 1174 926 1193 ‚
948 1138 1069 1198 quod
1087 1138 1126 1180 ei
1148 1134 1455 1181 tantummodo
1479 1134 1676 1193 objectae,

295 1228 374 1256 nec
408 1214 499 1270 ejus
532 1212 727 1270 probatae
761 1210 945 1254 fuissent
970 1244 981 1263 ,
1012 1224 1101 1253 non
1131 1217 1276 1252 tamen
1307 1205 1681 1251 anathematizatae

294 1292 425 1341 atque
443 1282 676 1326 damnatae.

352 1356 509 1409 LVIII.
534 1357 688 1397 Postea
705 1351 836 1396 ctiam
857 1350 912 1394 de
934 1349 1045 1394 libro
1067 1347 1263 1394 Coelestii
1286 1348 1476 1406 capitula
1492 1347 1575 1391 sibi
1594 1346 1681 1390 ob-

289 1423 402 1481 jecta
418 1423 463 1466 in
480 1422 631 1466 eadem
654 1420 852 1466 chartula
869 1419 1007 1464 multa
1025 1419 1238 1477 congessit
1261 1437 1269 1463 :
1298 1433 1441 1478 neque
1458 1417 1524 1460 his
1544 1417 1681 1460 inter-

291 1491 412 1538 vallis
435 1508 536 1552 quae
558 1493 784 1537 continent
801 1499 936 1549 gesta,
961 1490 1069 1533 duas
1092 1489 1406 1548 responsiones,
1427 1488 1588 1547 quibus
1606 1502 1680 1531 ea—

293 1564 393 1606 dem
417 1562 607 1621 capitula
636 1560 1044 1616 anathematizavit,
1064 1560 1139 1603 sed
1160 1574 1293 1603 unam
1321 1557 1451 1602 simul
1477 1557 1681 1601 omnibus

292 1632 502 1676 subdidit.
541 1631 671 1686 Quod
707 1630 851 1675 studio
888 1630 1111 1675 brevitatis
1145 1629 1307 1674 facturn
1343 1638 1566 1687 putarem,
1602 1627 1684 1671 nisi

293 1702 530 1761 plurimum
552 1702 607 1745 ad
631 1701 674 1745 id
702 1701 823 1761 quod
845 1716 922 1745 nos
946 1709 1114 1755 movet,
1141 1700 1347 1743 interesse
1375 1698 1677 1758 perspicerem.

290 1775 354 1816 Ita
376 1773 493 1816 enim
514 1773 667 1816 clausit
689 1791 699 1818 ι
724 1791 744 1815 «
776 1775 941 1816 Iterum
964 1770 1079 1825 dico,
1107 1771 1315 1830 quoniam
1340 1770 1419 1814 ista
1454 1779 1495 1814 et
1524 1785 1683 1814 secun-

289 1841 397 1886 dum
419 1858 570 1887 eorum
592 1842 890 1887 testimonium
916 1857 1006 1886 non
1036 1851 1137 1886 sunt
1158 1856 1278 1895 mea,
1313 1857 1391 1900 pro
1416 1841 1601 1901 quibus,
1632 1848 1684 1884 ut

287 1912 390 1965 dixi,
415 1912 756 1957 satisfactionem
776 1928 867 1957 non
880 1912 1046 1968 debeo,
1071 1927 1171 1971 quae
1191 1920 1338 1955 autem
1359 1927 1454 1955 mea
1472 1927 1562 1956 esse
1579 1926 1685 1955 con-

290 1982 422 2027 fessus
444 1999 555 2037 sum,
579 1985 672 2028 haec
692 1993 809 2028 recte
832 1999 901 2027 me
919 1984 1064 2028 dicere
1081 1984 1254 2027 affirmo
1272 2003 1284 2040 3
1309 1999 1408 2043 quae
1429 1992 1574 2028 autem
1592 1982 1685 2026 dixi

288 2067 383 2096 mea
405 2068 493 2097 non
524 2068 634 2107 esse,
663 2054 904 2097 secundum
930 2053 1146 2112 judicium
1179 2062 1343 2097 sanctae
1372 2053 1579 2098 Ecclesiae
1612 2069 1684 2097 re-

293 2125 431 2181 probo
449 2159 460 2179 ,
495 2124 724 2168 anathema
753 2123 900 2167 dicens
935 2124 1055 2168 omni
1087 2124 1430 2169 contravenienti
1457 2134 1622 2181 sanctae¹
1643 2133 1688 2169 et

286 2194 510 2238 catholicae
523 2193 726 2237 Ecclesiae
746 2193 958 2238 doctrinis
980 2213 988 2237 ε
1020 2193 1220 2238 similiter
1241 2203 1285 2239 et
1306 2195 1372 2238 his
1391 2194 1467 2254 qui
1480 2194 1587 2239 falsa
1604 2195 1685 2239 fin-

286 2273 455 2321 gentes,
481 2264 606 2308 nobis
626 2264 891 2308 calumniam
910 2274 1257 2310 commoverunt.
1279 2284 1298 2307 »
1326 2267 1456 2310 Hunc
1474 2265 1683 2311 ultimum

285 2348 456 2377 versum
473 2349 561 2378 non
578 2335 743 2379 habent
765 2344 897 2394 gesta,
923 2334 998 2378 sed
1012 2335 1121 2379 nihil
1139 2334 1195 2380 ad
1213 2351 1310 2379 rem
1329 2335 1385 2380 de
1403 2352 1490 2396 qua
1513 2336 1685 2382 solliciti

285 2418 373 2448 esse
396 2404 619 2449 debemus.
640 2406 734 2450 Sint
756 2406 873 2449 enim
894 2421 1068 2465 prorsus
1087 2407 1317 2451 anathema
1332 2416 1375 2451 et
1397 2408 1442 2451 hi
1464 2407 1541 2468 qui
1563 2407 1672 2452 falsa

284 2475 513 2534 fingentes,
539 2477 598 2520 eis
612 2476 876 2522 calumniam
893 2486 1237 2522 commoverunt.
1262 2477 1346 2523 Sed
1363 2494 1464 2523 cum
1481 2479 1672 2538 primum

286 2545 368 2603 legi
387 2565 395 2592 :
421 2548 567 2600 «Quae
584 2556 730 2593 autern
745 2547 831 2593 dixi
853 2563 947 2594 mea
964 2564 1053 2595 non
1069 2564 1176 2600 esse„
1201 2549 1678 2609 secundumjudicium
