1804 3205
318 243 369 267 oz
403 239 541 268 ΛΜΜΑ
578 243 621 270 Εἰ
662 244 756 270 mus
789 244 982 282 mummi,
1018 246 1100 271 un.
1140 247 1204 271 ιιι.
1370 236 1454 274 349

67 314 107 349 te
124 306 341 350 existimas
360 308 576 352 amisisse?
601 308 707 352 Vide
727 309 768 352 in
784 325 873 369 quo
890 309 1003 354 malo
1019 310 1097 364 sis,
1117 311 1195 354 nisi
1216 311 1455 356 hauriendo

64 391 254 421 resumas
269 377 389 437 quod
405 378 676 423 etl'undendo
693 379 955 424 reddideras.
979 379 1108 435 Vide,
1130 380 1200 424 illa
1220 383 1455 427 insufflatio

63 447 208 507 qualia
243 447 403 493 damna
436 459 479 493 et
508 450 769 494 detrimenta
804 451 994 506 fecisset,
1033 451 1113 496 nisi
1148 468 1197 496 ea
1235 453 1456 512 respiratio

63 529 314 577 reparasset.
343 520 432 566 Nisi
454 521 570 564 enim
593 521 713 581 quod
736 521 1002 581 impenderis
1024 523 1079 567 ad
1102 532 1243 567 utrem
1266 523 1455 583 implen-

61 587 191 644 dum,
233 590 288 634 ad
324 598 365 634 te
402 589 549 634 itidem
586 590 792 635 alendum
832 591 954 637 aditu
997 593 1214 652 patefacto
1253 593 1451 649 redierit,

61 660 170 719 quid
202 660 307 715 tibi,
340 676 429 705 non
462 661 604 706 solum
637 662 754 707 unde
782 663 907 708 illum
943 665 1118 720 inssare,
1150 666 1225 711 sed
1256 666 1374 710 unde
1407 676 1452 710 tu

63 732 195 790 possis
219 732 362 777 vivere
382 768 392 788 ,
418 733 684 778 remanebit?

120 805 197 847 VI.
236 806 338 848 Haec
360 804 551 849 debuisti
582 804 881 862 considerare,
907 823 1008 852 eum
1037 809 1267 867 scriberes,
1299 819 1341 853 et
1364 824 1452 853 non

63 874 141 918 ista
170 874 457 919 similitudine
492 877 656 921 utrium
685 876 936 922 inflatorum
964 878 1033 923 vel
1061 879 1353 924 inflandorum
1383 880 1452 923 in-

65 946 294 991 troducere
316 947 441 992 nobis
463 951 624 1003 Deum,
651 958 726 993 aut
751 965 800 992 ex
823 949 904 993 alia
928 960 1081 994 natura
1105 952 1306 1011 quaejam
1332 960 1449 1006 erat,

62 1017 172 1061 sieut
194 1033 272 1062 nos
294 1035 344 1061 ex
369 1018 449 1063 isto
477 1018 741 1064 circumfuso
763 1023 859 1063 aere
881 1019 1035 1064 flatum
1058 1019 1262 1075 facimus,
1290 1022 1453 1065 animas

63 1087 189 1145 flare,
214 1098 289 1133 aut
307 1099 443 1144 certe,
469 1089 590 1149 quod
607 1099 649 1133 et
667 1090 871 1133 abhorret
889 1090 942 1133 ab
965 1091 1043 1135 ista
1067 1090 1354 1135 similitudine
1371 1127 1381 1146 ,
1409 1101 1451 1136 et

61 1158 257 1204 abundat
272 1160 508 1219 impietate,
531 1164 668 1205 Deum
686 1161 777 1204 siue
791 1160 881 1205 ullo
895 1162 1073 1221 quidem
1087 1163 1153 1206 sui
1169 1162 1448 1218 detrimento,

61 1228 137 1274 sed
167 1239 313 1275 tamen
336 1232 391 1275 de
413 1247 490 1275 sua
520 1240 675 1275 natura
706 1231 919 1275 mutabile
949 1231 1113 1291 aliquid
1141 1233 1210 1277 vel
1234 1232 1447 1292 proferre,

61 1299 132 1343 vel
152 1299 272 1360 quod
295 1309 357 1344 est
378 1302 501 1360 pejus
519 1336 529 1355 ,
555 1309 763 1360 tanquam
789 1302 854 1345 sui
877 1303 1018 1359 operis
1041 1304 1238 1347 materies
1261 1304 1350 1362 ipse
1370 1305 1448 1357 sit,

61 1370 219 1415 facere.
242 1374 299 1415 Ut
317 1387 421 1430 ergo
439 1371 627 1431 aliquam
646 1372 700 1416 de
721 1382 868 1417 nostro
889 1374 996 1417 ssatu
1016 1373 1070 1418 ad
1093 1374 1205 1418 lianc
1224 1390 1314 1418 rem
1333 1375 1452 1419 adhi-

62 1440 242 1487 beamus
270 1442 622 1498 similitudinem,
651 1443 695 1487 id
724 1444 866 1503 potius
901 1454 965 1488 est
987 1444 1254 1488 credendum
1285 1465 1293 1490 :
1331 1444 1452 1505 quod

62 1513 173 1559 sieut
209 1529 288 1558 nos
312 1530 401 1559 non
431 1514 486 1558 de
516 1522 670 1558 natura
703 1524 874 1570 nostra,
903 1514 978 1559 sed
1002 1516 1104 1575 quia
1134 1517 1453 1575 omnipotentes

61 1599 153 1630 non
182 1601 352 1641 sumus,
385 1586 439 1630 de
471 1587 553 1631 isto
582 1590 679 1630 aere
707 1586 972 1631 circumfuso
998 1602 1128 1646 quem
1165 1588 1378 1631 trahimus
1411 1596 1454 1631 et

64 1653 308 1712 reddimus,
340 1672 441 1701 cum
473 1657 684 1716 spiramus
710 1666 753 1702 et
778 1657 1058 1717 respiramus,
1090 1657 1246 1701 flatum
1270 1657 1453 1702 facimus

63 1726 241 1785 quando
258 1728 482 1772 sufflamus
497 1762 508 1782 ,
525 1743 606 1772 nec
621 1728 841 1771 viventem
860 1742 941 1771 nee
957 1728 1212 1771 sentientem
1226 1762 1236 1782 ‚
1256 1728 1453 1787 quamvis

62 1812 142 1843 nos
169 1798 364 1843 vivamus
393 1808 524 1857 atque
546 1799 804 1856 sentiamus3
836 1798 892 1842 ita
916 1801 1055 1842 Deum
1084 1813 1174 1842 non
1198 1797 1253 1842 de
1276 1815 1352 1843 sua
1375 1815 1454 1843 na-

6 1903 12 1908 *
64 1877 184 1924 tura,
210 1868 285 1913 sed
318 1869 418 1929 quia
440 1869 499 1913 sie
527 1869 803 1928 omnipotens
827 1877 911 1923 est,
938 1877 985 1912 ut
1008 1869 1140 1927 possit
1160 1884 1305 1913 creare
1331 1868 1453 1929 quod

64 1939 180 1995 vult,
205 1940 335 1984 etiam
358 1955 407 1983 ex
430 1955 481 1984 eo
502 1939 623 1999 quod
646 1939 826 1983 omnino
844 1954 933 1983 non
951 1947 1013 1982 est
1028 1974 1038 1993 ,
1061 1939 1105 1982 id
1129 1949 1218 1994 est,
1245 1938 1299 1983 de
1319 1940 1452 1984 nihilo

65 2010 220 2055 flatum
241 2009 383 2055 faeere
399 2025 523 2070 posse
540 2010 756 2054 viventem
779 2019 910 2069 atque
926 2011 1207 2068 sentientem,
1229 2010 1304 2055 sed
1327 2010 1454 2071 plane

64 2096 165 2126 cum
186 2082 240 2126 sit
261 2081 544 2126 immutabilis
566 2082 656 2140 ipse
677 2081 949 2125 mutabilem.

125 2156 224 2197 VII.
261 2152 378 2206 Quid
407 2163 552 2197 autem
575 2152 656 2197 sibi
675 2151 794 2207 vult,
821 2151 940 2212 quod
966 2153 1069 2197 huie
1091 2152 1366 2198 similitudini
1386 2162 1453 2198 at-

65 2222 249 2268 tendum
263 2223 425 2283 putasti
442 2223 496 2268 ad
513 2222 759 2282 exemplum
777 2222 832 2267 de
848 2224 977 2268 beato
993 2223 1148 2268 Elisaeo
1160 2258 1170 2278 ,
1189 2224 1289 2284 quia
1308 2224 1455 2268 flando

66 2294 112 2338 in
140 2295 231 2354 ejus
264 2294 420 2339 faciem
454 2303 678 2338 mortuum
709 2293 1028 2337 suscitaverit¹?
1066 2297 1188 2337 Itane
1218 2302 1268 2337 tu
1302 2294 1455 2338 flatum

68 2365 212 2409 Elisaei
246 2366 410 2409 factum
448 2366 578 2411 luisse
610 2374 735 2424 putas
773 2364 960 2408 animam
1002 2365 1157 2424 pueri?
1185 2368 1281 2410 Non
1316 2380 1456 2425 usque

67 2434 176 2479 adeo
199 2445 241 2480 te
265 2451 288 2480 a
315 2451 411 2480 vero
445 2436 684 2480 exorbitare
718 2433 991 2479 crediderim.
1021 2435 1063 2480 Si
1087 2450 1188 2493 ergo
1220 2435 1363 2479 anima
1384 2434 1456 2478 illa

69 2521 168 2565 quae
190 2506 352 2551 viventi
385 2506 528 2552 ablata
549 2507 693 2552 fuerat
723 2514 772 2549 ut
807 2515 1068 2561 moreretur,
1096 2506 1247 2551 eadem
1270 2507 1362 2565 ipsa
1393 2504 1456 2548 illi

118 2598 128 2615 ¹
152 2590 173 2633 4
194 2594 270 2635 Reg.
291 2602 335 2634 iv,
361 2592 413 2633 34.
