1804 3205
362 235 415 261 mr„
450 231 585 262 amm
619 234 672 263 ET
705 236 801 264 mus
834 235 1028 275 oummz,
1064 237 1146 264 Lm.
1183 240 1242 267 ιν.
1410 230 1491 269 397

111 300 154 342 in
174 300 436 359 propheticis
458 302 585 345 etiam
603 303 838 348 visionibus
861 319 948 348 non
963 302 1168 362 intelligis
1195 323 1203 348 :
1227 305 1384 365 quibus
1406 307 1494 366 sig-

108 369 342 415 nificantur
365 385 413 416 ea
438 388 536 432 quae
560 383 770 430 geruntur
795 375 838 418 in
861 374 1128 435 temporibus
1144 411 1154 431 ,
1181 376 1247 420 vel
1270 378 1492 435 praesenti,

107 437 175 484 vel
200 442 418 500 praeterito
433 477 443 497 ,
473 442 540 487 vel
564 442 727 489 futuro.
752 444 928 490 Falleris
952 454 1095 490 autem
1114 446 1158 490 in
1182 447 1256 501 eis,
1283 461 1371 490 non
1394 447 1496 506 quia

76 536 79 538 -
107 519 210 555 sunt
242 511 332 571 ipsa
354 510 538 568 fallacia,
571 513 646 558 sed
671 516 771 574 quia
799 531 885 560 non
914 532 963 562 ea
991 516 1102 562 sicut
1121 516 1371 576 accipienda
1395 526 1498 562 sunt

108 582 276 641 accipis.
312 583 395 627 Ubi
434 585 547 628 enim
584 586 683 629 visae
711 596 812 630 sunt
850 588 1005 631 animae
1040 597 1313 645 martyrum,
1346 589 1391 631 in
1422 603 1496 632 ea—

107 652 208 696 dem
239 654 502 699 revelatione
534 658 648 701 visus
681 667 743 702 est
770 667 812 702 et
842 673 976 717 agnus
1007 659 1127 719 quasi
1158 660 1250 704 occi
1286 675 1377 714 sus,
1415 660 1495 704 ha-

107 721 215 767 bens
247 740 411 771 cornua
436 731 625 787 septem¹
652 747 660 773 ε
684 729 742 773 ibi
773 731 896 789 equi,
931 731 1101 791 aliaque
1135 730 1360 786 animalia,
1385 731 1497 775 sicut

107 797 300 854 oportuit
335 798 517 856 figurata
545 818 554 843 :
580 799 640 843 ibi
672 809 889 859 postremo
917 811 959 846 et
987 802 1123 846 stelloe
1154 803 1429 855 ceciderunt,
1455 809 1498 845 et

107 866 269 911 coelum
303 869 501 928 plicitum
524 880 588 915 est
620 880 670 915 ut
697 870 836 930 liber,
875 889 952 918 nec
989 883 1133 918 tamen
1173 884 1276 918 tunc
1308 872 1498 918 concidit

106 938 314 984 mundus.
348 944 432 985 Ista
460 942 608 1001 itaque
621 944 766 987 omnia
782 945 814 987 si
836 944 1051 1003 sapienter
1074 945 1326 1004 accipimus,
1350 957 1498 1003 quam-

105 1009 168 1053 vis
202 1009 397 1056 dicamus
418 1013 504 1058 visa
528 1013 721 1068 veracia,
758 1029 846 1058 non
880 1023 1027 1059 tamen
1061 1029 1162 1059 vera
1183 1013 1368 1058 dicimus
1402 1027 1499 1057 cor·

105 1094 226 1138 pora.

164 1152 346 1197 XXXV.
396 1153 643 1199 Prolixioris
679 1164 825 1199 autem
854 1158 1061 1200 sermonis
1105 1164 1182 1210 est,
1219 1155 1273 1198 de
1307 1155 1389 1199 isto
1424 1168 1498 1212 ge—

104 1236 208 1267 nere
237 1223 575 1269 similitudinum
607 1226 898 1286 corporalium
939 1226 1263 1285 diligentissima
1298 1225 1498 1284 disputa-

103 1293 180 1349 tio,
209 1304 357 1339 utrum
390 1305 433 1340 et
462 1296 629 1356 angeli,
655 1312 732 1342 seu
762 1298 863 1342 boni
883 1333 893 1352 ,
918 1313 994 1342 seu
1015 1297 1119 1341 mali
1147 1298 1206 1342 sic
1235 1304 1495 1356 appareant,

104 1366 283 1423 quando
305 1367 446 1425 specie
474 1368 703 1412 hominum
719 1404 729 1423 ,
758 1369 824 1412 vel
846 1369 1139 1428 quorumlibet
1163 1382 1394 1428 corporum
1418 1381 1497 1425 ap—

102 1445 278 1494 parent3
310 1453 364 1481 an
393 1439 583 1482 habeant
613 1439 757 1499 aliqua
787 1454 888 1483 vera
918 1455 1120 1498 corpora,
1156 1448 1200 1483 et
1230 1439 1274 1482 in
1304 1439 1499 1497 ipsorum

103 1506 246 1564 potius
264 1508 444 1552 veritate
463 1508 717 1567 videantur,
743 1525 797 1554 an
815 1524 916 1553 vero
937 1510 982 1553 in
1006 1510 1166 1554 somnis
1185 1509 1255 1552 vel
1279 1509 1323 1551 in
1347 1506 1497 1560 extasi,

102 1576 148 1620 in
178 1577 266 1622 istis
295 1589 555 1636 cernantur,
586 1596 676 1626 non
712 1581 989 1640 corporibus,
1023 1582 1099 1625 sed
1136 1577 1498 1624 similitudinibus

102 1661 363 1707 corporum,
388 1650 670 1709 vigilantibus
695 1660 841 1695 autem
870 1666 971 1695 vera
1000 1649 1241 1699 cernenda,
1267 1658 1311 1692 et
1332 1648 1364 1691 si
1388 1660 1499 1704 opus

103 1727 191 1774 est,
217 1721 347 1765 etiam
367 1722 584 1780 tangenda
607 1722 807 1781 ingerant
830 1737 1028 1781 corpora.
1059 1721 1142 1766 Sed
1165 1720 1246 1763 ista
1269 1719 1314 1761 in
1338 1718 1420 1761 hoc
1442 1715 1499 1759 li-

102 1791 183 1835 bro
215 1792 476 1852 requirenda
508 1802 550 1837 et
580 1794 887 1853 pertractanda
907 1808 997 1837 esse
1023 1808 1113 1837 non
1144 1791 1345 1835 arbitror.
1372 1790 1498 1834 Nunc

102 1860 158 1906 de
181 1864 321 1907 anima
343 1865 598 1924 incorporea
620 1866 720 1909 satis
736 1864 904 1909 dictum
926 1866 978 1908 sit
1001 1883 1010 1909 ι
1036 1878 1167 1924 quam
1191 1863 1224 1906 si
1243 1873 1499 1920 corpoream

102 1935 237 1979 mavis
251 1935 450 1990 credere,
470 1936 591 1995 prius
611 1936 689 1980 tibi
708 1935 1010 1980 definiendum
1029 1944 1092 1979 est
1111 1932 1218 1994 quid
1242 1934 1296 1977 sit
1318 1946 1497 1990 corpuS,

106 2017 161 2047 ne
181 2002 292 2049 forte
314 2022 416 2050 cum
433 2005 488 2051 de
506 2007 657 2066 reipsa
676 2007 789 2051 inter
802 2023 880 2052 nos
902 2015 1092 2059 constet,
1115 2005 1331 2049 incassum
1355 2001 1410 2045 de
1425 2016 1501 2045 noi

105 2073 224 2118 mine
245 2075 507 2120 laboremus.
530 2079 701 2130 Quanta
720 2086 761 2121 te
781 2086 927 2121 tamen
946 2074 1135 2120 absurda
1152 2082 1299 2119 secuta
1315 2072 1401 2115 sint
1416 2069 1501 2113 tale

109 2159 266 2204 corpus
288 2146 333 2190 in
367 2147 508 2190 anima
536 2147 800 2205 cogitantem
816 2182 826 2202 ‚
854 2146 997 2207 qualia
1026 2154 1128 2190 sunt
1154 2159 1254 2205 quae
1277 2143 1331 2186 ab
1355 2140 1500 2186 omni-

106 2213 190 2259 bus
211 2217 391 2261 eruditis
414 2232 595 2277 corpora
610 2226 942 2277 nuncupantur,
960 2216 1005 2260 id
1024 2225 1102 2271 est,
1124 2230 1223 2275 quae
1244 2229 1320 2273 per
1342 2211 1500 2256 distan-

106 2286 210 2331 tiam
228 2287 513 2347 longitudinis
529 2324 539 2344 ,
564 2288 827 2342 latitudinis,
855 2287 1098 2333 altitudinis
1115 2322 1125 2341 ,
1152 2287 1350 2330 locorum
1374 2298 1499 2328 occu-

106 2367 214 2416 pant
239 2360 398 2418 spatia,
431 2361 598 2404 minora
628 2360 870 2404 minoribus
902 2360 987 2403 suis
1014 2358 1210 2418 partibus
1230 2392 1240 2412 ,
1266 2366 1309 2400 et
1338 2356 1502 2415 majora

107 2430 366 2489 majoribus,
389 2440 494 2490 puto
517 2430 636 2490 quod
655 2432 743 2490 jam
763 2429 1002 2488 prudenter
1019 2429 1230 2472 advertas.

167 2503 373 2545 XXXVI.
409 2504 559 2545 Restat
575 2499 802 2545 ostendere
823 2498 1194 2560 quemadmodum
1209 2531 1221 2552 ,
1248 2494 1445 2556 quamvis
1459 2501 1502 2537 et

160 2592 169 2607 ¹
189 2587 290 2628 Apoc.
313 2595 360 2625 vx,
377 2597 411 2629 9,
431 2589 463 2618 ct
485 2596 517 2626 v,
536 2585 568 2618 6.
