<?xml version="1.0" encoding="UTF-8"?>
<!DOCTYPE html PUBLIC "-//W3C//DTD XHTML 1.0 Transitional//EN"
    "http://www.w3.org/TR/xhtml1/DTD/xhtml1-transitional.dtd">
<html xmlns="http://www.w3.org/1999/xhtml" xml:lang="en" lang="en">
 <head>
  <title>
</title>
<meta http-equiv="Content-Type" content="text/html;charset=utf-8" />
  <meta name='ocr-system' content='tesseract 3.04.00' />
  <meta name='ocr-capabilities' content='ocr_page ocr_carea ocr_par ocr_line ocrx_word'/>
</head>
<body>
  <div class='ocr_page' id='page_1' title='image "./operaomniaaccura34auguuoft/operaomniaaccura34auguuoft_0123.png"; bbox 0 0 1804 3205; ppageno 0'>
   <div class='ocr_carea' id='block_1_1' title="bbox 52 237 1450 2679">
    <p class='ocr_par' dir='ltr' id='par_1_1' title="bbox 52 237 1450 2486">
     <span class='ocr_line' id='line_1_1' title="bbox 427 237 1439 274; baseline 0.006 -6"><span class='ocrx_word' id='word_1_1' title='bbox 427 243 504 269; x_wconf 55' lang='lat' dir='ltr'>1]ss.</span> <span class='ocrx_word' id='word_1_2' title='bbox 544 245 572 269; x_wconf 86' lang='lat'>1.</span> <span class='ocrx_word' id='word_1_3' title='bbox 613 244 662 269; x_wconf 70' lang='lat'>1112·</span> <span class='ocrx_word' id='word_1_4' title='bbox 695 242 850 270; x_wconf 67' lang='lat' dir='ltr'>numu</span> <span class='ocrx_word' id='word_1_5' title='bbox 884 244 1063 270; x_wconf 54' lang='lat' dir='ltr'>enuisti.</span> <span class='ocrx_word' id='word_1_6' title='bbox 1360 237 1439 274; x_wconf 86' lang='lat'>113</span> 
     </span>
     <span class='ocr_line' id='line_1_2' title="bbox 54 307 1433 367; baseline 0.005 -20"><span class='ocrx_word' id='word_1_7' title='bbox 54 307 154 365; x_wconf 79' lang='lat' dir='ltr'>pite.</span> <span class='ocrx_word' id='word_1_8' title='bbox 185 324 204 347; x_wconf 88' lang='lat'>«</span> <span class='ocrx_word' id='word_1_9' title='bbox 231 309 330 360; x_wconf 73' lang='lat' dir='ltr'>Nos,</span> <span class='ocrx_word' id='word_1_10' title='bbox 358 307 542 367; x_wconf 81' lang='lat' dir='ltr'>inquit&#39;,</span> <span class='ocrx_word' id='word_1_11' title='bbox 563 308 622 351; x_wconf 87' lang='lat' dir='ltr'>sic</span> <span class='ocrx_word' id='word_1_12' title='bbox 653 309 727 351; x_wconf 78' lang='lat' dir='ltr'>tria</span> <span class='ocrx_word' id='word_1_13' title='bbox 754 309 829 352; x_wconf 85' lang='lat' dir='ltr'>ista</span> <span class='ocrx_word' id='word_1_14' title='bbox 852 308 1175 367; x_wconf 79' lang='lat' dir='ltr'>distinguimus,</span> <span class='ocrx_word' id='word_1_15' title='bbox 1202 318 1433 354; x_wconf 73' lang='lat' dir='ltr'>etcertum</span> 
     </span>
     <span class='ocr_line' id='line_1_3' title="bbox 54 376 1438 439; baseline 0.002 -19"><span class='ocrx_word' id='word_1_16' title='bbox 54 378 174 421; x_wconf 87' lang='lat' dir='ltr'>velut</span> <span class='ocrx_word' id='word_1_17' title='bbox 198 377 242 420; x_wconf 89' lang='lat' dir='ltr'>in</span> <span class='ocrx_word' id='word_1_18' title='bbox 264 376 461 421; x_wconf 77' lang='lat' dir='ltr'>ordinem</span> <span class='ocrx_word' id='word_1_19' title='bbox 486 377 647 434; x_wconf 81' lang='lat' dir='ltr'>digesta</span> <span class='ocrx_word' id='word_1_20' title='bbox 668 379 891 437; x_wconf 80' lang='lat' dir='ltr'>partimur.</span> <span class='ocrx_word' id='word_1_21' title='bbox 921 378 1064 423; x_wconf 85' lang='lat' dir='ltr'>Primo</span> <span class='ocrx_word' id='word_1_22' title='bbox 1087 379 1182 423; x_wconf 94' lang='lat' dir='ltr'>loco</span> <span class='ocrx_word' id='word_1_23' title='bbox 1206 395 1328 439; x_wconf 79' lang='lat' dir='ltr'>posse</span> <span class='ocrx_word' id='word_1_24' title='bbox 1351 390 1438 423; x_wconf 69' lang='lat' dir='ltr'>Sitt-</span> 
     </span>
     <span class='ocr_line' id='line_1_4' title="bbox 55 447 1439 505; baseline 0.001 -14"><span class='ocrx_word' id='word_1_25' title='bbox 55 448 229 501; x_wconf 84' lang='lat' dir='ltr'>tuimus,</span> <span class='ocrx_word' id='word_1_26' title='bbox 254 447 445 491; x_wconf 86' lang='lat' dir='ltr'>secundo</span> <span class='ocrx_word' id='word_1_27' title='bbox 468 447 596 502; x_wconf 70' lang='lat' dir='ltr'>velle,</span> <span class='ocrx_word' id='word_1_28' title='bbox 624 449 750 492; x_wconf 86' lang='lat' dir='ltr'>tertio</span> <span class='ocrx_word' id='word_1_29' title='bbox 775 465 878 492; x_wconf 79' lang='lat' dir='ltr'>esse.</span> <span class='ocrx_word' id='word_1_30' title='bbox 911 453 1034 493; x_wconf 85' lang='lat' dir='ltr'>Posse</span> <span class='ocrx_word' id='word_1_31' title='bbox 1062 450 1106 493; x_wconf 87' lang='lat' dir='ltr'>in</span> <span class='ocrx_word' id='word_1_32' title='bbox 1132 460 1303 505; x_wconf 79' lang='lat' dir='ltr'>natura,</span> <span class='ocrx_word' id='word_1_33' title='bbox 1330 450 1439 494; x_wconf 84' lang='lat' dir='ltr'>vcllc</span> 
     </span>
     <span class='ocr_line' id='line_1_5' title="bbox 53 519 1438 576; baseline 0.002 -14"><span class='ocrx_word' id='word_1_34' title='bbox 53 519 95 562; x_wconf 89' lang='lat' dir='ltr'>in</span> <span class='ocrx_word' id='word_1_35' title='bbox 114 519 310 573; x_wconf 80' lang='lat' dir='ltr'>arbitrio,</span> <span class='ocrx_word' id='word_1_36' title='bbox 333 535 422 563; x_wconf 86' lang='lat' dir='ltr'>esse</span> <span class='ocrx_word' id='word_1_37' title='bbox 439 520 482 563; x_wconf 88' lang='lat' dir='ltr'>in</span> <span class='ocrx_word' id='word_1_38' title='bbox 501 520 660 563; x_wconf 84' lang='lat' dir='ltr'>ell&#39;cctu</span> <span class='ocrx_word' id='word_1_39' title='bbox 683 519 889 564; x_wconf 73' lang='lat' dir='ltr'>locamus.</span> <span class='ocrx_word' id='word_1_40' title='bbox 920 522 1110 564; x_wconf 85' lang='lat' dir='ltr'>Primum</span> <span class='ocrx_word' id='word_1_41' title='bbox 1134 521 1260 576; x_wconf 89' lang='lat' dir='ltr'>illud,</span> <span class='ocrx_word' id='word_1_42' title='bbox 1287 521 1329 565; x_wconf 86' lang='lat' dir='ltr'>id</span> <span class='ocrx_word' id='word_1_43' title='bbox 1348 531 1410 565; x_wconf 88' lang='lat' dir='ltr'>cst</span> <span class='ocrx_word' id='word_1_44' title='bbox 1428 556 1438 575; x_wconf 91' lang='lat'>,</span> 
     </span>
     <span class='ocr_line' id='line_1_6' title="bbox 54 589 1441 651; baseline 0.002 -18"><span class='ocrx_word' id='word_1_45' title='bbox 54 604 191 648; x_wconf 85' lang='lat' dir='ltr'>posse,</span> <span class='ocrx_word' id='word_1_46' title='bbox 217 589 271 634; x_wconf 86' lang='lat' dir='ltr'>ad</span> <span class='ocrx_word' id='word_1_47' title='bbox 294 593 426 634; x_wconf 89' lang='lat' dir='ltr'>Deum</span> <span class='ocrx_word' id='word_1_48' title='bbox 452 591 623 650; x_wconf 79' lang='lat' dir='ltr'>proprie</span> <span class='ocrx_word' id='word_1_49' title='bbox 643 592 845 650; x_wconf 75' lang='lat' dir='ltr'>pertinet,</span> <span class='ocrx_word' id='word_1_50' title='bbox 878 592 953 651; x_wconf 76' lang='lat' dir='ltr'>qui</span> <span class='ocrx_word' id='word_1_51' title='bbox 987 591 1094 636; x_wconf 88' lang='lat' dir='ltr'>illud</span> <span class='ocrx_word' id='word_1_52' title='bbox 1119 602 1328 636; x_wconf 72' lang='lat' dir='ltr'>creaturae</span> <span class='ocrx_word' id='word_1_53' title='bbox 1353 608 1441 636; x_wconf 72' lang='lat' dir='ltr'>sua:</span> 
     </span>
     <span class='ocr_line' id='line_1_7' title="bbox 52 660 1440 722; baseline 0.003 -19"><span class='ocrx_word' id='word_1_54' title='bbox 52 660 237 704; x_wconf 90' lang='lat' dir='ltr'>contulit</span> <span class='ocrx_word' id='word_1_55' title='bbox 265 679 273 704; x_wconf 85' lang='grc'>;</span> <span class='ocrx_word' id='word_1_56' title='bbox 299 660 388 705; x_wconf 93' lang='lat' dir='ltr'>duo</span> <span class='ocrx_word' id='word_1_57' title='bbox 411 676 512 705; x_wconf 82' lang='lat' dir='ltr'>vero</span> <span class='ocrx_word' id='word_1_58' title='bbox 538 662 720 722; x_wconf 82' lang='lat' dir='ltr'>reliqua,</span> <span class='ocrx_word' id='word_1_59' title='bbox 744 662 824 706; x_wconf 83' lang='lat' dir='ltr'>hoc</span> <span class='ocrx_word' id='word_1_60' title='bbox 847 671 926 717; x_wconf 87' lang='lat' dir='ltr'>cst,</span> <span class='ocrx_word' id='word_1_61' title='bbox 954 661 1065 706; x_wconf 77' lang='lat' dir='ltr'>velle</span> <span class='ocrx_word' id='word_1_62' title='bbox 1083 671 1126 706; x_wconf 88' lang='lat' dir='ltr'>et</span> <span class='ocrx_word' id='word_1_63' title='bbox 1148 678 1253 719; x_wconf 83' lang='lat' dir='ltr'>esse,</span> <span class='ocrx_word' id='word_1_64' title='bbox 1284 662 1338 707; x_wconf 85' lang='lat' dir='ltr'>ad</span> <span class='ocrx_word' id='word_1_65' title='bbox 1358 664 1440 707; x_wconf 87' lang='lat' dir='ltr'>ho-</span> 
     </span>
     <span class='ocr_line' id='line_1_8' title="bbox 56 731 1438 793; baseline 0.001 -18"><span class='ocrx_word' id='word_1_66' title='bbox 56 732 214 776; x_wconf 86' lang='lat' dir='ltr'>miuem</span> <span class='ocrx_word' id='word_1_67' title='bbox 240 731 464 777; x_wconf 84' lang='lat' dir='ltr'>reserenda</span> <span class='ocrx_word' id='word_1_68' title='bbox 483 743 601 787; x_wconf 83' lang='lat' dir='ltr'>sunt,</span> <span class='ocrx_word' id='word_1_69' title='bbox 623 734 722 793; x_wconf 81' lang='lat' dir='ltr'>quia</span> <span class='ocrx_word' id='word_1_70' title='bbox 745 734 799 777; x_wconf 84' lang='lat' dir='ltr'>dc</span> <span class='ocrx_word' id='word_1_71' title='bbox 822 734 988 777; x_wconf 83' lang='lat' dir='ltr'>arbitrii</span> <span class='ocrx_word' id='word_1_72' title='bbox 1010 732 1131 778; x_wconf 89' lang='lat' dir='ltr'>fonte</span> <span class='ocrx_word' id='word_1_73' title='bbox 1149 733 1438 778; x_wconf 87' lang='lat' dir='ltr'>descendunt.</span> 
     </span>
     <span class='ocr_line' id='line_1_9' title="bbox 54 803 1444 863; baseline 0.001 -18"><span class='ocrx_word' id='word_1_74' title='bbox 54 805 170 861; x_wconf 85' lang='lat' dir='ltr'>Ergo</span> <span class='ocrx_word' id='word_1_75' title='bbox 193 803 234 846; x_wconf 90' lang='lat' dir='ltr'>in</span> <span class='ocrx_word' id='word_1_76' title='bbox 258 803 485 848; x_wconf 80' lang='lat' dir='ltr'>voluntate</span> <span class='ocrx_word' id='word_1_77' title='bbox 499 813 540 847; x_wconf 87' lang='lat' dir='ltr'>et</span> <span class='ocrx_word' id='word_1_78' title='bbox 561 819 690 863; x_wconf 85' lang='lat' dir='ltr'>opere</span> <span class='ocrx_word' id='word_1_79' title='bbox 715 805 831 848; x_wconf 84' lang='lat' dir='ltr'>bono</span> <span class='ocrx_word' id='word_1_80' title='bbox 850 803 942 847; x_wconf 85' lang='lat' dir='ltr'>laus</span> <span class='ocrx_word' id='word_1_81' title='bbox 966 805 1152 848; x_wconf 83' lang='lat' dir='ltr'>hominis</span> <span class='ocrx_word' id='word_1_82' title='bbox 1170 813 1233 848; x_wconf 90' lang='lat' dir='ltr'>est</span> <span class='ocrx_word' id='word_1_83' title='bbox 1259 823 1266 848; x_wconf 73' lang='grc' dir='ltr'>ι</span> <span class='ocrx_word' id='word_1_84' title='bbox 1291 805 1379 848; x_wconf 88' lang='lat' dir='ltr'>imo</span> <span class='ocrx_word' id='word_1_85' title='bbox 1402 814 1444 847; x_wconf 80' lang='lat' dir='ltr'>et</span> 
     </span>
     <span class='ocr_line' id='line_1_10' title="bbox 55 872 1445 934; baseline 0.001 -18"><span class='ocrx_word' id='word_1_86' title='bbox 55 872 258 929; x_wconf 86' lang='lat' dir='ltr'>hominis,</span> <span class='ocrx_word' id='word_1_87' title='bbox 285 883 326 918; x_wconf 86' lang='lat' dir='ltr'>ct</span> <span class='ocrx_word' id='word_1_88' title='bbox 351 875 442 929; x_wconf 81' lang='lat' dir='ltr'>Dei,</span> <span class='ocrx_word' id='word_1_89' title='bbox 468 875 543 934; x_wconf 83' lang='lat' dir='ltr'>qui</span> <span class='ocrx_word' id='word_1_90' title='bbox 566 875 698 934; x_wconf 88' lang='lat' dir='ltr'>ipsius</span> <span class='ocrx_word' id='word_1_91' title='bbox 718 874 953 920; x_wconf 88' lang='lat' dir='ltr'>voluntatis</span> <span class='ocrx_word' id='word_1_92' title='bbox 983 884 1025 919; x_wconf 82' lang='lat' dir='ltr'>et</span> <span class='ocrx_word' id='word_1_93' title='bbox 1061 876 1202 934; x_wconf 85' lang='lat' dir='ltr'>operis</span> <span class='ocrx_word' id='word_1_94' title='bbox 1233 874 1445 934; x_wconf 83' lang='lat' dir='ltr'>possibili-</span> 
     </span>
     <span class='ocr_line' id='line_1_11' title="bbox 55 944 1445 1004; baseline 0 -17"><span class='ocrx_word' id='word_1_95' title='bbox 55 952 186 988; x_wconf 84' lang='lat' dir='ltr'>tatem</span> <span class='ocrx_word' id='word_1_96' title='bbox 233 944 353 989; x_wconf 83' lang='lat' dir='ltr'>dedit</span> <span class='ocrx_word' id='word_1_97' title='bbox 372 980 382 999; x_wconf 87' lang='lat'>,</span> <span class='ocrx_word' id='word_1_98' title='bbox 431 946 594 1004; x_wconf 82' lang='lat' dir='ltr'>quique</span> <span class='ocrx_word' id='word_1_99' title='bbox 631 946 767 1004; x_wconf 82' lang='lat' dir='ltr'>ipsam</span> <span class='ocrx_word' id='word_1_100' title='bbox 808 944 1132 1004; x_wconf 75' lang='lat' dir='ltr'>possibilitatem</span> <span class='ocrx_word' id='word_1_101' title='bbox 1172 945 1319 1003; x_wconf 83' lang='lat' dir='ltr'>gratiae</span> <span class='ocrx_word' id='word_1_102' title='bbox 1355 960 1445 989; x_wconf 73' lang='lat' dir='ltr'>sua:</span> 
     </span>
     <span class='ocr_line' id='line_1_12' title="bbox 57 1014 1447 1075; baseline 0 -17"><span class='ocrx_word' id='word_1_103' title='bbox 57 1014 235 1074; x_wconf 89' lang='lat' dir='ltr'>adjuvat</span> <span class='ocrx_word' id='word_1_104' title='bbox 274 1031 442 1074; x_wconf 72' lang='lat' dir='ltr'>semper</span> <span class='ocrx_word' id='word_1_105' title='bbox 483 1015 656 1060; x_wconf 80' lang='lat' dir='ltr'>auxilio.</span> <span class='ocrx_word' id='word_1_106' title='bbox 699 1017 828 1068; x_wconf 88' lang='lat' dir='ltr'>Quod</span> <span class='ocrx_word' id='word_1_107' title='bbox 864 1030 964 1060; x_wconf 86' lang='lat' dir='ltr'>vcro</span> <span class='ocrx_word' id='word_1_108' title='bbox 1003 1024 1144 1075; x_wconf 86' lang='lat' dir='ltr'>potest</span> <span class='ocrx_word' id='word_1_109' title='bbox 1181 1016 1313 1060; x_wconf 86' lang='lat' dir='ltr'>homo</span> <span class='ocrx_word' id='word_1_110' title='bbox 1336 1015 1447 1059; x_wconf 79' lang='lat' dir='ltr'>velle</span> 
     </span>
     <span class='ocr_line' id='line_1_13' title="bbox 56 1084 1445 1146; baseline 0.001 -18"><span class='ocrx_word' id='word_1_111' title='bbox 56 1084 223 1129; x_wconf 89' lang='lat' dir='ltr'>bonum</span> <span class='ocrx_word' id='word_1_112' title='bbox 281 1095 411 1146; x_wconf 82' lang='lat' dir='ltr'>atque</span> <span class='ocrx_word' id='word_1_113' title='bbox 457 1087 663 1145; x_wconf 82' lang='lat' dir='ltr'>perficere</span> <span class='ocrx_word' id='word_1_114' title='bbox 683 1121 693 1140; x_wconf 86' lang='lat'>,</span> <span class='ocrx_word' id='word_1_115' title='bbox 742 1085 872 1130; x_wconf 87' lang='lat' dir='ltr'>solius</span> <span class='ocrx_word' id='word_1_116' title='bbox 907 1086 982 1129; x_wconf 91' lang='lat' dir='ltr'>Dei</span> <span class='ocrx_word' id='word_1_117' title='bbox 1036 1095 1113 1130; x_wconf 90' lang='lat' dir='ltr'>est.</span> <span class='ocrx_word' id='word_1_118' title='bbox 1174 1089 1320 1130; x_wconf 85' lang='lat' dir='ltr'>Potest</span> <span class='ocrx_word' id='word_1_119' title='bbox 1363 1087 1445 1129; x_wconf 86' lang='lat' dir='ltr'>ita-</span> 
     </span>
     <span class='ocr_line' id='line_1_14' title="bbox 53 1155 1445 1214; baseline 0.001 -16"><span class='ocrx_word' id='word_1_120' title='bbox 53 1171 138 1214; x_wconf 87' lang='lat' dir='ltr'>que</span> <span class='ocrx_word' id='word_1_121' title='bbox 176 1155 286 1200; x_wconf 89' lang='lat' dir='ltr'>illud</span> <span class='ocrx_word' id='word_1_122' title='bbox 311 1171 449 1200; x_wconf 90' lang='lat' dir='ltr'>unum</span> <span class='ocrx_word' id='word_1_123' title='bbox 473 1172 578 1212; x_wconf 88' lang='lat' dir='ltr'>esse,</span> <span class='ocrx_word' id='word_1_124' title='bbox 614 1157 741 1200; x_wconf 82' lang='lat' dir='ltr'>etiam</span> <span class='ocrx_word' id='word_1_125' title='bbox 766 1156 799 1199; x_wconf 91' lang='lat' dir='ltr'>si</span> <span class='ocrx_word' id='word_1_126' title='bbox 823 1157 911 1201; x_wconf 84' lang='lat' dir='ltr'>duo</span> <span class='ocrx_word' id='word_1_127' title='bbox 939 1157 1017 1201; x_wconf 81' lang='lat' dir='ltr'>ista</span> <span class='ocrx_word' id='word_1_128' title='bbox 1047 1172 1135 1201; x_wconf 88' lang='lat' dir='ltr'>non</span> <span class='ocrx_word' id='word_1_129' title='bbox 1158 1156 1323 1200; x_wconf 81' lang='lat' dir='ltr'>fuerint</span> <span class='ocrx_word' id='word_1_130' title='bbox 1340 1175 1348 1200; x_wconf 91' lang='lat'><strong>:</strong></span> <span class='ocrx_word' id='word_1_131' title='bbox 1366 1157 1445 1200; x_wconf 85' lang='lat' dir='ltr'>ista</span> 
     </span>
     <span class='ocr_line' id='line_1_15' title="bbox 52 1227 1442 1288; baseline 0.001 -18"><span class='ocrx_word' id='word_1_132' title='bbox 52 1242 154 1271; x_wconf 90' lang='lat' dir='ltr'>vero</span> <span class='ocrx_word' id='word_1_133' title='bbox 173 1227 265 1272; x_wconf 88' lang='lat' dir='ltr'>sine</span> <span class='ocrx_word' id='word_1_134' title='bbox 281 1227 356 1272; x_wconf 91' lang='lat' dir='ltr'>illo</span> <span class='ocrx_word' id='word_1_135' title='bbox 381 1244 470 1273; x_wconf 85' lang='lat' dir='ltr'>esse</span> <span class='ocrx_word' id='word_1_136' title='bbox 498 1244 587 1273; x_wconf 89' lang='lat' dir='ltr'>non</span> <span class='ocrx_word' id='word_1_137' title='bbox 613 1237 806 1288; x_wconf 78' lang='lat' dir='ltr'>possunt.</span> <span class='ocrx_word' id='word_1_138' title='bbox 834 1231 987 1288; x_wconf 82' lang='lat' dir='ltr'>ltaque</span> <span class='ocrx_word' id='word_1_139' title='bbox 1011 1228 1200 1273; x_wconf 86' lang='lat' dir='ltr'>liberum</span> <span class='ocrx_word' id='word_1_140' title='bbox 1229 1228 1335 1271; x_wconf 92' lang='lat' dir='ltr'>mihi</span> <span class='ocrx_word' id='word_1_141' title='bbox 1363 1237 1442 1281; x_wconf 83' lang='lat' dir='ltr'>est,</span> 
     </span>
     <span class='ocr_line' id='line_1_16' title="bbox 53 1298 1444 1354; baseline 0.001 -13"><span class='ocrx_word' id='word_1_142' title='bbox 53 1313 131 1342; x_wconf 89' lang='lat' dir='ltr'>nec</span> <span class='ocrx_word' id='word_1_143' title='bbox 145 1298 417 1343; x_wconf 85' lang='lat' dir='ltr'>voluntatem</span> <span class='ocrx_word' id='word_1_144' title='bbox 433 1301 594 1344; x_wconf 86' lang='lat' dir='ltr'>bonam</span> <span class='ocrx_word' id='word_1_145' title='bbox 610 1300 787 1354; x_wconf 87' lang='lat' dir='ltr'>habere,</span> <span class='ocrx_word' id='word_1_146' title='bbox 806 1315 885 1344; x_wconf 89' lang='lat' dir='ltr'>nec</span> <span class='ocrx_word' id='word_1_147' title='bbox 901 1301 1116 1344; x_wconf 85' lang='lat' dir='ltr'>actionem</span> <span class='ocrx_word' id='word_1_148' title='bbox 1135 1319 1142 1344; x_wconf 90' lang='lat'>:</span> <span class='ocrx_word' id='word_1_149' title='bbox 1163 1299 1286 1343; x_wconf 90' lang='lat' dir='ltr'>nullo</span> <span class='ocrx_word' id='word_1_150' title='bbox 1300 1308 1444 1342; x_wconf 87' lang='lat' dir='ltr'>autem</span> 
     </span>
     <span class='ocr_line' id='line_1_17' title="bbox 53 1369 1446 1429; baseline 0 -17"><span class='ocrx_word' id='word_1_151' title='bbox 53 1369 184 1414; x_wconf 93' lang='lat' dir='ltr'>modo</span> <span class='ocrx_word' id='word_1_152' title='bbox 206 1385 382 1429; x_wconf 86' lang='lat' dir='ltr'>possum</span> <span class='ocrx_word' id='word_1_153' title='bbox 401 1386 487 1415; x_wconf 92' lang='lat' dir='ltr'>non</span> <span class='ocrx_word' id='word_1_154' title='bbox 507 1370 667 1414; x_wconf 83' lang='lat' dir='ltr'>habere</span> <span class='ocrx_word' id='word_1_155' title='bbox 690 1369 1019 1429; x_wconf 80' lang='lat' dir='ltr'>possibilitatem</span> <span class='ocrx_word' id='word_1_156' title='bbox 1040 1371 1141 1414; x_wconf 87' lang='lat' dir='ltr'>boni</span> <span class='ocrx_word' id='word_1_157' title='bbox 1169 1389 1176 1414; x_wconf 91' lang='lat'>:</span> <span class='ocrx_word' id='word_1_158' title='bbox 1203 1370 1313 1413; x_wconf 85' lang='lat' dir='ltr'>inest</span> <span class='ocrx_word' id='word_1_159' title='bbox 1340 1369 1446 1412; x_wconf 83' lang='lat' dir='ltr'>mihi</span> 
     </span>
     <span class='ocr_line' id='line_1_18' title="bbox 53 1440 1446 1500; baseline -0.001 -17"><span class='ocrx_word' id='word_1_160' title='bbox 53 1440 181 1484; x_wconf 85' lang='lat' dir='ltr'>ctiam</span> <span class='ocrx_word' id='word_1_161' title='bbox 203 1441 235 1485; x_wconf 86' lang='lat' dir='ltr'>si</span> <span class='ocrx_word' id='word_1_162' title='bbox 266 1441 465 1496; x_wconf 78' lang='lat' dir='ltr'>noluero,</span> <span class='ocrx_word' id='word_1_163' title='bbox 492 1456 571 1485; x_wconf 90' lang='lat' dir='ltr'>nec</span> <span class='ocrx_word' id='word_1_164' title='bbox 594 1442 734 1485; x_wconf 91' lang='lat' dir='ltr'>otium</span> <span class='ocrx_word' id='word_1_165' title='bbox 756 1442 822 1485; x_wconf 88' lang='lat' dir='ltr'>sui</span> <span class='ocrx_word' id='word_1_166' title='bbox 844 1440 1082 1500; x_wconf 79' lang='lat' dir='ltr'>aliquando</span> <span class='ocrx_word' id='word_1_167' title='bbox 1113 1440 1158 1482; x_wconf 87' lang='lat' dir='ltr'>in</span> <span class='ocrx_word' id='word_1_168' title='bbox 1183 1440 1264 1484; x_wconf 91' lang='lat' dir='ltr'>hoc</span> <span class='ocrx_word' id='word_1_169' title='bbox 1293 1448 1446 1483; x_wconf 75' lang='lat' dir='ltr'>natura</span> 
     </span>
     <span class='ocr_line' id='line_1_19' title="bbox 52 1509 1446 1571; baseline 0.001 -18"><span class='ocrx_word' id='word_1_170' title='bbox 52 1511 220 1570; x_wconf 82' lang='lat' dir='ltr'>recipit.</span> <span class='ocrx_word' id='word_1_171' title='bbox 247 1513 388 1564; x_wconf 86' lang='lat' dir='ltr'>Quem</span> <span class='ocrx_word' id='word_1_172' title='bbox 404 1511 529 1555; x_wconf 83' lang='lat' dir='ltr'>nobis</span> <span class='ocrx_word' id='word_1_173' title='bbox 551 1526 724 1556; x_wconf 89' lang='lat' dir='ltr'>sensum</span> <span class='ocrx_word' id='word_1_174' title='bbox 741 1510 938 1570; x_wconf 82' lang='lat' dir='ltr'>exempla</span> <span class='ocrx_word' id='word_1_175' title='bbox 957 1510 1100 1571; x_wconf 83' lang='lat' dir='ltr'>aliqua</span> <span class='ocrx_word' id='word_1_176' title='bbox 1119 1509 1282 1554; x_wconf 86' lang='lat' dir='ltr'>facient</span> <span class='ocrx_word' id='word_1_177' title='bbox 1298 1509 1446 1554; x_wconf 83' lang='lat' dir='ltr'>clario-</span> 
     </span>
     <span class='ocr_line' id='line_1_20' title="bbox 52 1580 1441 1641; baseline -0.004 -14"><span class='ocrx_word' id='word_1_178' title='bbox 52 1596 156 1624; x_wconf 86' lang='lat' dir='ltr'>rem·</span> <span class='ocrx_word' id='word_1_179' title='bbox 191 1582 320 1635; x_wconf 88' lang='lat' dir='ltr'>Quod</span> <span class='ocrx_word' id='word_1_180' title='bbox 354 1597 579 1641; x_wconf 89' lang='lat' dir='ltr'>possumus</span> <span class='ocrx_word' id='word_1_181' title='bbox 615 1580 764 1626; x_wconf 84' lang='lat' dir='ltr'>videre</span> <span class='ocrx_word' id='word_1_182' title='bbox 792 1580 951 1636; x_wconf 87' lang='lat' dir='ltr'>oculis,</span> <span class='ocrx_word' id='word_1_183' title='bbox 989 1590 1186 1625; x_wconf 87' lang='lat' dir='ltr'>nostrum</span> <span class='ocrx_word' id='word_1_184' title='bbox 1217 1595 1306 1624; x_wconf 89' lang='lat' dir='ltr'>non</span> <span class='ocrx_word' id='word_1_185' title='bbox 1337 1589 1401 1623; x_wconf 85' lang='lat' dir='ltr'>cst</span> <span class='ocrx_word' id='word_1_186' title='bbox 1433 1599 1441 1622; x_wconf 88' lang='lat'>:</span> 
     </span>
     <span class='ocr_line' id='line_1_21' title="bbox 53 1651 1446 1711; baseline -0.002 -16"><span class='ocrx_word' id='word_1_187' title='bbox 53 1651 174 1711; x_wconf 87' lang='lat' dir='ltr'>quod</span> <span class='ocrx_word' id='word_1_188' title='bbox 196 1667 298 1697; x_wconf 89' lang='lat' dir='ltr'>vero</span> <span class='ocrx_word' id='word_1_189' title='bbox 324 1652 438 1696; x_wconf 85' lang='lat' dir='ltr'>bene</span> <span class='ocrx_word' id='word_1_190' title='bbox 472 1661 548 1697; x_wconf 86' lang='lat' dir='ltr'>aut</span> <span class='ocrx_word' id='word_1_191' title='bbox 571 1651 683 1696; x_wconf 87' lang='lat' dir='ltr'>male</span> <span class='ocrx_word' id='word_1_192' title='bbox 713 1652 924 1707; x_wconf 88' lang='lat' dir='ltr'>videmus,</span> <span class='ocrx_word' id='word_1_193' title='bbox 959 1652 1041 1696; x_wconf 91' lang='lat' dir='ltr'>hoc</span> <span class='ocrx_word' id='word_1_194' title='bbox 1064 1660 1261 1696; x_wconf 84' lang='lat' dir='ltr'>nostrum</span> <span class='ocrx_word' id='word_1_195' title='bbox 1292 1659 1369 1694; x_wconf 85' lang='lat' dir='ltr'>est.</span> <span class='ocrx_word' id='word_1_196' title='bbox 1393 1651 1446 1693; x_wconf 86' lang='lat' dir='ltr'>Et</span> 
     </span>
     <span class='ocr_line' id='line_1_22' title="bbox 57 1721 1447 1783; baseline -0.003 -16"><span class='ocrx_word' id='word_1_197' title='bbox 57 1732 106 1767; x_wconf 87' lang='lat' dir='ltr'>ut</span> <span class='ocrx_word' id='word_1_198' title='bbox 128 1723 385 1781; x_wconf 80' lang='lat' dir='ltr'>generaliter</span> <span class='ocrx_word' id='word_1_199' title='bbox 409 1725 608 1768; x_wconf 84' lang='lat' dir='ltr'>universa</span> <span class='ocrx_word' id='word_1_200' title='bbox 631 1723 912 1783; x_wconf 81' lang='lat' dir='ltr'>complectar,</span> <span class='ocrx_word' id='word_1_201' title='bbox 936 1721 1056 1783; x_wconf 86' lang='lat' dir='ltr'>quod</span> <span class='ocrx_word' id='word_1_202' title='bbox 1074 1736 1303 1782; x_wconf 89' lang='lat' dir='ltr'>possumus</span> <span class='ocrx_word' id='word_1_203' title='bbox 1318 1736 1447 1765; x_wconf 86' lang='lat' dir='ltr'>omne</span> 
     </span>
     <span class='ocr_line' id='line_1_23' title="bbox 57 1793 1449 1852; baseline -0.003 -15"><span class='ocrx_word' id='word_1_204' title='bbox 57 1794 223 1838; x_wconf 80' lang='lat' dir='ltr'>bonum</span> <span class='ocrx_word' id='word_1_205' title='bbox 252 1793 409 1849; x_wconf 75' lang='lat' dir='ltr'>facere,</span> <span class='ocrx_word' id='word_1_206' title='bbox 440 1794 600 1847; x_wconf 83' lang='lat' dir='ltr'>dicere,</span> <span class='ocrx_word' id='word_1_207' title='bbox 634 1794 847 1852; x_wconf 84' lang='lat' dir='ltr'>cogitare,</span> <span class='ocrx_word' id='word_1_208' title='bbox 880 1793 993 1837; x_wconf 89' lang='lat' dir='ltr'>illius</span> <span class='ocrx_word' id='word_1_209' title='bbox 1026 1802 1089 1838; x_wconf 80' lang='lat' dir='ltr'>cst</span> <span class='ocrx_word' id='word_1_210' title='bbox 1117 1793 1193 1852; x_wconf 86' lang='lat' dir='ltr'>qui</span> <span class='ocrx_word' id='word_1_211' title='bbox 1220 1793 1303 1835; x_wconf 88' lang='lat' dir='ltr'>hoc</span> <span class='ocrx_word' id='word_1_212' title='bbox 1326 1805 1449 1851; x_wconf 83' lang='lat' dir='ltr'>posse</span> 
     </span>
     <span class='ocr_line' id='line_1_24' title="bbox 56 1861 1450 1924; baseline -0.003 -16"><span class='ocrx_word' id='word_1_213' title='bbox 56 1864 250 1919; x_wconf 85' lang='lat' dir='ltr'>donavit,</span> <span class='ocrx_word' id='word_1_214' title='bbox 281 1866 356 1924; x_wconf 90' lang='lat' dir='ltr'>qui</span> <span class='ocrx_word' id='word_1_215' title='bbox 390 1865 471 1909; x_wconf 93' lang='lat' dir='ltr'>hoc</span> <span class='ocrx_word' id='word_1_216' title='bbox 494 1880 617 1923; x_wconf 81' lang='lat' dir='ltr'>posse</span> <span class='ocrx_word' id='word_1_217' title='bbox 640 1864 815 1923; x_wconf 81' lang='lat' dir='ltr'>adjuvat</span> <span class='ocrx_word' id='word_1_218' title='bbox 835 1883 843 1908; x_wconf 88' lang='lat'><strong>:</strong></span> <span class='ocrx_word' id='word_1_219' title='bbox 864 1865 983 1923; x_wconf 79' lang='lat' dir='ltr'>quod</span> <span class='ocrx_word' id='word_1_220' title='bbox 1006 1879 1108 1907; x_wconf 86' lang='lat' dir='ltr'>vero</span> <span class='ocrx_word' id='word_1_221' title='bbox 1132 1863 1244 1906; x_wconf 86' lang='lat' dir='ltr'>bene</span> <span class='ocrx_word' id='word_1_222' title='bbox 1269 1861 1338 1905; x_wconf 80' lang='lat' dir='ltr'>vel</span> <span class='ocrx_word' id='word_1_223' title='bbox 1360 1863 1450 1918; x_wconf 72' lang='lat' dir='ltr'>zigi-</span> 
     </span>
     <span class='ocr_line' id='line_1_25' title="bbox 56 1932 1448 1993; baseline -0.001 -18"><span class='ocrx_word' id='word_1_224' title='bbox 56 1948 167 1987; x_wconf 87' lang='lat' dir='ltr'>mus,</span> <span class='ocrx_word' id='word_1_225' title='bbox 195 1933 261 1978; x_wconf 84' lang='lat' dir='ltr'>vel</span> <span class='ocrx_word' id='word_1_226' title='bbox 283 1934 523 1993; x_wconf 81' lang='lat' dir='ltr'>loquimur,</span> <span class='ocrx_word' id='word_1_227' title='bbox 555 1934 624 1977; x_wconf 66' lang='lat' dir='ltr'>vel</span> <span class='ocrx_word' id='word_1_228' title='bbox 648 1933 902 1991; x_wconf 84' lang='lat' dir='ltr'>cogitamus,</span> <span class='ocrx_word' id='word_1_229' title='bbox 932 1942 1130 1977; x_wconf 83' lang='lat' dir='ltr'>nostrum</span> <span class='ocrx_word' id='word_1_230' title='bbox 1149 1941 1237 1988; x_wconf 67' lang='lat' dir='ltr'>est,</span> <span class='ocrx_word' id='word_1_231' title='bbox 1258 1932 1333 1991; x_wconf 86' lang='lat' dir='ltr'>qui</span> <span class='ocrx_word' id='word_1_232' title='bbox 1356 1932 1448 1974; x_wconf 77' lang='lat' dir='ltr'>haec</span> 
     </span>
     <span class='ocr_line' id='line_1_26' title="bbox 56 2000 1447 2062; baseline -0.004 -14"><span class='ocrx_word' id='word_1_233' title='bbox 56 2003 200 2048; x_wconf 85' lang='lat' dir='ltr'>omnia</span> <span class='ocrx_word' id='word_1_234' title='bbox 214 2013 380 2048; x_wconf 88' lang='lat' dir='ltr'>vertere</span> <span class='ocrx_word' id='word_1_235' title='bbox 396 2005 440 2047; x_wconf 89' lang='lat' dir='ltr'>in</span> <span class='ocrx_word' id='word_1_236' title='bbox 457 2003 619 2047; x_wconf 84' lang='lat' dir='ltr'>malum</span> <span class='ocrx_word' id='word_1_237' title='bbox 637 2003 766 2047; x_wconf 86' lang='lat' dir='ltr'>etiam</span> <span class='ocrx_word' id='word_1_238' title='bbox 783 2018 1026 2062; x_wconf 85' lang='lat' dir='ltr'>possumus.</span> <span class='ocrx_word' id='word_1_239' title='bbox 1052 2002 1173 2046; x_wconf 89' lang='lat' dir='ltr'>Unde</span> <span class='ocrx_word' id='word_1_240' title='bbox 1188 2000 1306 2060; x_wconf 82' lang='lat' dir='ltr'>quod</span> <span class='ocrx_word' id='word_1_241' title='bbox 1323 2016 1447 2059; x_wconf 74' lang='lat' dir='ltr'>pros-</span> 
     </span>
     <span class='ocr_line' id='line_1_27' title="bbox 58 2069 1447 2132; baseline -0.002 -15"><span class='ocrx_word' id='word_1_242' title='bbox 58 2082 120 2117; x_wconf 87' lang='lat' dir='ltr'>ter</span> <span class='ocrx_word' id='word_1_243' title='bbox 143 2074 404 2118; x_wconf 78' lang='lat' dir='ltr'>calumniam</span> <span class='ocrx_word' id='word_1_244' title='bbox 436 2083 621 2119; x_wconf 84' lang='lat' dir='ltr'>vestram</span> <span class='ocrx_word' id='word_1_245' title='bbox 649 2088 763 2132; x_wconf 84' lang='lat' dir='ltr'>saepe</span> <span class='ocrx_word' id='word_1_246' title='bbox 789 2072 1075 2132; x_wconf 84' lang='lat' dir='ltr'>repetendum</span> <span class='ocrx_word' id='word_1_247' title='bbox 1110 2081 1188 2127; x_wconf 86' lang='lat' dir='ltr'>est,</span> <span class='ocrx_word' id='word_1_248' title='bbox 1214 2087 1314 2115; x_wconf 88' lang='lat' dir='ltr'>cum</span> <span class='ocrx_word' id='word_1_249' title='bbox 1336 2069 1447 2115; x_wconf 89' lang='lat' dir='ltr'>dici-</span> 
     </span>
     <span class='ocr_line' id='line_1_28' title="bbox 56 2142 1446 2205; baseline -0.001 -17"><span class='ocrx_word' id='word_1_250' title='bbox 56 2160 152 2189; x_wconf 87' lang='lat' dir='ltr'>mus</span> <span class='ocrx_word' id='word_1_251' title='bbox 174 2146 395 2190; x_wconf 86' lang='lat' dir='ltr'>hominem</span> <span class='ocrx_word' id='word_1_252' title='bbox 417 2160 540 2205; x_wconf 82' lang='lat' dir='ltr'>posse</span> <span class='ocrx_word' id='word_1_253' title='bbox 562 2159 652 2188; x_wconf 86' lang='lat' dir='ltr'>esse</span> <span class='ocrx_word' id='word_1_254' title='bbox 675 2145 766 2188; x_wconf 85' lang='lat' dir='ltr'>sine</span> <span class='ocrx_word' id='word_1_255' title='bbox 782 2153 976 2203; x_wconf 86' lang='lat' dir='ltr'>peccato,</span> <span class='ocrx_word' id='word_1_256' title='bbox 997 2154 1041 2188; x_wconf 84' lang='lat' dir='ltr'>et</span> <span class='ocrx_word' id='word_1_257' title='bbox 1056 2142 1326 2188; x_wconf 85' lang='lat' dir='ltr'>confessione</span> <span class='ocrx_word' id='word_1_258' title='bbox 1345 2158 1446 2201; x_wconf 88' lang='lat' dir='ltr'>pos-</span> 
     </span>
     <span class='ocr_line' id='line_1_29' title="bbox 55 2214 1445 2275; baseline -0.003 -16"><span class='ocrx_word' id='word_1_259' title='bbox 55 2215 269 2261; x_wconf 86' lang='lat' dir='ltr'>sibilitatis</span> <span class='ocrx_word' id='word_1_260' title='bbox 294 2225 484 2275; x_wconf 82' lang='lat' dir='ltr'>acceptae</span> <span class='ocrx_word' id='word_1_261' title='bbox 513 2214 744 2259; x_wconf 82' lang='lat' dir='ltr'>laudamus</span> <span class='ocrx_word' id='word_1_262' title='bbox 775 2217 931 2268; x_wconf 88' lang='lat' dir='ltr'>Deum,</span> <span class='ocrx_word' id='word_1_263' title='bbox 967 2214 1042 2274; x_wconf 91' lang='lat' dir='ltr'>qui</span> <span class='ocrx_word' id='word_1_264' title='bbox 1070 2214 1196 2258; x_wconf 87' lang='lat' dir='ltr'>nobis</span> <span class='ocrx_word' id='word_1_265' title='bbox 1218 2214 1301 2257; x_wconf 94' lang='lat' dir='ltr'>hoc</span> <span class='ocrx_word' id='word_1_266' title='bbox 1323 2228 1445 2272; x_wconf 85' lang='lat' dir='ltr'>posse</span> 
     </span>
     <span class='ocr_line' id='line_1_30' title="bbox 55 2283 1445 2344; baseline -0.003 -15"><span class='ocrx_word' id='word_1_267' title='bbox 55 2285 231 2344; x_wconf 83' lang='lat' dir='ltr'>largitus</span> <span class='ocrx_word' id='word_1_268' title='bbox 249 2296 328 2341; x_wconf 86' lang='lat' dir='ltr'>cst,</span> <span class='ocrx_word' id='word_1_269' title='bbox 354 2302 434 2331; x_wconf 87' lang='lat' dir='ltr'>nec</span> <span class='ocrx_word' id='word_1_270' title='bbox 452 2295 516 2330; x_wconf 88' lang='lat' dir='ltr'>cst</span> <span class='ocrx_word' id='word_1_271' title='bbox 533 2285 594 2329; x_wconf 78' lang='lat' dir='ltr'>ihi</span> <span class='ocrx_word' id='word_1_272' title='bbox 612 2284 701 2329; x_wconf 91' lang='lat' dir='ltr'>ulla</span> <span class='ocrx_word' id='word_1_273' title='bbox 722 2284 932 2329; x_wconf 77' lang='lat' dir='ltr'>laudandi</span> <span class='ocrx_word' id='word_1_274' title='bbox 952 2285 1140 2329; x_wconf 86' lang='lat' dir='ltr'>hominis</span> <span class='ocrx_word' id='word_1_275' title='bbox 1164 2285 1347 2337; x_wconf 78' lang='lat' dir='ltr'>occasio,</span> <span class='ocrx_word' id='word_1_276' title='bbox 1371 2283 1445 2326; x_wconf 86' lang='lat' dir='ltr'>ubi</span> 
     </span>
     <span class='ocr_line' id='line_1_31' title="bbox 56 2353 1444 2409; baseline -0.004 -7"><span class='ocrx_word' id='word_1_277' title='bbox 56 2355 187 2402; x_wconf 88' lang='lat' dir='ltr'>solius</span> <span class='ocrx_word' id='word_1_278' title='bbox 202 2359 278 2401; x_wconf 88' lang='lat' dir='ltr'>Dei</span> <span class='ocrx_word' id='word_1_279' title='bbox 295 2373 423 2401; x_wconf 87' lang='lat' dir='ltr'>causa</span> <span class='ocrx_word' id='word_1_280' title='bbox 447 2364 656 2400; x_wconf 82' lang='lat' dir='ltr'>tractatur</span> <span class='ocrx_word' id='word_1_281' title='bbox 678 2375 686 2399; x_wconf 73' lang='grc' dir='ltr'>ε</span> <span class='ocrx_word' id='word_1_282' title='bbox 707 2370 798 2399; x_wconf 91' lang='lat' dir='ltr'>non</span> <span class='ocrx_word' id='word_1_283' title='bbox 816 2355 930 2399; x_wconf 90' lang='lat' dir='ltr'>enim</span> <span class='ocrx_word' id='word_1_284' title='bbox 951 2353 1005 2398; x_wconf 90' lang='lat' dir='ltr'>de</span> <span class='ocrx_word' id='word_1_285' title='bbox 1019 2354 1148 2409; x_wconf 70' lang='lat' dir='ltr'>velle,</span> <span class='ocrx_word' id='word_1_286' title='bbox 1172 2370 1252 2398; x_wconf 86' lang='lat' dir='ltr'>nec</span> <span class='ocrx_word' id='word_1_287' title='bbox 1268 2354 1322 2398; x_wconf 88' lang='lat' dir='ltr'>de</span> <span class='ocrx_word' id='word_1_288' title='bbox 1337 2369 1444 2409; x_wconf 82' lang='lat' dir='ltr'>esse,</span> 
     </span>
     <span class='ocr_line' id='line_1_32' title="bbox 58 2425 1296 2486; baseline -0.002 -14"><span class='ocrx_word' id='word_1_289' title='bbox 58 2427 134 2472; x_wconf 85' lang='lat' dir='ltr'>sed</span> <span class='ocrx_word' id='word_1_290' title='bbox 160 2429 464 2474; x_wconf 85' lang='lat' dir='ltr'>tantummodo</span> <span class='ocrx_word' id='word_1_291' title='bbox 487 2427 541 2471; x_wconf 90' lang='lat' dir='ltr'>de</span> <span class='ocrx_word' id='word_1_292' title='bbox 563 2443 614 2471; x_wconf 84' lang='lat' dir='ltr'>eo</span> <span class='ocrx_word' id='word_1_293' title='bbox 635 2427 755 2486; x_wconf 85' lang='lat' dir='ltr'>quod</span> <span class='ocrx_word' id='word_1_294' title='bbox 772 2435 1034 2486; x_wconf 81' lang='lat' dir='ltr'>potestesse,</span> <span class='ocrx_word' id='word_1_295' title='bbox 1060 2425 1296 2470; x_wconf 84' lang='lat' dir='ltr'>disseritur.</span> 
     </span>
    </p>

    <p class='ocr_par' dir='ltr' id='par_1_2' title="bbox 108 2495 1445 2679">
     <span class='ocr_line' id='line_1_33' title="bbox 120 2495 1445 2556; baseline -0.002 -15"><span class='ocrx_word' id='word_1_296' title='bbox 120 2501 192 2543; x_wconf 92' lang='lat' dir='ltr'>Vl.</span> <span class='ocrx_word' id='word_1_297' title='bbox 216 2501 328 2544; x_wconf 83' lang='lat' dir='ltr'>Ecce</span> <span class='ocrx_word' id='word_1_298' title='bbox 350 2508 414 2542; x_wconf 84' lang='lat' dir='ltr'>est</span> <span class='ocrx_word' id='word_1_299' title='bbox 436 2507 574 2542; x_wconf 88' lang='lat' dir='ltr'>totum</span> <span class='ocrx_word' id='word_1_300' title='bbox 595 2497 754 2556; x_wconf 85' lang='lat' dir='ltr'>dogma</span> <span class='ocrx_word' id='word_1_301' title='bbox 787 2496 943 2554; x_wconf 82' lang='lat' dir='ltr'>Pelagii</span> <span class='ocrx_word' id='word_1_302' title='bbox 973 2496 1017 2540; x_wconf 87' lang='lat' dir='ltr'>in</span> <span class='ocrx_word' id='word_1_303' title='bbox 1044 2495 1157 2540; x_wconf 86' lang='lat' dir='ltr'>libro</span> <span class='ocrx_word' id='word_1_304' title='bbox 1194 2497 1286 2556; x_wconf 84' lang='lat' dir='ltr'>ejus</span> <span class='ocrx_word' id='word_1_305' title='bbox 1322 2496 1445 2539; x_wconf 72' lang='lat' dir='ltr'>tertio</span> 
     </span>
     <span class='ocr_line' id='line_1_34' title="bbox 108 2581 790 2626; baseline -0.004 -11"><span class='ocrx_word' id='word_1_306' title='bbox 108 2592 114 2606; x_wconf 86' lang='lat'>¹</span> <span class='ocrx_word' id='word_1_307' title='bbox 139 2583 290 2626; x_wconf 66' lang='lat' dir='ltr'>Pelagius.</span> <span class='ocrx_word' id='word_1_308' title='bbox 315 2586 373 2616; x_wconf 81' lang='lat' dir='ltr'>l‘ro</span> <span class='ocrx_word' id='word_1_309' title='bbox 390 2583 492 2616; x_wconf 79' lang='lat' dir='ltr'>libero</span> <span class='ocrx_word' id='word_1_310' title='bbox 505 2582 651 2625; x_wconf 61' lang='lat' dir='ltr'>arbitrio,</span> <span class='ocrx_word' id='word_1_311' title='bbox 670 2581 725 2614; x_wconf 82' lang='lat' dir='ltr'>lib.</span> <span class='ocrx_word' id='word_1_312' title='bbox 745 2593 790 2614; x_wconf 87' lang='grc' dir='ltr'>ιιι.</span> 
     </span>
     <span class='ocr_line' id='line_1_35' title="bbox 247 2636 1259 2679; baseline -0.005 -1"><span class='ocrx_word' id='word_1_313' title='bbox 247 2649 361 2679; x_wconf 66' lang='lat' dir='ltr'>cxii.</span> <span class='ocrx_word' id='word_1_314' title='bbox 1234 2636 1259 2673; x_wconf 82' lang='lat'>8</span> 
     </span>
    </p>
   </div>
  </div>
 </body>
</html>
