1784 3205
308 224 391 260 ‘220
742 230 772 255 s.
812 230 1037 256 minumum
1077 230 1248 255 renascor:

312 298 528 357 tuliquod
558 295 789 355 Apostolus
807 295 891 338 ait:
923 314 935 332 α
965 296 1042 336 Per
1062 308 1199 336 unum
1222 293 1439 336 hominem
1468 302 1692 351 peccatum

311 390 328 410 »
356 367 532 412 intravit
553 367 599 410 in
622 366 836 410 mundum
862 398 873 418 ,
905 372 948 406 et
970 378 1045 421 per
1067 371 1290 422 peccatum
1318 378 1432 406 mors
1453 397 1464 418 ,
1495 371 1538 406 ct
1570 363 1626 406 ita
1650 363 1694 406 in

307 457 327 480 »
353 452 500 482 omnes
519 436 715 480 homines
731 433 991 493 pertransiit,
1005 433 1049 475 in
1062 426 1314 492 quoomnes
1328 434 1689 492 peccave1·u11t¹:=›

303 524 393 569 quo
414 506 662 552 testimonio
680 540 691 560 ,
716 514 766 549 ut
785 503 971 548 diximus
989 537 1000 560 ,
1021 503 1309 563 praetermisso
1326 512 1482 548 caetera
1499 503 1572 547 ille
1593 518 1696 548 con-

302 578 460 633 texuit,
476 593 576 638 quae
600 591 728 635 supra
750 582 1089 619 commemorata
1112 584 1228 619 snnt.
1247 575 1375 619 Novit
1397 574 1511 618 enim
1534 588 1690 633 quem-

304 649 545 695 admodum
567 647 733 693 soleant
750 648 843 691 haec
861 646 993 690 verba
1007 645 1258 705 apostolica,
1278 661 1378 705 quae
1399 645 1690 705 praetermisit,

301 722 496 779 accipere
518 718 835 764 catholicorum
871 715 1004 761 corda
1036 715 1234 760 fidelium
1266 735 1275 761 ε
1312 732 1411 776 quae
1442 716 1575 760 verba
1606 725 1695 759 tam

299 800 418 836 recta
441 798 484 834 et
500 798 621 834 tanta
647 788 746 833 luce
768 786 981 845 fulgentia
1004 787 1242 831 tenebrosis
1264 796 1308 832 et
1329 787 1534 831 tortuosis
1555 786 1693 830 inter-

299 860 619 922 pretationibus
641 859 745 904 novi
773 858 966 903 haeretici
997 857 1230 902 obscurare
1262 867 1307 902 et
1334 858 1570 917 depravare
1597 872 1696 902 mo-

303 933 488 977 liuntur.
1647 976 1655 990 ,

361 1005 438 1048 IV.
466 1002 632 1047 Deinde
654 1001 737 1046 alia
758 1015 855 1045 mea
876 1000 1007 1045 verba
1029 1000 1270 1056 subtexuit,
1294 1000 1370 1045 ubi
1390 999 1501 1045 dixit
1524 1018 1534 1045 ε
1563 1018 1584 1043 «
1607 1002 1697 1045 Nee

305 1074 568 1129 advertunt,
604 1070 726 1132 quod
748 1071 806 1116 ita
836 1071 1090 1131 nuptiarum
1124 1071 1293 1115 bonum
1325 1070 1441 1115 malo
1469 1069 1696 1129 originali,

303 1143 426 1204 quod
453 1143 556 1187 inde
577 1142 764 1186 trahitur
778 1176 790 1197 ‚
811 1156 901 1186 non
923 1149 1066 1200 potest
1089 1142 1304 1195 accusari,
1329 1140 1441 1185 sicut
1462 1140 1701 1185 adulterio·

305 1228 404 1257 rum
427 1222 470 1256 et
495 1212 838 1256 fornicationum
866 1211 1032 1255 malum
1060 1211 1178 1255 bono
1209 1211 1427 1265 naturali,
1454 1212 1576 1269 quod
1597 1210 1700 1254 inde

303 1282 495 1327 nascitur
509 1316 520 1337 ,
545 1297 635 1326 non
657 1290 799 1340 potest
821 1281 1029 1325 excusari.
1062 1282 1173 1325 Nam
1195 1281 1306 1324 sicut
1328 1289 1557 1339 peccatum
1575 1314 1588 1336 ,
1612 1280 1700 1324 sive

304 1353 407 1397 hinc
430 1352 519 1397 sive
541 1352 644 1396 inde
663 1351 859 1395 trahatur
873 1386 884 1406 ,
907 1365 1016 1410 opus
1038 1359 1103 1394 est
1125 1349 1291 1394 diaboli
1315 1369 1324 1395 z
1351 1351 1410 1395 sic
1433 1351 1566 1395 homo
1583 1385 1594 1405 ,
1614 1351 1703 1395 sive

306 1424 409 1468 hinc
443 1424 531 1466 sive
554 1421 657 1466 inde
688 1430 918 1477 nascatur,
944 1436 1053 1481 opus
1078 1429 1142 1465 est
1166 1421 1243 1465 Dei
1266 1424 1299 1465 ².
1328 1439 1348 1462 »
1380 1421 1524 1466 Etiam
1554 1421 1624 1466 hic
1656 1436 1705 1466 ea

307 1492 600 1553 praetermisit,
626 1492 673 1536 in
696 1492 856 1552 quibus
871 1506 996 1536 aures
1013 1490 1247 1536 catholicas
1269 1492 1426 1537 timuit.
1453 1495 1561 1538 Nam
1578 1501 1628 1537 ut
1650 1492 1705 1536 ad

251 1572 258 1579 ”
310 1564 405 1608 haec
429 1563 561 1609 verba
586 1564 809 1608 veniretur
825 1597 837 1619 ,
872 1577 1003 1622 supra
1020 1561 1184 1607 dictum
1216 1573 1308 1608 erat
1333 1579 1357 1608 a
1379 1564 1504 1608 nobis
1530 1583 1538 1608 :
1570 1582 1590 1605 «
1611 1565 1704 1608 Hoc

311 1649 413 1693 ergo
449 1634 552 1694 quia
570 1632 756 1678 dicimus
778 1667 793 1688 ,
829 1632 950 1693 quod
985 1633 1284 1693 antiquissima
1306 1642 1438 1694 atque
1459 1634 1702 1678 firmissima

312 1703 539 1749 catholicae
560 1703 664 1747 fidei
692 1702 844 1762 regula
865 1703 1140 1758 continetur,
1165 1703 1234 1747 isti
1257 1703 1418 1749 novelli
1443 1713 1486 1748 et
1516 1704 1703 1763 perversi

311 1774 528 1832 dogmatis
562 1782 791 1818 assertores
816 1807 828 1828 ,
864 1773 942 1832 qui
970 1772 1080 1816 nihil
1116 1774 1282 1832 peccati
1314 1789 1404 1819 esse
1431 1776 1476 1818 in
1513 1774 1703 1833 parvulis

313 1842 469 1888 dicunt
485 1878 496 1899 ,
522 1842 642 1904 quod
674 1842 848 1887 lavaero
876 1843 1214 1902 regenerationis
1241 1843 1472 1900 abluatur,
1498 1853 1707 1904 tanquam

314 1914 573 1960 damnemus
594 1914 793 1973 nuptias,
813 1922 857 1957 et
878 1921 1088 1973 tanquam
1112 1929 1221 1973 opus
1240 1915 1339 1970 Dei,
1364 1915 1448 1960 hoc
1470 1925 1549 1971 est,
1571 1915 1710 1959 homi-

313 2000 415 2030 nem
434 1985 511 2044 qui
532 2000 584 2029 ex
604 1982 687 2028 illis
709 1983 924 2039 nascitur,
949 1998 1058 2043 opus
1081 1983 1246 2029 diaboli
1261 2000 1349 2029 esse
1371 1984 1584 2040 dicamus,
1607 1986 1709 2029 infi-

313 2054 468 2100 deliter
486 2055 557 2100 vel
577 2054 776 2114 imperite
799 2053 1140 2099 calumniantur.
1159 2073 1179 2097 »
1198 2056 1272 2100 His
1293 2071 1396 2116 ergo
1421 2057 1577 2102 nostris
1599 2071 1707 2116 prae-

318 2124 520 2169 termissis
534 2158 546 2180 ,
571 2133 817 2185 sequuntur
839 2122 914 2168 illa
935 2132 1083 2168 nostra
1117 2140 1217 2184 quae
1248 2127 1422 2184 posuit,
1444 2127 1558 2172 sicut
1577 2140 1708 2186 supra

315 2195 527 2254 scriptum
549 2204 628 2239 est.
648 2197 701 2238 In
722 2194 789 2238 his
806 2194 955 2253 itaque
976 2210 1075 2254 quae
1097 2196 1371 2254 praetermisit
1391 2231 1402 2251 ,
1427 2197 1511 2241 hoc
1532 2197 1704 2252 timuit,

317 2266 420 2327 quia
439 2274 599 2311 cuncta
621 2264 830 2310 Ecclesiae
858 2264 1083 2311 catholicae
1105 2275 1280 2325 pectora
1297 2269 1527 2324 convenit,
1552 2267 1709 2313 fidem-

317 2351 403 2396 que
440 2337 575 2394 ipsam
608 2336 849 2396 antiquitus
883 2334 1086 2380 traditam
1122 2345 1252 2397 atque
1283 2336 1514 2383 fundatam
1539 2373 1550 2395 ,
1593 2338 1708 2384 clara

315 2405 510 2467 quodam
531 2405 663 2452 modo
682 2421 788 2451 voce
808 2405 1067 2466 compellat,
1088 2415 1131 2451 et
1153 2405 1357 2452 adversus
1377 2424 1450 2453 eos
1471 2409 1709 2454 vehemen-

316 2478 476 2523 tissime
497 2486 722 2536 permovet
743 2477 863 2536 quod
885 2477 1094 2532 diximus,
1129 2495 1147 2517 «
1175 2478 1277 2538 quia
1300 2479 1409 2523 nihil
1431 2479 1595 2539 peccati
1618 2495 1708 2524 esse

369 2566 375 2582 ¹
397 2564 485 2594 Rom.
506 2573 538 2598 v,
562 2571 612 2594 πρ,
631 2578 671 2584 -
686 2568 698 2583 ²
717 2561 795 2593 Vide.
808 2572 918 2603 snpra,
938 2561 993 2593 lib.
1012 2573 1035 2603 1,
1054 2573 1126 2604 cap.
1147 2573 1175 2595 ι.
