1784 3205
318 244 400 283 252
751 257 784 282 s.
820 253 1049 281 AUGUSTINI
1082 252 1262 280 Emscom

319 326 407 367 Deo
425 320 583 381 gaudet
600 329 798 378 auctore,
814 317 933 379 quod
953 328 1097 363 autem
1117 318 1236 378 impii
1253 328 1369 374 sunt,
1390 319 1443 363 ad
1456 318 1699 364 studiorum

295 412 300 421 ·
317 396 590 454 pravitatem,
609 409 707 453 quae
723 392 958 451 unicuique
970 392 1024 434 (16
1036 390 1173 435 libera
1185 391 1411 435 voluntate
1425 391 1653 449 contingit.
1678 410 1697 431 υ

374 466 581 509 XXVIII.
620 465 694 508 His
721 463 939 516 omuibus,
969 477 1067 522 quae
1093 470 1181 505 tam
1210 460 1349 505 multa
1373 460 1495 515 dixit,
1526 476 1701 520 respon-

317 537 469 582 demus
494 556 502 581 :
527 536 637 580 nihil
668 534 823 579 divinis
853 534 1131 588 testimoniis,
1163 548 1261 594 quae
1291 533 1578 592 interposuit,
1615 547 1704 577 esse

317 607 484 653 dictum
507 608 561 651 de
582 605 786 666 pudenda
807 605 1011 660 libidine,
1037 621 1170 665 quam
1195 604 1378 648 dicimus
1400 620 1489 647 nou
1511 603 1641 647 fuisse
1660 604 1705 647 in

317 693 497 737 corpore
520 679 764 732 beatorum,
790 677 968 736 quando
986 676 1091 720 nudi
1111 685 1250 730 erant,
1273 685 1315 719 et
1343 691 1431 719 non
1456 674 1704 719 confunde-

321 750 516 793 bantur1.
543 750 653 793 Nam
676 748 866 807 primum
884 746 991 790 illud
1008 746 1202 806 Apostoli
1217 746 1272 789 de
1293 746 1526 789 seminibus
1541 745 1705 789 dictum

317 828 380 863 est
409 817 745 872 frumentorum,
772 834 871 876 quae
895 818 1012 877 prius
1036 819 1284 861 moriuntur
1305 826 1353 860 ut
1374 816 1648 860 vivificentur
1669 819 1702 860 ².

318 893 458 943 Quam
477 890 734 933 sententiam
753 888 915 933 scilicet
933 888 1229 947 apostolicam,
1247 903 1336 947 quo
1353 887 1529 932 consilio
1546 887 1705 941 nescio,

320 961 459 1004 noluit
478 961 555 1004 iste
573 960 814 1019 complere·⁷
832 975 933 1003 nam
954 974 1046 1003 eam
1070 960 1156 1003 huc
1174 974 1312 1017 usquc
1330 958 1705 1002 commemoravit:

323 1051 343 1074 «
368 1031 577 1091 Insipiens
607 1041 653 1075 tu
671 1067 681 1085 ,
705 1031 825 1091 quod
844 1031 1027 1074 seminas
1047 1046 1134 1073 non
1153 1030 1412 1074 vivificatur.
1438 1048 1456 1069 »
1478 1027 1710 1087 Apostolus

319 1112 464 1146 autem
502 1102 622 1146 addit
654 1122 662 1146 ;
693 1122 711 1143 «
738 1102 817 1145 nisi
848 1101 1071 1145 moriatur.
1103 1120 1120 1142 »
1151 1101 1233 1145 Sed
1263 1101 1342 1144 iste
1364 1108 1577 1161 quantum
1602 1101 1711 1143 exis-

321 1175 441 1228 timo,
469 1173 589 1232 quod
618 1175 672 1217 de
701 1173 929 1217 frumentis
957 1173 1125 1217 dictum
1149 1182 1227 1227 est,
1255 1172 1309 1216 de
1333 1172 1527 1215 humano
1550 1171 1712 1215 semine

320 1245 455 1302 accipi
478 1243 618 1288 voluit
642 1243 696 1287 ab
722 1244 780 1286 eis
806 1243 881 1302 qui
904 1238 997 1286 haec
1021 1243 1190 1301 legunt,
1220 1252 1263 1286 et
1286 1243 1526 1301 Scripturas
1547 1250 1713 1286 sanctas

320 1314 388 1358 vel
421 1314 646 1366 nesciunt,
680 1313 748 1358 vel
785 1328 873 1357 non
904 1313 1203 1358 recordantur.
1236 1314 1431 1372 Denique
1456 1329 1545 1357 non
1573 1312 1713 1356 solum

321 1388 444 1431 istam
467 1387 724 1430 sententiam
748 1385 1013 1439 decurtavit,
1040 1395 1088 1429 ut
1113 1400 1200 1429 non
1223 1383 1425 1439 adderet,
1453 1385 1531 1428 nisi
1554 1385 1714 1428 moria-

326 1468 393 1501 tur
421 1477 429 1502 ;
464 1473 616 1502 verum
655 1457 784 1500 etiam
817 1455 1044 1515 sequentia
1088 1455 1364 1514 praetermisit
1383 1490 1393 1509 ,
1433 1455 1509 1499 ubi
1546 1455 1715 1514 aperuit

323 1527 556 1587 Apostolus
592 1527 647 1570 de
688 1527 848 1587 quibus
890 1525 1128 1570 seminibus
1171 1526 1440 1586 loqueretur.
1487 1526 1559 1569 Ait
1600 1526 1715 1568 enim

325 1598 557 1658 Apostolus
586 1618 594 1643 2
620 1600 675 1642 Et
696 1598 816 1657 quod
837 1598 1020 1641 seminas
1036 1632 1046 1652 ,
1075 1613 1164 1643 non
1192 1613 1350 1656 corpus
1370 1597 1492 1657 quod
1515 1595 1716 1641 futurum

325 1679 388 1714 est
415 1669 614 1724 seminas,
646 1668 721 1712 sed
750 1668 918 1712 nudum
943 1683 1125 1726 granum
1156 1667 1246 1711 fere
1275 1668 1420 1721 tritici,
1447 1676 1522 1711 aut
1538 1666 1719 1726 alicujus

325 1749 596 1784 caeterorum.
633 1741 707 1784 His
733 1739 1044 1799 praetermissis,
1073 1740 1152 1783 iste
1180 1739 1403 1783 contexuit
1422 1737 1542 1797 quod
1560 1736 1719 1781 deinde

326 1811 431 1856 dicit
448 1810 680 1871 Apostolus
708 1830 716 1855 ;
737 1814 850 1854 Deus
873 1819 1020 1854 autem
1043 1809 1105 1853 illi
1124 1808 1199 1854 dat
1216 1825 1372 1868 corpus
1390 1817 1517 1868 prout
1534 1808 1655 1863 vult,
1677 1817 1720 1852 et

326 1883 565 1942 unicuique
593 1881 804 1926 seminum
827 1882 1054 1940 proprium
1079 1896 1235 1939 corpus
1266 1899 1273 1924 :
1303 1890 1511 1939 tanquam
1535 1879 1589 1922 de
1611 1894 1720 1923 con-

327 1953 558 1998 cumbente
581 1954 757 1997 homine
784 1952 940 1996 dixerit
975 1951 1224 2009 Apostolus,
1264 1952 1474 2010 Insipiens
1506 1959 1568 2004 tu,
1599 1949 1719 2010 quod

329 2025 510 2068 seminas
528 2040 616 2068 nou
634 2024 878 2068 vivificatur
900 2043 907 2067 :
931 2032 978 2066 ut
1000 2021 1340 2079 intelligeremus
1364 2037 1452 2065 nou
1471 2022 1525 2064 ab
1545 2021 1721 2065 homine

329 2095 567 2138 concubitu
585 2094 694 2137 filios
711 2094 951 2137 seminante
966 2127 976 2146 ,
998 2093 1072 2136 sed
1091 2108 1114 2136 a
1138 2095 1226 2136 Deo
1245 2092 1453 2136 vivificari
1471 2107 1618 2135 semen
1635 2092 1721 2135 hu-

331 2179 524 2208 manum.
554 2164 621 2208 Sic
644 2164 758 2207 enim
780 2164 920 2206 fuerat
944 2161 1201 2219 praelocutus
1224 2181 1232 2205 :
1257 2181 1275 2202 «
1302 2163 1405 2220 quia
1429 2161 1627 2220 voluptas
1649 2161 1721 2206 illa

333 2250 420 2279 non
439 2233 583 2293 explet
604 2234 863 2292 operationis
883 2234 1039 2287 vicem,
1065 2232 1140 2276 sed
1163 2232 1217 2275 de
1240 2231 1448 2276 thesauris
1471 2241 1639 2275 naturae
1662 2231 1724 2275 os·

333 2305 417 2349 fert
443 2307 545 2360 Deo,
572 2303 689 2348 unde
708 2303 780 2347 ille
803 2304 1027 2347 hominem
1049 2302 1255 2361 dignetur
1279 2303 1464 2361 operari.
1492 2321 1511 2343 »
1538 2304 1594 2346 Et
1617 2302 1723 2345 sub-

331 2376 472 2435 junxit
490 2376 801 2429 testimonium,
823 2375 944 2434 quasi
960 2375 1043 2417 hoc
1062 2372 1219 2417 dixerit
1237 2372 1471 2431 Apostolus
1488 2391 1496 2417 :
1516 2372 1725 2431 Insipiens

337 2455 400 2499 tu,
426 2444 543 2504 quod
566 2445 748 2489 seminas
771 2460 859 2489 non
883 2445 1141 2498 vivificatur,
1168 2444 1250 2487 hoc
1271 2452 1349 2498 est,
1375 2458 1463 2486 non
1483 2458 1504 2486 a
1524 2452 1565 2486 te
1583 2442 1725 2487 vivifi-

335 2526 474 2571 catur,
506 2514 580 2560 sed
610 2517 831 2559 hominem
857 2517 911 2559 de
935 2525 1012 2560 tuo
1037 2515 1200 2559 semine
1228 2518 1339 2558 Deus
1368 2524 1599 2573 operatur:
1626 2524 1723 2558 tan-

389 2610 394 2623 ¹
417 2609 498 2641 nen.
515 2612 550 2642 ιι,
572 2601 625 2633 25.
642 2618 680 2623 —-
696 2607 706 2623 ²
732 2612 741 2633 1
768 2602 838 2632 Cor.
862 2610 916 2641 xv,
939 2600 990 2631 36.
