1784 3205
301 245 380 280 152
724 257 755 280 s.
793 253 1019 280 AUGVSTINI
1053 253 1232 278 ammom

296 320 525 365 obnoxiam
570 335 656 364 non
701 320 833 364 teneri
854 355 864 374 ‚
912 321 1019 363 tucri
1061 328 1103 362 et
1145 317 1367 362 defensare
1408 320 1636 377 persistunt
1660 353 1669 369 ,

295 390 490 450 quamvis
518 390 575 434 eis
607 390 865 448 baptismum
897 389 1124 432 videantur
1148 389 1191 431 in
1221 397 1496 447 peccatorum
1523 388 1674 431 remis-

294 462 457 505 sionem
473 459 724 504 concedere.
746 460 907 518 Nempe
920 460 999 518 ipsi
1016 476 1036 503 a
1049 458 1220 516 Pelagio
1233 474 1307 502 vos
1321 467 1530 517 praesente
1541 458 1674 517 scrip-

294 531 402 574 sistis
424 531 608 585 audisse,
635 531 839 574 recitante
858 530 978 573 vobis
1001 529 1055 573 de
1083 528 1231 573 libello
1260 544 1354 582 suo,
1387 543 1517 587 quem
1543 528 1672 571 etiam

295 606 477 646 Romam
505 617 548 644 se
581 601 740 644 misisse
767 601 1003 655 asserebat,
1034 600 1153 660 quod
1191 620 1209 640 «
1239 599 1389 642 iisdem
1421 599 1675 643 sacramenti

293 673 452 715 debere
466 672 602 715 verbis
617 671 761 715 dicant
776 672 982 730 baptizari
995 670 1195 724 infantes,
1213 670 1371 730 quibus
1386 679 1428 713 et
1444 671 1671 729 majores.»

293 742 393 795 Quis
416 751 512 801 post
535 740 606 784 illa
628 741 758 785 verba
785 751 977 800 putaret,
1003 742 1062 784 eis
1084 741 1138 785 de
1162 742 1243 785 hac
1266 757 1310 784 re
1335 740 1467 784 ullam
1491 755 1674 785 moven-

292 813 391 856 dam
419 828 508 856 esse
536 813 819 872 quaestionem
840 816 857 856 Ρ
878 822 953 856 aut
974 828 1072 856 cum
1101 812 1276 866 faceret,
1302 813 1372 856 cui
1396 827 1483 855 non
1506 812 1674 856 calum-

291 883 555 927 niosissimus
572 882 807 938 videretur,
829 883 861 926 si
883 898 970 927 non
992 898 1139 927 eorum
1163 882 1389 926 manifesta
1410 882 1542 926 verba
1563 882 1677 940 lege-

291 963 456 1008 rentur,
484 953 558 996 ubi
585 963 747 1012 negant
770 953 972 1012 parvulos
998 954 1166 998 trahere
1193 951 1402 1011 originale
1431 961 1673 1012 peccatum,

290 1038 532 1083 omnesque
554 1024 644 1067 sine
665 1022 756 1067 ullo
780 1024 884 1068 vitio
907 1033 1030 1068 natos
1053 1039 1141 1067 esse
1164 1023 1472 1068 contendunt?

352 1096 410 1136 11.
442 1096 499 1136 Et
520 1092 748 1138 Coelestius
773 1094 948 1152 quidem
972 1094 1016 1137 in
1040 1094 1122 1138 hoc
1145 1094 1283 1138 extitit
1305 1110 1447 1138 errore
1470 1093 1647 1138 liberior
1662 1129 1672 1148 ‚

290 1179 426 1222 usque
448 1163 572 1217 adeo,
600 1172 648 1206 ut
665 1179 806 1222 neque
824 1165 868 1206 in
888 1164 1118 1223 episcopali
1131 1164 1297 1223 judicio
1315 1164 1430 1222 apud
1449 1164 1676 1221 Carthagi-

289 1249 388 1276 nem
410 1233 616 1276 damnare
637 1232 822 1277 voluerit
846 1249 932 1288 eos,
959 1235 1034 1293 qui
1060 1235 1211 1278 dicunt
1233 1254 1241 1278 z
1263 1254 1280 1274 «
1303 1234 1431 1287 Quod
1452 1243 1675 1293 peccatum

289 1302 545 1361 Adaeipsum
563 1303 700 1346 solum
716 1302 889 1357 laeserit,
908 1313 950 1347 et
966 1320 1052 1347 non
1071 1320 1204 1362 genus
1219 1305 1458 1348 humanum
1473 1327 1483 1362 3
1499 1314 1540 1348 et
1555 1304 1675 1364 quod

288 1373 474 1416 infantes
492 1373 567 1432 qui
586 1383 837 1427 nascuntur,
860 1375 903 1416 in
929 1390 978 1418 eo
996 1384 1110 1418 statu
1131 1376 1232 1430 sint,
1258 1376 1302 1418 in
1325 1391 1412 1433 quo
1431 1375 1568 1419 Adam
1592 1376 1677 1420 fuit

289 1453 387 1486 ante
412 1444 822 1501 praevaricationem.
847 1463 864 1484 n
899 1447 953 1488 Et
980 1445 1023 1487 in
1046 1446 1155 1488 urbe
1180 1449 1316 1489 Roma
1340 1445 1384 1488 in
1408 1445 1557 1489 libello
1578 1461 1672 1499 suo,

289 1527 417 1571 quem
449 1513 693 1556 beatissimo
724 1529 846 1572 papae
880 1517 1053 1558 Zozimo
1083 1515 1219 1570 dedit,
1250 1515 1294 1558 id
1321 1516 1576 1560 asseveravit
1599 1531 1675 1559 ex-

290 1583 497 1642 pressius,
536 1602 554 1624 «
573 1584 692 1642 quod
721 1577 1001 1642 parvulorum
1031 1586 1247 1628 neminem
1283 1586 1523 1644 obstringat
1548 1587 1677 1643 origi-

292 1652 388 1696 nale
410 1663 633 1712 peccatum
653 1657 681 1697 ¹.
706 1675 721 1695 »
752 1658 812 1698 De
838 1655 962 1712 gestis
989 1656 1101 1698 enim
1127 1655 1421 1700 ecclesiasticis
1448 1657 1674 1715 Carthagi-

292 1724 497 1768 nensibus
522 1725 612 1768 haec
635 1725 726 1784 ejus
750 1726 880 1768 verba
904 1725 1222 1784 descripsimus.

352 1796 432 1837 III.
460 1814 478 1834 «
505 1794 702 1838 Aurelius
737 1796 963 1855 episcopus
998 1795 1103 1840 dixit
1126 1816 1134 1841 ;
1158 1797 1391 1856 Sequentia
1420 1798 1671 1842 recitentur.

293 1867 348 1908 Et
373 1865 598 1909 recitatum
623 1875 701 1919 est,
728 1866 853 1918 Quod
880 1876 1105 1924 peccatum
1133 1866 1238 1910 Adae
1263 1868 1341 1926 ipsi
1365 1867 1442 1911 soli
1467 1868 1672 1924 obfuerit,

293 1943 335 1977 et
352 1949 438 1977 non
457 1935 602 1991 generi
617 1935 821 1979 humano.
849 1938 905 1979 Et
926 1952 1026 1979 cum
1048 1937 1274 1980 recitatum
1299 1947 1422 1991 esset,
1449 1937 1676 1982 Coelestius

293 2003 423 2047 dixit:
442 2004 535 2046 Dixi
556 2004 610 2047 de
633 2005 810 2049 traduce
834 2006 998 2063 peccati
1021 2005 1204 2049 dubium
1230 2022 1298 2049 me
1320 2022 1424 2061 esse,
1450 2008 1507 2050 ita
1532 2016 1675 2051 tamen

296 2083 342 2117 ut
363 2074 433 2116 cui
455 2074 633 2118 donavit
655 2077 766 2118 Deus
788 2077 964 2132 gratiam
990 2077 1154 2134 peritiae
1180 2078 1467 2134 consentiam3
1489 2079 1588 2137 quia
1607 2079 1675 2121 di-

294 2159 412 2186 versa
435 2143 489 2186 ab
513 2144 571 2186 eis
593 2145 754 2198 audivi,
781 2146 853 2204 qui
877 2146 1029 2204 utique
1048 2146 1091 2188 in
1114 2146 1303 2189 Ecclesia
1324 2147 1532 2191 catholica
1552 2163 1675 2192 cons-

296 2214 410 2256 tituti
440 2223 539 2257 sunt
567 2214 822 2272 presbyteri.
855 2214 1060 2259 Paulinus
1083 2215 1288 2260 diaconus
1309 2216 1414 2261 dixit
1447 2220 1538 2275 (11)
1564 2238 1572 2263 ;
1602 2219 1674 2263 [)10

294 2283 417 2326 nobis
445 2284 622 2327 nomina
642 2285 849 2343 ipsorum.
876 2284 1104 2329 Coelestius
1128 2286 1233 2329 dixit
1255 2307 1262 2330 :
1287 2289 1467 2331 Sanctus
1489 2289 1674 2346 presby-

297 2363 358 2395 ter
388 2353 568 2396 Rufinus
595 2356 688 2411 (12)
716 2358 867 2398 Romae
894 2357 967 2415 qui
995 2357 1150 2400 mansit
1177 2371 1274 2399 cum
1305 2367 1452 2401 sancto
1482 2361 1674 2403 Pamma-

294 2423 391 2466 chio
414 2439 518 2480 :ego
541 2424 685 2467 audivi
708 2424 827 2468 illum
851 2424 1084 2481 dicentem,
1110 2427 1210 2486 quia
1227 2427 1381 2471 tradux
1403 2429 1567 2487 peccati
1587 2445 1674 2473 non

347 2531 355 2543 ¹
373 2524 508 2555 Libellus
523 2526 646 2557 zozimo
662 2527 750 2558 datus
767 2538 782 2558 a
798 2528 954 2560 Cnflestio.
967 2545 1004 2553 -η
1022 2536 1033 2550 ²
1050 2532 1122 2560 Pars
1135 2533 1277 2560 actorum
1299 2529 1549 2571 Carthaginensis
1563 2530 1674 2572 judicii

295 2585 403 2613 contra
423 2581 612 2614 (antestium.
