1784 3205
323 250 405 288 366
761 258 794 286 s.
828 258 1058 286 Aucus‘nm
1091 258 1271 286 nmscopx

319 325 590 379 hominibus,
619 339 709 368 non
731 339 827 368 sum
852 337 979 366 ausus
1005 321 1169 381 aliquid
1196 320 1398 376 definire,
1423 321 1525 379 quia
1554 319 1696 364 fateor

320 410 389 439 me
403 395 590 439 nescire:
612 393 795 438 alterum
807 428 817 447 ,
838 391 957 452 quod
978 392 1165 436 animam
1183 391 1289 436 scire
1306 406 1376 435 me
1392 391 1481 434 dixi
1500 390 1698 449 spiritum

277 509 281 512 ,
320 480 430 518 esse,
464 480 553 509 non
581 479 750 522 corpus.
785 461 869 507 Sed
898 462 944 505 in
972 463 1055 506 hoc
1089 461 1224 506 altero
1252 461 1340 505 duo
1361 460 1697 519 reprehendisti,

320 550 483 590 unum,
518 533 639 593 quod
665 548 753 577 non
781 547 875 576 eam
907 531 1127 576 crederem
1161 547 1317 591 corpus
1343 545 1458 587 esse,
1490 529 1696 583 alterum,

319 605 439 664 quod
460 620 553 648 eam
577 605 776 663 spiritum
793 601 1028 646 crederem.
1052 602 1148 646 Tibi
1167 603 1283 645 enim
1299 600 1472 645 videtur
1486 611 1529 645 et
1543 613 1700 659 corpus

319 690 408 719 esse
437 676 650 729 animam,
677 684 719 718 et
746 689 835 718 non
867 688 955 717 esse
982 673 1196 732 spiritum.
1233 671 1348 716 Audi
1374 671 1506 729 igitur
1539 684 1699 729 purga-

319 745 481 788 tionem
499 759 638 788 meam
656 753 806 789 contra
824 743 1202 803 reprehensionem
1223 751 1343 786 tuam
1359 775 1370 795 ,
1395 750 1438 784 et
1458 755 1508 783 ex
1531 741 1611 784 hac
1625 755 1699 784 oc-

317 814 487 858 casione
509 830 595 873 qua
623 829 692 858 me
714 814 791 858 tibi
815 828 979 872 purgo,
1010 812 1056 855 in
1082 821 1124 856 te
1144 813 1237 870 ipso
1261 810 1377 855 disce
1407 825 1504 869 quae
1525 824 1694 868 purges.

318 883 477 928 Recole
498 884 629 928 verba
644 884 743 927 libri
763 884 845 938 tui,
871 884 949 927 ubi
967 898 1035 926 me
1053 883 1250 941 primitus
1270 881 1517 926 nominasti.
1543 899 1563 922 «
1585 880 1696 935 Scio,

319 955 461 1013 inquis
477 989 486 1007 ,
516 954 744 1013 plerosque
775 963 818 997 et
841 952 966 998 facile
994 953 1272 1011 peritissimos
1300 951 1436 1006 viros,
1461 951 1637 1009 insuper
1658 957 1702 993 et

318 1023 536 1069 consultos
556 1027 741 1069 tenuisse
755 1024 969 1068 silentium
980 1059 991 1079 ,
1015 1034 1088 1068 aut
1105 1024 1213 1067 nihil
1231 1022 1469 1081 expressius
1484 1021 1674 1065 elocutos
1686 1054 1697 1075 ‚

317 1109 417 1137 cum
430 1095 727 1139 definitionem
744 1094 1107 1153 disputationibus
1124 1095 1210 1137 suis
1222 1094 1423 1138 inchoata
1436 1091 1700 1151 expositione

317 1163 644 1221 subtraherent,
669 1164 796 1207 sicuti
825 1178 965 1221 nuper
987 1164 1104 1221 apud
1136 1172 1178 1207 te
1201 1162 1435 1221 Augustini
1465 1159 1700 1206 doctissimi

318 1233 396 1278 viri
412 1235 719 1293 praedicatique
732 1233 921 1292 episcopi
936 1235 1298 1291 comprehensum
1314 1233 1465 1276 litteris
1481 1231 1670 1276 lectitavi
1687 1249 1697 1275 ε

317 1304 552 1348 modestius
585 1304 785 1363 quidem,
812 1313 861 1347 ut
890 1318 1011 1358 reor,
1041 1318 1090 1347 ac
1120 1303 1406 1347 verecundius
1436 1303 1615 1362 hujusce
1637 1301 1699 1345 rei

317 1386 472 1417 arcana
489 1374 691 1417 rimantes
708 1409 718 1428 ,
742 1373 854 1417 intra
878 1389 922 1417 se
942 1374 1055 1432 ipsos
1074 1381 1280 1417 tractatus
1302 1372 1368 1416 sui
1390 1373 1614 1417 devorasse
1625 1373 1700 1431 ju-

316 1442 477 1487 dicium
495 1478 505 1498 ,
532 1459 676 1502 neque
698 1458 741 1486 se
760 1458 884 1502 posse
906 1458 955 1486 ex
976 1443 1078 1486 hinc
1101 1442 1265 1501 aliquid
1289 1442 1576 1487 determinare
1597 1457 1699 1501 pro-

316 1513 462 1557 fessos.
493 1510 583 1557 Sed
600 1513 704 1556 mihi
727 1512 854 1557 crede
870 1548 880 1566 ,
912 1513 1011 1557 satis
1033 1527 1249 1572 superque
1270 1512 1441 1557 videtur
1462 1511 1698 1556 absurdum

317 1589 447 1640 atque
476 1582 767 1640 incongruum
798 1582 976 1636 rationi,
1005 1590 1054 1625 ut
1075 1582 1206 1626 homo
1228 1583 1317 1640 ipse
1342 1596 1489 1641 expers
1521 1581 1587 1625 sui
1615 1582 1695 1635 sit,

317 1661 392 1695 aut
409 1653 441 1696 is
461 1653 536 1711 qui
559 1668 702 1695 rerum
723 1652 919 1696 omnium
941 1652 1130 1695 creditur
1147 1652 1329 1710 adeptus
1352 1667 1441 1695 esse
1467 1652 1666 1696 notitiam
1684 1686 1694 1706 ‚

314 1721 394 1764 sibi
424 1722 503 1780 ipsi
531 1721 742 1765 habeatur
775 1722 964 1779 ignotus.
1005 1721 1120 1774 Quid
1153 1730 1297 1765 autem
1329 1720 1477 1764 differt
1513 1722 1644 1765 homo
1674 1736 1698 1765 a

314 1807 491 1850 pecore,
523 1794 557 1836 si
591 1793 725 1837 nescit
758 1792 812 1836 de
842 1808 916 1836 sua
952 1792 1161 1851 qualitate
1193 1802 1434 1851 naturaque
1461 1792 1699 1852 disquirere

315 1871 445 1922 atque
466 1863 670 1907 disserere
684 1899 694 1918 ,
720 1872 768 1907 ut
787 1864 940 1907 merito
963 1864 1008 1906 in
1030 1862 1154 1906 illum
1177 1864 1405 1907 conveniat
1424 1863 1545 1922 quod
1561 1863 1698 1921 scrip-

316 1942 409 1976 tum
435 1943 524 1988 est,
561 1953 581 1975 «
607 1936 748 1978 Homo
776 1949 877 1977 cum
907 1942 1016 1978 esset
1042 1933 1087 1976 in
1118 1934 1282 1977 honore
1298 1968 1308 1987 ,
1344 1949 1433 1978 non
1456 1932 1695 1988 intellexit,

318 2021 338 2044 »
360 2004 615 2048 assimilatus
637 2014 697 2048 est
715 2005 945 2063 jumentis,
971 2015 1013 2048 et
1035 2013 1308 2063 comparatus
1330 2012 1393 2047 est
1417 2003 1510 2047 eis¹.
1535 2021 1554 2044 »
1588 2005 1697 2048 Nam

315 2087 416 2115 cum
439 2076 552 2116 Deus
578 2074 717 2117 bonus
749 2074 856 2117 nihil
879 2089 968 2118 non
990 2074 1155 2117 ratione
1178 2072 1444 2128 condiderit,
1467 2073 1697 2132 ipsumque

314 2142 536 2185 hominem
563 2143 722 2186 animal
744 2142 974 2196 rationale,
999 2142 1243 2186 intellectus
1267 2157 1493 2200 capacem,
1521 2142 1696 2186 rationis

314 2221 560 2270 compotem
572 2247 582 2266 ,
599 2227 816 2271 sensuque
833 2212 1023 2256 vivacem
1036 2247 1046 2266 ,
1068 2212 1143 2271 qui
1161 2213 1305 2256 onmia
1318 2213 1493 2256 rationis
1507 2212 1695 2271 expertia

314 2282 520 2339 prudenti
550 2269 822 2326 ordinatione
851 2281 1106 2336 distribuat,
1138 2283 1447 2341 procreaverit,
1482 2281 1588 2342 quid
1610 2290 1698 2326 tam

313 2351 667 2395 inconvenienter
683 2352 775 2396 'dici
793 2361 959 2410 potest,
985 2367 1116 2411 quam
1140 2361 1188 2396 ut
1210 2367 1309 2396 eum
1330 2353 1419 2397 sola
1435 2352 1499 2396 sui
1521 2352 1697 2409 notione

313 2421 555 2465 fraudarit?
578 2426 633 2466 Et
657 2439 756 2466 cum
786 2424 994 2482 sapientia
1019 2424 1193 2479 mundi,
1224 2439 1322 2483 quae
1353 2438 1442 2468 sese
1470 2438 1608 2483 usque
1639 2421 1695 2467 ad

312 2492 402 2536 veri
428 2493 721 2552 cognitionem
743 2509 1005 2553 supervacua
1031 2494 1211 2554 quidem
1237 2494 1565 2552 investigatione
1588 2507 1692 2552 pro-

365 2584 373 2599 ¹
402 2577 480 2611 Psal.
509 2587 620 2616 xtvui,
649 2578 698 2610 13.
