<?xml version="1.0" encoding="UTF-8"?>
<!DOCTYPE html PUBLIC "-//W3C//DTD XHTML 1.0 Transitional//EN"
    "http://www.w3.org/TR/xhtml1/DTD/xhtml1-transitional.dtd">
<html xmlns="http://www.w3.org/1999/xhtml" xml:lang="en" lang="en">
 <head>
  <title>
</title>
<meta http-equiv="Content-Type" content="text/html;charset=utf-8" />
  <meta name='ocr-system' content='tesseract 3.04.00' />
  <meta name='ocr-capabilities' content='ocr_page ocr_carea ocr_par ocr_line ocrx_word'/>
</head>
<body>
  <div class='ocr_page' id='page_1' title='image "./operaomniaaccura34auguuoft_0302.png"; bbox 0 0 1784 3205; ppageno 0'>
   <div class='ocr_carea' id='block_1_1' title="bbox 315 238 1718 2625">
    <p class='ocr_par' dir='ltr' id='par_1_1' title="bbox 334 238 1278 276">
     <span class='ocr_line' id='line_1_1' title="bbox 334 238 1278 276; baseline 0 -2"><span class='ocrx_word' id='word_1_1' title='bbox 334 238 415 274; x_wconf 68' lang='lat'>292</span> <span class='ocrx_word' id='word_1_2' title='bbox 773 246 805 272; x_wconf 80' lang='lat' dir='ltr'>s.</span> <span class='ocrx_word' id='word_1_3' title='bbox 843 245 1069 275; x_wconf 64' lang='lat' dir='ltr'>Amnestum</span> <span class='ocrx_word' id='word_1_4' title='bbox 1104 247 1278 276; x_wconf 72' lang='lat' dir='ltr'>El’tsCOH</span> 
     </span>
    </p>

    <p class='ocr_par' dir='ltr' id='par_1_2' title="bbox 316 310 1718 1992">
     <span class='ocr_line' id='line_1_2' title="bbox 333 310 1711 372; baseline 0.002 -18"><span class='ocrx_word' id='word_1_5' title='bbox 333 311 521 355; x_wconf 83' lang='lat' dir='ltr'>Proinde</span> <span class='ocrx_word' id='word_1_6' title='bbox 543 311 620 354; x_wconf 90' lang='lat' dir='ltr'>iste</span> <span class='ocrx_word' id='word_1_7' title='bbox 639 310 769 356; x_wconf 89' lang='lat' dir='ltr'>homo</span> <span class='ocrx_word' id='word_1_8' title='bbox 783 310 908 354; x_wconf 88' lang='lat' dir='ltr'>valde</span> <span class='ocrx_word' id='word_1_9' title='bbox 928 310 1189 369; x_wconf 83' lang='lat' dir='ltr'>intelligens,</span> <span class='ocrx_word' id='word_1_10' title='bbox 1215 312 1284 356; x_wconf 89' lang='lat' dir='ltr'>cui</span> <span class='ocrx_word' id='word_1_11' title='bbox 1303 312 1503 372; x_wconf 90' lang='lat' dir='ltr'>displicet</span> <span class='ocrx_word' id='word_1_12' title='bbox 1524 312 1568 355; x_wconf 89' lang='lat' dir='ltr'>in</span> <span class='ocrx_word' id='word_1_13' title='bbox 1591 321 1711 357; x_wconf 85' lang='lat' dir='ltr'>tanta</span> 
     </span>
     <span class='ocr_line' id='line_1_3' title="bbox 328 379 1710 439; baseline 0.001 -15"><span class='ocrx_word' id='word_1_14' title='bbox 328 379 644 439; x_wconf 80' lang='lat' dir='ltr'><strong>profunditate,</strong></span> <span class='ocrx_word' id='word_1_15' title='bbox 669 389 712 424; x_wconf 88' lang='lat' dir='ltr'>et</span> <span class='ocrx_word' id='word_1_16' title='bbox 744 381 775 425; x_wconf 89' lang='lat' dir='ltr'>si</span> <span class='ocrx_word' id='word_1_17' title='bbox 803 395 891 424; x_wconf 90' lang='lat' dir='ltr'>non</span> <span class='ocrx_word' id='word_1_18' title='bbox 917 379 1062 435; x_wconf 88' lang='lat' dir='ltr'>docta,</span> <span class='ocrx_word' id='word_1_19' title='bbox 1087 389 1232 425; x_wconf 87' lang='lat' dir='ltr'>tamen</span> <span class='ocrx_word' id='word_1_20' title='bbox 1252 392 1377 426; x_wconf 82' lang='lat' dir='ltr'>cauta</span> <span class='ocrx_word' id='word_1_21' title='bbox 1401 391 1547 426; x_wconf 85' lang='lat' dir='ltr'>nostra</span> <span class='ocrx_word' id='word_1_22' title='bbox 1575 398 1710 426; x_wconf 86' lang='lat' dir='ltr'>cunc-</span> 
     </span>
     <span class='ocr_line' id='line_1_4' title="bbox 329 450 1711 511; baseline 0.001 -17"><span class='ocrx_word' id='word_1_23' title='bbox 329 450 450 506; x_wconf 86' lang='lat' dir='ltr'>tatio,</span> <span class='ocrx_word' id='word_1_24' title='bbox 474 450 589 495; x_wconf 86' lang='lat' dir='ltr'>dicat</span> <span class='ocrx_word' id='word_1_25' title='bbox 602 450 636 494; x_wconf 93' lang='lat' dir='ltr'>si</span> <span class='ocrx_word' id='word_1_26' title='bbox 651 459 806 509; x_wconf 83' lang='lat' dir='ltr'>potest,</span> <span class='ocrx_word' id='word_1_27' title='bbox 825 450 869 493; x_wconf 91' lang='lat' dir='ltr'>in</span> <span class='ocrx_word' id='word_1_28' title='bbox 889 450 1000 494; x_wconf 88' lang='lat' dir='ltr'>hanc</span> <span class='ocrx_word' id='word_1_29' title='bbox 1017 466 1195 510; x_wconf 86' lang='lat' dir='ltr'>poenam</span> <span class='ocrx_word' id='word_1_30' title='bbox 1209 468 1297 511; x_wconf 90' lang='lat' dir='ltr'>quo</span> <span class='ocrx_word' id='word_1_31' title='bbox 1311 452 1556 511; x_wconf 86' lang='lat' dir='ltr'>pervenerit</span> <span class='ocrx_word' id='word_1_32' title='bbox 1571 453 1711 496; x_wconf 83' lang='lat' dir='ltr'>anima</span> 
     </span>
     <span class='ocr_line' id='line_1_5' title="bbox 327 520 1713 581; baseline 0.001 -16"><span class='ocrx_word' id='word_1_33' title='bbox 327 522 497 576; x_wconf 86' lang='lat' dir='ltr'>merito,</span> <span class='ocrx_word' id='word_1_34' title='bbox 522 521 577 565; x_wconf 91' lang='lat' dir='ltr'>de</span> <span class='ocrx_word' id='word_1_35' title='bbox 595 537 679 580; x_wconf 88' lang='lat' dir='ltr'>qua</span> <span class='ocrx_word' id='word_1_36' title='bbox 705 536 833 581; x_wconf 86' lang='lat' dir='ltr'>poena</span> <span class='ocrx_word' id='word_1_37' title='bbox 857 520 1013 565; x_wconf 83' lang='lat' dir='ltr'>liberat</span> <span class='ocrx_word' id='word_1_38' title='bbox 1035 523 1170 579; x_wconf 83' lang='lat' dir='ltr'>gratia</span> <span class='ocrx_word' id='word_1_39' title='bbox 1197 523 1288 566; x_wconf 90' lang='lat' dir='ltr'>sine</span> <span class='ocrx_word' id='word_1_40' title='bbox 1312 523 1482 566; x_wconf 88' lang='lat' dir='ltr'>merito.</span> <span class='ocrx_word' id='word_1_41' title='bbox 1507 523 1642 576; x_wconf 86' lang='lat' dir='ltr'>Dicat,</span> <span class='ocrx_word' id='word_1_42' title='bbox 1664 532 1713 567; x_wconf 89' lang='lat' dir='ltr'>ut</span> 
     </span>
     <span class='ocr_line' id='line_1_6' title="bbox 326 590 1709 651; baseline 0.001 -17"><span class='ocrx_word' id='word_1_43' title='bbox 326 591 446 650; x_wconf 85' lang='lat' dir='ltr'>quod</span> <span class='ocrx_word' id='word_1_44' title='bbox 459 591 580 646; x_wconf 81' lang='lat' dir='ltr'>dixit,</span> <span class='ocrx_word' id='word_1_45' title='bbox 599 592 758 651; x_wconf 85' lang='lat' dir='ltr'>aliqua,</span> <span class='ocrx_word' id='word_1_46' title='bbox 779 592 812 635; x_wconf 90' lang='lat' dir='ltr'>si</span> <span class='ocrx_word' id='word_1_47' title='bbox 832 590 1030 647; x_wconf 80' lang='lat' dir='ltr'>valuerit,</span> <span class='ocrx_word' id='word_1_48' title='bbox 1056 595 1220 636; x_wconf 88' lang='lat' dir='ltr'>ratione</span> <span class='ocrx_word' id='word_1_49' title='bbox 1242 592 1464 636; x_wconf 88' lang='lat' dir='ltr'>defendat.</span> <span class='ocrx_word' id='word_1_50' title='bbox 1483 595 1579 637; x_wconf 90' lang='lat' dir='ltr'>Non</span> <span class='ocrx_word' id='word_1_51' title='bbox 1597 593 1709 636; x_wconf 88' lang='lat' dir='ltr'>enim</span> 
     </span>
     <span class='ocr_line' id='line_1_7' title="bbox 328 662 1713 721; baseline 0.001 -17"><span class='ocrx_word' id='word_1_52' title='bbox 328 663 409 705; x_wconf 89' lang='lat' dir='ltr'>hoc</span> <span class='ocrx_word' id='word_1_53' title='bbox 429 662 657 720; x_wconf 74' lang='lat' dir='ltr'>exigerem,</span> <span class='ocrx_word' id='word_1_54' title='bbox 684 663 762 705; x_wconf 90' lang='lat' dir='ltr'>nisi</span> <span class='ocrx_word' id='word_1_55' title='bbox 781 663 870 720; x_wconf 89' lang='lat' dir='ltr'>ipse</span> <span class='ocrx_word' id='word_1_56' title='bbox 889 662 1079 718; x_wconf 79' lang='lat' dir='ltr'>dixisset,</span> <span class='ocrx_word' id='word_1_57' title='bbox 1100 663 1220 721; x_wconf 89' lang='lat' dir='ltr'>quod</span> <span class='ocrx_word' id='word_1_58' title='bbox 1236 663 1377 707; x_wconf 85' lang='lat' dir='ltr'>anima</span> <span class='ocrx_word' id='word_1_59' title='bbox 1397 664 1603 707; x_wconf 88' lang='lat' dir='ltr'>meruerit</span> <span class='ocrx_word' id='word_1_60' title='bbox 1624 678 1713 707; x_wconf 87' lang='lat' dir='ltr'>esse</span> 
     </span>
     <span class='ocr_line' id='line_1_8' title="bbox 326 733 1712 793; baseline 0.002 -18"><span class='ocrx_word' id='word_1_61' title='bbox 326 734 560 791; x_wconf 82' lang='lat' dir='ltr'>peccatrix.</span> <span class='ocrx_word' id='word_1_62' title='bbox 584 734 706 777; x_wconf 89' lang='lat' dir='ltr'>Dicat</span> <span class='ocrx_word' id='word_1_63' title='bbox 728 733 930 778; x_wconf 89' lang='lat' dir='ltr'>meritum</span> <span class='ocrx_word' id='word_1_64' title='bbox 951 735 1059 793; x_wconf 87' lang='lat' dir='ltr'>ejus,</span> <span class='ocrx_word' id='word_1_65' title='bbox 1086 743 1231 778; x_wconf 89' lang='lat' dir='ltr'>utrum</span> <span class='ocrx_word' id='word_1_66' title='bbox 1255 734 1418 778; x_wconf 85' lang='lat' dir='ltr'>bonum</span> <span class='ocrx_word' id='word_1_67' title='bbox 1437 733 1584 788; x_wconf 81' lang='lat' dir='ltr'>fuerit,</span> <span class='ocrx_word' id='word_1_68' title='bbox 1601 750 1712 778; x_wconf 87' lang='lat' dir='ltr'>anne</span> 
     </span>
     <span class='ocr_line' id='line_1_9' title="bbox 323 802 1709 863; baseline 0.002 -18"><span class='ocrx_word' id='word_1_69' title='bbox 323 802 515 846; x_wconf 81' lang='lat' dir='ltr'>malum?</span> <span class='ocrx_word' id='word_1_70' title='bbox 540 804 581 846; x_wconf 77' lang='lat' dir='ltr'>Si</span> <span class='ocrx_word' id='word_1_71' title='bbox 605 803 788 855; x_wconf 86' lang='lat' dir='ltr'>bonum,</span> <span class='ocrx_word' id='word_1_72' title='bbox 819 819 908 863; x_wconf 89' lang='lat' dir='ltr'>quo</span> <span class='ocrx_word' id='word_1_73' title='bbox 931 805 1084 849; x_wconf 88' lang='lat' dir='ltr'>merito</span> <span class='ocrx_word' id='word_1_74' title='bbox 1107 805 1224 849; x_wconf 88' lang='lat' dir='ltr'>hono</span> <span class='ocrx_word' id='word_1_75' title='bbox 1246 805 1365 849; x_wconf 90' lang='lat' dir='ltr'>venit</span> <span class='ocrx_word' id='word_1_76' title='bbox 1388 806 1433 848; x_wconf 89' lang='lat' dir='ltr'>in</span> <span class='ocrx_word' id='word_1_77' title='bbox 1450 805 1641 849; x_wconf 73' lang='lat' dir='ltr'>malum?</span> <span class='ocrx_word' id='word_1_78' title='bbox 1666 805 1709 849; x_wconf 90' lang='lat' dir='ltr'>Si</span> 
     </span>
     <span class='ocr_line' id='line_1_10' title="bbox 324 871 1709 934; baseline 0.003 -19"><span class='ocrx_word' id='word_1_79' title='bbox 324 871 504 927; x_wconf 86' lang='lat' dir='ltr'>malum,</span> <span class='ocrx_word' id='word_1_80' title='bbox 533 872 651 916; x_wconf 91' lang='lat' dir='ltr'>unde</span> <span class='ocrx_word' id='word_1_81' title='bbox 673 873 849 934; x_wconf 85' lang='lat' dir='ltr'>aliquod</span> <span class='ocrx_word' id='word_1_82' title='bbox 871 874 1035 918; x_wconf 85' lang='lat' dir='ltr'>malum</span> <span class='ocrx_word' id='word_1_83' title='bbox 1056 876 1260 920; x_wconf 86' lang='lat' dir='ltr'>meritum</span> <span class='ocrx_word' id='word_1_84' title='bbox 1283 885 1383 920; x_wconf 88' lang='lat' dir='ltr'>ante</span> <span class='ocrx_word' id='word_1_85' title='bbox 1405 891 1533 919; x_wconf 88' lang='lat' dir='ltr'>omne</span> <span class='ocrx_word' id='word_1_86' title='bbox 1557 890 1709 934; x_wconf 82' lang='lat' dir='ltr'>pecca-</span> 
     </span>
     <span class='ocr_line' id='line_1_11' title="bbox 324 942 1708 1004; baseline 0.001 -18"><span class='ocrx_word' id='word_1_87' title='bbox 324 945 445 986; x_wconf 75' lang='lat' dir='ltr'>tum?</span> <span class='ocrx_word' id='word_1_88' title='bbox 469 947 579 987; x_wconf 90' lang='lat' dir='ltr'>ltem</span> <span class='ocrx_word' id='word_1_89' title='bbox 608 942 707 988; x_wconf 89' lang='lat' dir='ltr'>dico</span> <span class='ocrx_word' id='word_1_90' title='bbox 723 979 733 999; x_wconf 93' lang='lat'>,</span> <span class='ocrx_word' id='word_1_91' title='bbox 759 945 801 988; x_wconf 91' lang='lat' dir='ltr'>Si</span> <span class='ocrx_word' id='word_1_92' title='bbox 825 945 1008 1000; x_wconf 84' lang='lat' dir='ltr'>bonum,</span> <span class='ocrx_word' id='word_1_93' title='bbox 1034 961 1123 990; x_wconf 90' lang='lat' dir='ltr'>non</span> <span class='ocrx_word' id='word_1_94' title='bbox 1145 961 1246 1004; x_wconf 84' lang='lat' dir='ltr'>ergo</span> <span class='ocrx_word' id='word_1_95' title='bbox 1263 961 1357 989; x_wconf 85' lang='lat' dir='ltr'>eam</span> <span class='ocrx_word' id='word_1_96' title='bbox 1379 945 1524 1004; x_wconf 80' lang='lat' dir='ltr'>gratis,</span> <span class='ocrx_word' id='word_1_97' title='bbox 1549 944 1624 988; x_wconf 89' lang='lat' dir='ltr'>sed</span> <span class='ocrx_word' id='word_1_98' title='bbox 1641 960 1708 988; x_wconf 90' lang='lat' dir='ltr'>se-</span> 
     </span>
     <span class='ocr_line' id='line_1_12' title="bbox 323 1013 1708 1074; baseline 0.002 -19"><span class='ocrx_word' id='word_1_99' title='bbox 323 1013 517 1056; x_wconf 87' lang='lat' dir='ltr'>cundum</span> <span class='ocrx_word' id='word_1_100' title='bbox 537 1013 735 1057; x_wconf 86' lang='lat' dir='ltr'>debitum</span> <span class='ocrx_word' id='word_1_101' title='bbox 758 1013 914 1058; x_wconf 87' lang='lat' dir='ltr'>liberat</span> <span class='ocrx_word' id='word_1_102' title='bbox 931 1016 1080 1072; x_wconf 83' lang='lat' dir='ltr'>gratia,</span> <span class='ocrx_word' id='word_1_103' title='bbox 1105 1017 1227 1074; x_wconf 84' lang='lat' dir='ltr'>cujus</span> <span class='ocrx_word' id='word_1_104' title='bbox 1259 1016 1473 1074; x_wconf 69' lang='lat' dir='ltr'>praecessit</span> <span class='ocrx_word' id='word_1_105' title='bbox 1505 1015 1708 1058; x_wconf 88' lang='lat' dir='ltr'>meritum</span> 
     </span>
     <span class='ocr_line' id='line_1_13' title="bbox 322 1083 1707 1144; baseline 0.001 -18"><span class='ocrx_word' id='word_1_106' title='bbox 322 1083 488 1127; x_wconf 87' lang='lat' dir='ltr'>bonum</span> <span class='ocrx_word' id='word_1_107' title='bbox 514 1102 523 1128; x_wconf 88' lang='lat'>:</span> <span class='ocrx_word' id='word_1_108' title='bbox 549 1099 597 1128; x_wconf 86' lang='lat' dir='ltr'>ac</span> <span class='ocrx_word' id='word_1_109' title='bbox 619 1084 678 1128; x_wconf 83' lang='lat' dir='ltr'>sic</span> <span class='ocrx_word' id='word_1_110' title='bbox 703 1085 838 1143; x_wconf 80' lang='lat' dir='ltr'>gratia</span> <span class='ocrx_word' id='word_1_111' title='bbox 857 1087 946 1144; x_wconf 86' lang='lat' dir='ltr'>jam</span> <span class='ocrx_word' id='word_1_112' title='bbox 980 1101 1069 1129; x_wconf 92' lang='lat' dir='ltr'>non</span> <span class='ocrx_word' id='word_1_113' title='bbox 1099 1087 1180 1129; x_wconf 89' lang='lat' dir='ltr'>erit</span> <span class='ocrx_word' id='word_1_114' title='bbox 1202 1086 1351 1144; x_wconf 82' lang='lat' dir='ltr'>gratia.</span> <span class='ocrx_word' id='word_1_115' title='bbox 1381 1087 1423 1130; x_wconf 93' lang='lat' dir='ltr'>Si</span> <span class='ocrx_word' id='word_1_116' title='bbox 1446 1094 1589 1129; x_wconf 90' lang='lat' dir='ltr'>autem</span> <span class='ocrx_word' id='word_1_117' title='bbox 1615 1099 1707 1128; x_wconf 89' lang='lat' dir='ltr'>ma-</span> 
     </span>
     <span class='ocr_line' id='line_1_14' title="bbox 320 1151 1709 1215; baseline 0.003 -20"><span class='ocrx_word' id='word_1_118' title='bbox 320 1151 429 1206; x_wconf 91' lang='lat' dir='ltr'>lum,</span> <span class='ocrx_word' id='word_1_119' title='bbox 454 1169 603 1213; x_wconf 80' lang='lat' dir='ltr'>quaero</span> <span class='ocrx_word' id='word_1_120' title='bbox 625 1154 745 1214; x_wconf 88' lang='lat' dir='ltr'>quod</span> <span class='ocrx_word' id='word_1_121' title='bbox 769 1156 823 1199; x_wconf 92' lang='lat' dir='ltr'>sit</span> <span class='ocrx_word' id='word_1_122' title='bbox 846 1175 854 1199; x_wconf 82' lang='lat'>2</span> <span class='ocrx_word' id='word_1_123' title='bbox 880 1171 935 1199; x_wconf 90' lang='lat' dir='ltr'>an</span> <span class='ocrx_word' id='word_1_124' title='bbox 956 1155 1075 1215; x_wconf 88' lang='lat' dir='ltr'>quod</span> <span class='ocrx_word' id='word_1_125' title='bbox 1096 1156 1215 1200; x_wconf 87' lang='lat' dir='ltr'>venit</span> <span class='ocrx_word' id='word_1_126' title='bbox 1236 1156 1282 1199; x_wconf 94' lang='lat' dir='ltr'>in</span> <span class='ocrx_word' id='word_1_127' title='bbox 1306 1171 1495 1211; x_wconf 86' lang='lat' dir='ltr'>carnem,</span> <span class='ocrx_word' id='word_1_128' title='bbox 1514 1172 1604 1215; x_wconf 89' lang='lat' dir='ltr'>quo</span> <span class='ocrx_word' id='word_1_129' title='bbox 1621 1171 1709 1200; x_wconf 90' lang='lat' dir='ltr'>non</span> 
     </span>
     <span class='ocr_line' id='line_1_15' title="bbox 319 1224 1709 1285; baseline 0.002 -19"><span class='ocrx_word' id='word_1_130' title='bbox 319 1224 520 1278; x_wconf 82' lang='lat' dir='ltr'>venisset,</span> <span class='ocrx_word' id='word_1_131' title='bbox 544 1224 624 1267; x_wconf 90' lang='lat' dir='ltr'>nisi</span> <span class='ocrx_word' id='word_1_132' title='bbox 647 1224 764 1283; x_wconf 86' lang='lat' dir='ltr'>apud</span> <span class='ocrx_word' id='word_1_133' title='bbox 783 1240 914 1284; x_wconf 86' lang='lat' dir='ltr'>quem</span> <span class='ocrx_word' id='word_1_134' title='bbox 942 1241 1029 1268; x_wconf 92' lang='lat' dir='ltr'>non</span> <span class='ocrx_word' id='word_1_135' title='bbox 1061 1235 1125 1269; x_wconf 86' lang='lat' dir='ltr'>est</span> <span class='ocrx_word' id='word_1_136' title='bbox 1144 1226 1347 1285; x_wconf 80' lang='lat' dir='ltr'>iniquitas</span> <span class='ocrx_word' id='word_1_137' title='bbox 1367 1227 1456 1284; x_wconf 89' lang='lat' dir='ltr'>ipse</span> <span class='ocrx_word' id='word_1_138' title='bbox 1499 1226 1709 1270; x_wconf 73' lang='lat' dir='ltr'>misisset?</span> 
     </span>
     <span class='ocr_line' id='line_1_16' title="bbox 316 1295 1708 1356; baseline 0.001 -17"><span class='ocrx_word' id='word_1_139' title='bbox 316 1296 550 1353; x_wconf 82' lang='lat' dir='ltr'><strong>Nunquam</strong></span> <span class='ocrx_word' id='word_1_140' title='bbox 569 1295 699 1353; x_wconf 84' lang='lat' dir='ltr'>igitur</span> <span class='ocrx_word' id='word_1_141' title='bbox 722 1295 801 1338; x_wconf 88' lang='lat' dir='ltr'>nisi</span> <span class='ocrx_word' id='word_1_142' title='bbox 828 1311 872 1339; x_wconf 89' lang='lat' dir='ltr'>se</span> <span class='ocrx_word' id='word_1_143' title='bbox 894 1296 937 1339; x_wconf 91' lang='lat' dir='ltr'>in</span> <span class='ocrx_word' id='word_1_144' title='bbox 962 1297 1107 1355; x_wconf 85' lang='lat' dir='ltr'>pejora</span> <span class='ocrx_word' id='word_1_145' title='bbox 1134 1297 1424 1356; x_wconf 83' lang='lat' dir='ltr'>praecipitans,</span> <span class='ocrx_word' id='word_1_146' title='bbox 1458 1297 1570 1341; x_wconf 86' lang='lat' dir='ltr'>hane</span> <span class='ocrx_word' id='word_1_147' title='bbox 1587 1312 1708 1341; x_wconf 89' lang='lat' dir='ltr'>suam</span> 
     </span>
     <span class='ocr_line' id='line_1_17' title="bbox 317 1364 1707 1426; baseline 0.002 -19"><span class='ocrx_word' id='word_1_148' title='bbox 317 1364 574 1409; x_wconf 81' lang='lat' dir='ltr'>sententiam</span> <span class='ocrx_word' id='word_1_149' title='bbox 608 1365 812 1409; x_wconf 84' lang='lat' dir='ltr'>molietur</span> <span class='ocrx_word' id='word_1_150' title='bbox 840 1375 1048 1419; x_wconf 80' lang='lat' dir='ltr'>astruere,</span> <span class='ocrx_word' id='word_1_151' title='bbox 1070 1382 1157 1426; x_wconf 86' lang='lat' dir='ltr'>qua</span> <span class='ocrx_word' id='word_1_152' title='bbox 1176 1366 1284 1410; x_wconf 85' lang='lat' dir='ltr'>dixit</span> <span class='ocrx_word' id='word_1_153' title='bbox 1304 1367 1423 1425; x_wconf 83' lang='lat' dir='ltr'>quod</span> <span class='ocrx_word' id='word_1_154' title='bbox 1453 1367 1595 1410; x_wconf 85' lang='lat' dir='ltr'>anima</span> <span class='ocrx_word' id='word_1_155' title='bbox 1616 1382 1707 1410; x_wconf 89' lang='lat' dir='ltr'>me-</span> 
     </span>
     <span class='ocr_line' id='line_1_18' title="bbox 319 1434 1708 1499; baseline 0.004 -22"><span class='ocrx_word' id='word_1_156' title='bbox 319 1434 405 1478; x_wconf 85' lang='lat' dir='ltr'>ruit</span> <span class='ocrx_word' id='word_1_157' title='bbox 423 1450 511 1479; x_wconf 87' lang='lat' dir='ltr'>esse</span> <span class='ocrx_word' id='word_1_158' title='bbox 526 1436 820 1494; x_wconf 84' lang='lat' dir='ltr'>peccatrix.Et</span> <span class='ocrx_word' id='word_1_159' title='bbox 843 1437 898 1479; x_wconf 89' lang='lat' dir='ltr'>de</span> <span class='ocrx_word' id='word_1_160' title='bbox 920 1437 986 1480; x_wconf 88' lang='lat' dir='ltr'>his</span> <span class='ocrx_word' id='word_1_161' title='bbox 1006 1437 1185 1496; x_wconf 84' lang='lat' dir='ltr'>quidem</span> <span class='ocrx_word' id='word_1_162' title='bbox 1213 1437 1423 1496; x_wconf 84' lang='lat' dir='ltr'>parvuliS,</span> <span class='ocrx_word' id='word_1_163' title='bbox 1451 1453 1638 1499; x_wconf 90' lang='lat' dir='ltr'>quorum</span> <span class='ocrx_word' id='word_1_164' title='bbox 1662 1438 1708 1482; x_wconf 93' lang='lat' dir='ltr'>in</span> 
     </span>
     <span class='ocr_line' id='line_1_19' title="bbox 318 1505 1707 1568; baseline 0.003 -20"><span class='ocrx_word' id='word_1_165' title='bbox 318 1505 534 1564; x_wconf 89' lang='lat' dir='ltr'>baptismo</span> <span class='ocrx_word' id='word_1_166' title='bbox 556 1505 739 1551; x_wconf 87' lang='lat' dir='ltr'>diluitur</span> <span class='ocrx_word' id='word_1_167' title='bbox 763 1507 970 1564; x_wconf 82' lang='lat' dir='ltr'>originale</span> <span class='ocrx_word' id='word_1_168' title='bbox 998 1518 1223 1567; x_wconf 82' lang='lat' dir='ltr'>peccatum</span> <span class='ocrx_word' id='word_1_169' title='bbox 1242 1543 1254 1563; x_wconf 95' lang='lat'>,</span> <span class='ocrx_word' id='word_1_170' title='bbox 1301 1509 1467 1553; x_wconf 91' lang='lat' dir='ltr'>invenit</span> <span class='ocrx_word' id='word_1_171' title='bbox 1500 1508 1707 1568; x_wconf 84' lang='lat' dir='ltr'>qualiter-</span> 
     </span>
     <span class='ocr_line' id='line_1_20' title="bbox 317 1576 1705 1638; baseline 0.003 -19"><span class='ocrx_word' id='word_1_172' title='bbox 317 1591 506 1635; x_wconf 85' lang='lat' dir='ltr'>cumque</span> <span class='ocrx_word' id='word_1_173' title='bbox 541 1576 662 1636; x_wconf 88' lang='lat' dir='ltr'>quod</span> <span class='ocrx_word' id='word_1_174' title='bbox 693 1577 879 1631; x_wconf 90' lang='lat' dir='ltr'>diceret,</span> <span class='ocrx_word' id='word_1_175' title='bbox 901 1578 1109 1637; x_wconf 85' lang='lat' dir='ltr'>quoniam</span> <span class='ocrx_word' id='word_1_176' title='bbox 1135 1579 1403 1636; x_wconf 73' lang='lat' dir='ltr'>praescientia</span> <span class='ocrx_word' id='word_1_177' title='bbox 1422 1579 1498 1623; x_wconf 90' lang='lat' dir='ltr'>Dei</span> <span class='ocrx_word' id='word_1_178' title='bbox 1514 1578 1705 1638; x_wconf 82' lang='lat' dir='ltr'>praedes-</span> 
     </span>
     <span class='ocr_line' id='line_1_21' title="bbox 318 1646 1706 1708; baseline 0.003 -19"><span class='ocrx_word' id='word_1_179' title='bbox 318 1646 463 1690; x_wconf 87' lang='lat' dir='ltr'>tinatis</span> <span class='ocrx_word' id='word_1_180' title='bbox 491 1647 535 1689; x_wconf 89' lang='lat' dir='ltr'>in</span> <span class='ocrx_word' id='word_1_181' title='bbox 553 1647 684 1690; x_wconf 91' lang='lat' dir='ltr'>vitam</span> <span class='ocrx_word' id='word_1_182' title='bbox 703 1656 908 1691; x_wconf 75' lang='lat' dir='ltr'>aeternam</span> <span class='ocrx_word' id='word_1_183' title='bbox 932 1647 1041 1690; x_wconf 88' lang='lat' dir='ltr'>nihil</span> <span class='ocrx_word' id='word_1_184' title='bbox 1063 1648 1212 1692; x_wconf 87' lang='lat' dir='ltr'>obesse</span> <span class='ocrx_word' id='word_1_185' title='bbox 1240 1650 1469 1707; x_wconf 82' lang='lat' dir='ltr'>potuisset,</span> <span class='ocrx_word' id='word_1_186' title='bbox 1490 1649 1706 1708; x_wconf 83' lang='lat' dir='ltr'>paulisper</span> 
     </span>
     <span class='ocr_line' id='line_1_22' title="bbox 319 1717 1718 1778; baseline 0 -16"><span class='ocrx_word' id='word_1_187' title='bbox 319 1717 461 1762; x_wconf 82' lang='lat' dir='ltr'>alieno</span> <span class='ocrx_word' id='word_1_188' title='bbox 489 1719 700 1762; x_wconf 80' lang='lat' dir='ltr'>inhaerere</span> <span class='ocrx_word' id='word_1_189' title='bbox 727 1729 922 1778; x_wconf 87' lang='lat' dir='ltr'>peccato.</span> <span class='ocrx_word' id='word_1_190' title='bbox 950 1719 1078 1771; x_wconf 86' lang='lat' dir='ltr'>Quod</span> <span class='ocrx_word' id='word_1_191' title='bbox 1107 1718 1390 1763; x_wconf 83' lang='lat' dir='ltr'>tolerabiliter</span> <span class='ocrx_word' id='word_1_192' title='bbox 1412 1720 1647 1774; x_wconf 80' lang='lat' dir='ltr'>diceretur,</span> <span class='ocrx_word' id='word_1_193' title='bbox 1672 1720 1718 1763; x_wconf 41' lang='lat' dir='ltr'>si,</span> 
     </span>
     <span class='ocr_line' id='line_1_23' title="bbox 319 1789 1705 1849; baseline 0 -17"><span class='ocrx_word' id='word_1_194' title='bbox 319 1804 406 1833; x_wconf 90' lang='lat' dir='ltr'>non</span> <span class='ocrx_word' id='word_1_195' title='bbox 432 1789 510 1833; x_wconf 90' lang='lat' dir='ltr'>iste</span> <span class='ocrx_word' id='word_1_196' title='bbox 538 1791 680 1834; x_wconf 87' lang='lat' dir='ltr'>verbis</span> <span class='ocrx_word' id='word_1_197' title='bbox 709 1791 794 1834; x_wconf 91' lang='lat' dir='ltr'>suis</span> <span class='ocrx_word' id='word_1_198' title='bbox 821 1790 1131 1849; x_wconf 85' lang='lat' dir='ltr'>implicaretur,</span> <span class='ocrx_word' id='word_1_199' title='bbox 1165 1791 1311 1834; x_wconf 87' lang='lat' dir='ltr'>dicens</span> <span class='ocrx_word' id='word_1_200' title='bbox 1353 1790 1472 1849; x_wconf 87' lang='lat' dir='ltr'>quod</span> <span class='ocrx_word' id='word_1_201' title='bbox 1498 1790 1705 1833; x_wconf 86' lang='lat' dir='ltr'>meruerit</span> 
     </span>
     <span class='ocr_line' id='line_1_24' title="bbox 317 1859 1703 1921; baseline -0.001 -17"><span class='ocrx_word' id='word_1_202' title='bbox 317 1861 458 1905; x_wconf 85' lang='lat' dir='ltr'>anima</span> <span class='ocrx_word' id='word_1_203' title='bbox 472 1877 560 1906; x_wconf 89' lang='lat' dir='ltr'>esse</span> <span class='ocrx_word' id='word_1_204' title='bbox 577 1862 795 1921; x_wconf 86' lang='lat' dir='ltr'>peccatrix</span> <span class='ocrx_word' id='word_1_205' title='bbox 811 1882 821 1919; x_wconf 75' lang='lat'><em>3</em></span> <span class='ocrx_word' id='word_1_206' title='bbox 839 1860 956 1905; x_wconf 91' lang='lat' dir='ltr'>unde</span> <span class='ocrx_word' id='word_1_207' title='bbox 972 1876 1015 1905; x_wconf 89' lang='lat' dir='ltr'>se</span> <span class='ocrx_word' id='word_1_208' title='bbox 1027 1861 1206 1906; x_wconf 89' lang='lat' dir='ltr'>omnino</span> <span class='ocrx_word' id='word_1_209' title='bbox 1225 1875 1313 1904; x_wconf 88' lang='lat' dir='ltr'>non</span> <span class='ocrx_word' id='word_1_210' title='bbox 1333 1859 1505 1914; x_wconf 86' lang='lat' dir='ltr'>liberat,</span> <span class='ocrx_word' id='word_1_211' title='bbox 1524 1860 1603 1903; x_wconf 90' lang='lat' dir='ltr'>nisi</span> <span class='ocrx_word' id='word_1_212' title='bbox 1622 1860 1703 1903; x_wconf 90' lang='lat' dir='ltr'>hoc</span> 
     </span>
     <span class='ocr_line' id='line_1_25' title="bbox 318 1931 833 1992; baseline -0.002 -18"><span class='ocrx_word' id='word_1_213' title='bbox 318 1945 417 1974; x_wconf 90' lang='lat' dir='ltr'>eum</span> <span class='ocrx_word' id='word_1_214' title='bbox 442 1931 595 1976; x_wconf 85' lang='lat' dir='ltr'>dixisse</span> <span class='ocrx_word' id='word_1_215' title='bbox 608 1932 833 1992; x_wconf 86' lang='lat' dir='ltr'>poeniteat.</span> 
     </span>
    </p>

    <p class='ocr_par' dir='ltr' id='par_1_3' title="bbox 315 1999 1702 2625">
     <span class='ocr_line' id='line_1_26' title="bbox 376 1999 1702 2060; baseline -0.002 -16"><span class='ocrx_word' id='word_1_216' title='bbox 376 2004 432 2044; x_wconf 79' lang='lat' dir='ltr'>X.</span> <span class='ocrx_word' id='word_1_217' title='bbox 461 2005 522 2045; x_wconf 90' lang='lat' dir='ltr'>De</span> <span class='ocrx_word' id='word_1_218' title='bbox 553 2002 636 2045; x_wconf 84' lang='lat' dir='ltr'>illis</span> <span class='ocrx_word' id='word_1_219' title='bbox 672 2012 817 2046; x_wconf 89' lang='lat' dir='ltr'>autem</span> <span class='ocrx_word' id='word_1_220' title='bbox 859 1999 1048 2060; x_wconf 87' lang='lat' dir='ltr'>parvulis</span> <span class='ocrx_word' id='word_1_221' title='bbox 1086 2001 1162 2060; x_wconf 84' lang='lat' dir='ltr'>qui</span> <span class='ocrx_word' id='word_1_222' title='bbox 1196 2009 1335 2044; x_wconf 88' lang='lat' dir='ltr'>morte</span> <span class='ocrx_word' id='word_1_223' title='bbox 1376 2000 1702 2059; x_wconf 84' lang='lat' dir='ltr'>praeveniuntur</span> 
     </span>
     <span class='ocr_line' id='line_1_27' title="bbox 321 2070 1701 2131; baseline 0.001 -18"><span class='ocrx_word' id='word_1_224' title='bbox 321 2071 437 2129; x_wconf 87' lang='lat' dir='ltr'>prius</span> <span class='ocrx_word' id='word_1_225' title='bbox 460 2088 588 2131; x_wconf 79' lang='lat' dir='ltr'>quam</span> <span class='ocrx_word' id='word_1_226' title='bbox 612 2073 888 2131; x_wconf 82' lang='lat' dir='ltr'>baptizentur</span> <span class='ocrx_word' id='word_1_227' title='bbox 910 2072 951 2114; x_wconf 88' lang='lat' dir='ltr'>in</span> <span class='ocrx_word' id='word_1_228' title='bbox 972 2072 1165 2125; x_wconf 88' lang='lat' dir='ltr'>Christo,</span> <span class='ocrx_word' id='word_1_229' title='bbox 1202 2087 1301 2115; x_wconf 90' lang='lat' dir='ltr'>cum</span> <span class='ocrx_word' id='word_1_230' title='bbox 1336 2070 1596 2130; x_wconf 87' lang='lat' dir='ltr'>respondere</span> <span class='ocrx_word' id='word_1_231' title='bbox 1624 2086 1701 2114; x_wconf 91' lang='lat' dir='ltr'>vo-</span> 
     </span>
     <span class='ocr_line' id='line_1_28' title="bbox 318 2141 1699 2201; baseline 0.001 -17"><span class='ocrx_word' id='word_1_232' title='bbox 318 2141 494 2196; x_wconf 87' lang='lat' dir='ltr'>luisset,</span> <span class='ocrx_word' id='word_1_233' title='bbox 526 2158 652 2187; x_wconf 88' lang='lat' dir='ltr'>ausus</span> <span class='ocrx_word' id='word_1_234' title='bbox 671 2152 734 2186; x_wconf 86' lang='lat' dir='ltr'>est</span> <span class='ocrx_word' id='word_1_235' title='bbox 759 2143 818 2186; x_wconf 90' lang='lat' dir='ltr'>eis</span> <span class='ocrx_word' id='word_1_236' title='bbox 842 2141 1093 2201; x_wconf 88' lang='lat' dir='ltr'>promittere</span> <span class='ocrx_word' id='word_1_237' title='bbox 1110 2175 1121 2195; x_wconf 89' lang='lat'>,</span> <span class='ocrx_word' id='word_1_238' title='bbox 1146 2157 1234 2185; x_wconf 90' lang='lat' dir='ltr'>non</span> <span class='ocrx_word' id='word_1_239' title='bbox 1264 2142 1404 2185; x_wconf 89' lang='lat' dir='ltr'>solum</span> <span class='ocrx_word' id='word_1_240' title='bbox 1427 2141 1671 2200; x_wconf 85' lang='lat' dir='ltr'>paradisum</span> <span class='ocrx_word' id='word_1_241' title='bbox 1688 2176 1699 2194; x_wconf 94' lang='lat'>,</span> 
     </span>
     <span class='ocr_line' id='line_1_29' title="bbox 318 2211 1696 2272; baseline -0.002 -15"><span class='ocrx_word' id='word_1_242' title='bbox 318 2228 468 2257; x_wconf 89' lang='lat' dir='ltr'>verum</span> <span class='ocrx_word' id='word_1_243' title='bbox 488 2213 618 2257; x_wconf 88' lang='lat' dir='ltr'>etiam</span> <span class='ocrx_word' id='word_1_244' title='bbox 632 2228 814 2272; x_wconf 81' lang='lat' dir='ltr'>regnum</span> <span class='ocrx_word' id='word_1_245' title='bbox 833 2211 1044 2257; x_wconf 87' lang='lat' dir='ltr'>coelorum</span> <span class='ocrx_word' id='word_1_246' title='bbox 1068 2230 1076 2255; x_wconf 91' lang='lat'>:</span> <span class='ocrx_word' id='word_1_247' title='bbox 1098 2227 1186 2256; x_wconf 90' lang='lat' dir='ltr'>non</span> <span class='ocrx_word' id='word_1_248' title='bbox 1204 2211 1425 2255; x_wconf 88' lang='lat' dir='ltr'>inveniens</span> <span class='ocrx_word' id='word_1_249' title='bbox 1440 2227 1526 2271; x_wconf 88' lang='lat' dir='ltr'>qua</span> <span class='ocrx_word' id='word_1_250' title='bbox 1546 2212 1696 2265; x_wconf 89' lang='lat' dir='ltr'>exiret,</span> 
     </span>
     <span class='ocr_line' id='line_1_30' title="bbox 316 2283 1699 2339; baseline -0.001 -13"><span class='ocrx_word' id='word_1_251' title='bbox 316 2299 371 2326; x_wconf 89' lang='lat' dir='ltr'>ne</span> <span class='ocrx_word' id='word_1_252' title='bbox 392 2286 528 2327; x_wconf 91' lang='lat' dir='ltr'>Deum</span> <span class='ocrx_word' id='word_1_253' title='bbox 547 2284 708 2328; x_wconf 87' lang='lat' dir='ltr'>animas</span> <span class='ocrx_word' id='word_1_254' title='bbox 721 2284 970 2328; x_wconf 88' lang='lat' dir='ltr'>innoeentes</span> <span class='ocrx_word' id='word_1_255' title='bbox 986 2283 1128 2327; x_wconf 89' lang='lat' dir='ltr'>dicere</span> <span class='ocrx_word' id='word_1_256' title='bbox 1144 2291 1369 2339; x_wconf 83' lang='lat' dir='ltr'>cogeretur</span> <span class='ocrx_word' id='word_1_257' title='bbox 1383 2291 1543 2325; x_wconf 84' lang='lat' dir='ltr'>aeterna</span> <span class='ocrx_word' id='word_1_258' title='bbox 1562 2290 1699 2326; x_wconf 90' lang='lat' dir='ltr'>morte</span> 
     </span>
     <span class='ocr_line' id='line_1_31' title="bbox 316 2352 1696 2414; baseline -0.001 -17"><span class='ocrx_word' id='word_1_259' title='bbox 316 2353 545 2409; x_wconf 84' lang='lat' dir='ltr'>damnare,</span> <span class='ocrx_word' id='word_1_260' title='bbox 571 2370 676 2414; x_wconf 85' lang='lat' dir='ltr'>quas</span> <span class='ocrx_word' id='word_1_261' title='bbox 691 2353 814 2398; x_wconf 91' lang='lat' dir='ltr'>nullo</span> <span class='ocrx_word' id='word_1_262' title='bbox 832 2354 986 2398; x_wconf 90' lang='lat' dir='ltr'>merito</span> <span class='ocrx_word' id='word_1_263' title='bbox 1010 2353 1280 2412; x_wconf 79' lang='lat' dir='ltr'>praecedente</span> <span class='ocrx_word' id='word_1_264' title='bbox 1293 2354 1474 2412; x_wconf 86' lang='lat' dir='ltr'>peccati,</span> <span class='ocrx_word' id='word_1_265' title='bbox 1496 2352 1613 2397; x_wconf 88' lang='lat' dir='ltr'>carni</span> <span class='ocrx_word' id='word_1_266' title='bbox 1627 2352 1696 2394; x_wconf 86' lang='lat' dir='ltr'>in·</span> 
     </span>
     <span class='ocr_line' id='line_1_32' title="bbox 316 2421 1692 2483; baseline -0.001 -16"><span class='ocrx_word' id='word_1_267' title='bbox 316 2425 416 2468; x_wconf 83' lang='lat' dir='ltr'>serit</span> <span class='ocrx_word' id='word_1_268' title='bbox 439 2426 681 2483; x_wconf 86' lang='lat' dir='ltr'>peccatrici.</span> <span class='ocrx_word' id='word_1_269' title='bbox 706 2425 787 2469; x_wconf 87' lang='lat' dir='ltr'>Sed</span> <span class='ocrx_word' id='word_1_270' title='bbox 806 2434 1046 2483; x_wconf 88' lang='lat' dir='ltr'>utcumque</span> <span class='ocrx_word' id='word_1_271' title='bbox 1063 2425 1248 2468; x_wconf 83' lang='lat' dir='ltr'>sentiens</span> <span class='ocrx_word' id='word_1_272' title='bbox 1270 2423 1376 2482; x_wconf 87' lang='lat' dir='ltr'>quid</span> <span class='ocrx_word' id='word_1_273' title='bbox 1399 2422 1500 2466; x_wconf 85' lang='lat' dir='ltr'>mali</span> <span class='ocrx_word' id='word_1_274' title='bbox 1523 2421 1692 2475; x_wconf 84' lang='lat' dir='ltr'>dixerit,</span> 
     </span>
     <span class='ocr_line' id='line_1_33' title="bbox 315 2493 1693 2553; baseline -0.004 -14"><span class='ocrx_word' id='word_1_275' title='bbox 315 2494 404 2539; x_wconf 85' lang='lat' dir='ltr'>sine</span> <span class='ocrx_word' id='word_1_276' title='bbox 431 2495 515 2539; x_wconf 89' lang='lat' dir='ltr'>ulla</span> <span class='ocrx_word' id='word_1_277' title='bbox 535 2496 693 2541; x_wconf 89' lang='lat' dir='ltr'>Christi</span> <span class='ocrx_word' id='word_1_278' title='bbox 717 2496 849 2553; x_wconf 83' lang='lat' dir='ltr'>gratia</span> <span class='ocrx_word' id='word_1_279' title='bbox 865 2496 1027 2539; x_wconf 83' lang='lat' dir='ltr'>animas</span> <span class='ocrx_word' id='word_1_280' title='bbox 1044 2494 1197 2539; x_wconf 87' lang='lat' dir='ltr'>redimi</span> <span class='ocrx_word' id='word_1_281' title='bbox 1212 2493 1491 2553; x_wconf 85' lang='lat' dir='ltr'>parvulorum</span> <span class='ocrx_word' id='word_1_282' title='bbox 1514 2494 1558 2536; x_wconf 86' lang='lat' dir='ltr'>in</span> <span class='ocrx_word' id='word_1_283' title='bbox 1572 2501 1693 2536; x_wconf 82' lang='lat' dir='ltr'>aeter·</span> 
     </span>
     <span class='ocr_line' id='line_1_34' title="bbox 318 2562 1691 2625; baseline -0.001 -17"><span class='ocrx_word' id='word_1_284' title='bbox 318 2581 416 2610; x_wconf 88' lang='lat' dir='ltr'>nam</span> <span class='ocrx_word' id='word_1_285' title='bbox 442 2566 572 2610; x_wconf 85' lang='lat' dir='ltr'>vitam</span> <span class='ocrx_word' id='word_1_286' title='bbox 599 2581 868 2625; x_wconf 78' lang='lat' dir='ltr'>regnumque</span> <span class='ocrx_word' id='word_1_287' title='bbox 885 2566 1113 2615; x_wconf 75' lang='lat' dir='ltr'>coelorum,</span> <span class='ocrx_word' id='word_1_288' title='bbox 1138 2566 1238 2609; x_wconf 90' lang='lat' dir='ltr'>etin</span> <span class='ocrx_word' id='word_1_289' title='bbox 1260 2565 1318 2609; x_wconf 89' lang='lat' dir='ltr'>eis</span> <span class='ocrx_word' id='word_1_290' title='bbox 1342 2579 1459 2622; x_wconf 77' lang='lat' dir='ltr'>posse</span> <span class='ocrx_word' id='word_1_291' title='bbox 1474 2562 1581 2608; x_wconf 87' lang='lat' dir='ltr'>solvi</span> <span class='ocrx_word' id='word_1_292' title='bbox 1603 2564 1691 2608; x_wconf 87' lang='lat' dir='ltr'>ori-</span> 
     </span>
    </p>
   </div>
  </div>
 </body>
</html>
