1784 3205
332 278 415 318 324
769 288 801 313 5.
842 280 1071 310 AuGusTtm
1105 279 1284 307 muscom

331 363 448 400 tanta
470 352 713 396 humilitate
734 348 926 401 doctori,
951 346 984 389 si
1012 343 1178 405 aliquid
1201 342 1320 387 aliud
1342 341 1594 399 disputante
1618 338 1711 393 illo,

329 440 482 471 verum
505 432 634 484 atque
652 421 756 466 utile
773 418 960 464 didicisti
981 436 988 461 ;
1014 415 1090 460 sed
1113 417 1196 459 hoc
1218 414 1324 474 quid
1354 413 1407 456 sit
1436 411 1638 471 inquiro3
1663 425 1714 453 an

329 496 442 542 forte
464 495 653 540 animam
673 507 760 537 non
781 489 979 550 spiritum
1000 502 1104 542 esse,
1123 486 1197 530 sed
1215 484 1400 543 corpus?
1423 484 1521 527 Non
1538 480 1716 540 quidem

329 581 537 625 magnum
564 564 772 608 doctrinae
795 559 1052 605 Christianae
1083 557 1267 601 arbitror
1289 568 1377 597 esse
1406 551 1717 595 detrimentum

332 636 412 680 ista
430 635 592 679 nescire
617 652 625 678 :
645 642 688 677 et
707 633 739 675 si
762 630 817 674 de
838 641 1070 687 corporum
1088 625 1318 685 generibus
1332 620 1547 666 subtiliter
1567 619 1718 678 dispu-

331 714 465 759 tetur,
490 705 573 748 hoc
607 704 768 762 majore
797 698 1055 743 difficultate
1086 710 1217 755 quam
1237 693 1424 737 utilitate
1445 689 1717 750 perdiscitur.

335 776 378 821 Si
401 784 546 819 autem
575 774 784 817 Dominus
813 768 1016 821 voluerit,
1041 775 1091 810 ut
1119 765 1173 809 ad
1199 764 1322 807 illum
1354 763 1493 821 ipsum
1518 761 1723 820 juvenem

332 846 532 899 scribam,
554 844 664 888 sicut
677 841 890 894 desidero,
910 839 971 882 ibi
984 837 1088 882 sciet
1104 836 1282 880 fortasse
1296 833 1471 877 dilectio
1489 840 1579 884 tua,
1596 830 1722 874 etiam

334 918 418 961 hoc
439 931 571 975 quam
602 929 689 958 non
712 923 753 957 te
777 910 974 956 docuerit
1000 928 1008 953 :
1036 909 1069 952 si
1088 917 1232 951 tamen
1249 906 1295 948 id
1310 914 1352 949 te
1368 904 1422 947 ab
1440 902 1515 946 1110
1528 900 1726 944 didicisse

336 987 511 1031 laetaris.
535 985 619 1030 Sed
637 999 691 1027 ne
704 982 811 1042 quid
828 982 941 1026 forte
956 978 1074 1023 aliud
1093 978 1162 1032 sit,
1180 976 1299 1036 quod
1315 982 1480 1019 constat
1495 987 1583 1016 esse
1600 970 1722 1024 utile,

334 1065 377 1100 et
403 1055 458 1100 ad
491 1055 623 1099 fidem
658 1051 923 1097 necesariam
959 1049 1198 1109 pertinere,
1235 1054 1336 1104 peto
1372 1043 1604 1088 rescribere
1637 1055 1726 1085 non

338 1125 542 1184 graveris.

395 1196 519 1238 VIII.
554 1195 663 1237 Nam
698 1190 808 1235 illud
837 1189 958 1250 quod
990 1188 1226 1232 rectissime
1260 1194 1304 1228 et
1338 1183 1463 1228 valde
1501 1180 1729 1225 salubriter

337 1264 491 1318 credit³
513 1261 698 1322 judicari
716 1262 878 1304 animas
906 1273 1007 1303 cum
1030 1257 1084 1301 de
1112 1255 1366 1314 corporibus
1388 1253 1591 1305 exierint,
1607 1259 1729 1294 ante-

339 1348 472 1394 quam
489 1332 667 1377 veniant
686 1331 739 1374 ad
757 1328 865 1372 illud
879 1327 1111 1388 judicium,
1138 1340 1224 1385 quo
1251 1338 1319 1367 eas
1337 1329 1507 1382 oportet
1523 1322 1613 1380 jam
1628 1319 1729 1363 red-

340 1406 440 1449 ditis
455 1403 709 1463 corporibus
723 1400 925 1462 judicari‚
949 1408 1079 1459 atque
1093 1397 1240 1456 inipsa
1255 1396 1296 1439 in
1316 1410 1402 1455 qua
1418 1394 1488 1437 1110
1509 1392 1726 1445 vixerunt,

342 1491 472 1521 carne
495 1473 711 1533 torqueri,
736 1471 823 1515 sive
848 1469 1019 1528 gloriari
1039 1487 1048 1514 ;
1068 1469 1152 1512 1100
1172 1467 1312 1510 ita-ne
1328 1464 1503 1509 tandem
1525 1463 1613 1521 ipse
1633 1476 1731 1505 nes-

342 1546 513 1590 ciebas?
526 1543 631 1596 Quis
646 1541 849 1585 adversus
860 1538 1149 1597 Evangelium
1163 1546 1283 1581 tanta
1301 1534 1594 1579 obstinatione
1608 1547 1730 1575 men·

346 1617 397 1659 tis
412 1613 657 1666 obsurduit,
674 1612 776 1655 utin
795 1610 870 1654 1110
885 1624 1075 1669 paupere
1087 1609 1162 1666 qui
1177 1616 1272 1666 pest
1288 1613 1472 1650 mortem
1484 1603 1653 1647 ablatus
1669 1610 1732 1645 est

344 1688 390 1730 in
412 1687 554 1730 sinum
577 1682 761 1728 Abrahae
775 1684 804 1735 ¹,
830 1681 935 1724 etin
955 1679 1029 1723 illo
1049 1678 1183 1722 divite
1200 1678 1290 1736 ejus
1312 1676 1356 1719 in
1375 1674 1545 1718 inferno
1567 1672 1733 1717 crucia-

346 1766 415 1801 tus
434 1755 678 1815 exponitur,
704 1753 784 1795 ista
807 1766 895 1794 non
914 1750 1077 1803 audiat,
1099 1747 1168 1793 vel
1191 1746 1337 1790 audita
1354 1761 1440 1788 non
1458 1743 1630 1788 credat?
1650 1741 1734 1787 Sed

347 1826 564 1886 numquid
582 1834 623 1868 te
646 1823 809 1876 docuit,
831 1821 1054 1881 quomodo
1073 1819 1214 1862 anima
1227 1817 1318 1860 sine
1335 1830 1515 1874 corpore
1532 1813 1586 1857 de
1601 1813 1734 1870 digito

346 1897 548 1957 pauperis
570 1910 694 1955 aquae
709 1892 868 1937 stillam
887 1890 1128 1934 desiderare
1142 1888 1308 1948 potuit3
1331 1901 1431 1931 curn
1456 1887 1544 1944 ipse
1566 1882 1735 1928 confes-

347 1983 419 2011 sus
436 1968 505 2022 sit,
532 1965 735 2009 alimenta
757 1977 963 2021 corporea
981 1960 1165 2004 nonnisi
1182 1967 1357 2018 propter
1380 1955 1618 2000 fulciendas
1643 1954 1733 1996 rui-

348 2054 425 2082 nas
463 2035 755 2095 corruptibilis
785 2033 976 2091 corporis
1009 2032 1074 2075 sui
1110 2031 1299 2074 animam
1333 2028 1555 2087 quaerere?
1593 2025 1735 2069 Verba

347 2109 439 2167 ejus
462 2107 539 2151 ista
562 2114 663 2149 sunt
686 2124 695 2149 2
725 2123 743 2145 «
768 2102 992 2162 Numquid
1007 2101 1108 2159 quia
1132 2100 1289 2153 anima,
1308 2098 1468 2157 inquit,
1491 2105 1566 2140 aut
1589 2095 1735 2139 cibum

349 2178 507 2238 quaerit
529 2186 604 2220 aut
626 2184 795 2234 potum,
819 2173 874 2216 ad
891 2172 1026 2230 ipsam
1047 2169 1227 2214 transire
1249 2169 1465 2212 credimus
1488 2167 1689 2225 pastum?
1711 2183 1731 2206 »

351 2251 409 2293 Et
428 2247 559 2307 paulo
582 2254 677 2306 post
703 2264 711 2289 z
741 2263 759 2286 «
789 2241 915 2287 Unde
940 2239 1212 2299 intelligitur,
1240 2237 1409 2297 inquit,
1432 2246 1475 2280 et
1505 2236 1731 2295 probatur,

350 2334 441 2363 non
469 2317 524 2362 ad
547 2318 733 2361 animam
761 2312 977 2374 pertinere
1005 2311 1201 2354 ciborum
1231 2306 1547 2360 sustentacula,
1579 2304 1652 2349 sed
1682 2304 1737 2348 ad

351 2404 530 2448 corpus3
549 2388 619 2432 cui
637 2387 766 2430 etiam
786 2393 941 2443 praeter
958 2382 1104 2426 cibum
1131 2387 1388 2439 procuratur
1413 2376 1539 2421 simili
1570 2375 1735 2420 ratione

351 2461 546 2513 vestitus,
581 2468 630 2501 ut
650 2456 713 2500 illi
748 2454 1009 2499 necessarius
1036 2452 1233 2497 videatur
1265 2459 1451 2509 pasturae
1482 2456 1732 2506 suggestus,

353 2530 423 2575 cui
442 2528 650 2588 competit
671 2536 714 2571 et
736 2527 847 2585 ipsos
870 2524 1030 2569 habere
1052 2523 1245 2568 vestitus.
1276 2539 1294 2561 »
1319 2523 1440 2564 Hanc
1464 2518 1536 2563 ille
1560 2526 1734 2562 senten-

403 2621 410 2638 ¹
430 2616 506 2649 Luc.
535 2624 602 2652 xvi,
620 2620 674 2645 22.
