1804 3205
405 202 482 227 tin.
522 201 566 227 ιι.
607 200 658 227 nn
690 198 869 226 racemo
901 201 1139 226 «mimmii.
1388 191 1464 226 183

82 281 168 311 uon
190 274 443 326 sequeretur
464 264 673 313 dedecus,
699 266 816 325 quod
849 264 1108 309 verecundia
1134 264 1262 309 vellet
1286 267 1469 310 absi-on-

81 337 197 382 dere.

140 410 277 452 XLII.
305 407 481 452 Clarum
501 415 564 450 est
584 406 731 465 igitur,
755 408 835 452 hoc
854 422 942 452 non
959 421 1047 451 esse
1060 406 1224 466 nuptiis
1247 406 1472 465 imputan-

80 479 203 532 dum,
227 478 345 539 quod
368 479 446 523 etsi
470 493 557 522 non
579 486 704 531 esset,
730 478 896 536 nuptiae
919 487 1065 522 tamen
1083 486 1226 522 essent
1250 495 1260 522 ε
1285 492 1470 536 quarum

82 550 249 594 bonum
277 564 364 594 non
387 549 582 593 aufertur
604 549 686 593 isto
710 548 840 601 malo,
867 550 942 593 sed
967 549 1021 593 ab
1045 549 1104 592 eis
1126 557 1168 593 et
1191 549 1275 593 hoc
1305 546 1469 592 malum

81 622 125 666 in
148 635 274 665 usum
298 621 480 665 vertitur
499 620 680 664 bonum.
696 622 859 664 Verum
883 621 985 679 quia
1007 621 1095 679 jam
1119 620 1197 664 ista
1222 619 1473 664 conditione

81 692 348 745 mortalium,
374 707 492 736 nunc
519 691 646 736 simul
669 701 861 751 aguntur
882 693 1140 736 concubitus
1163 700 1205 736 et
1236 691 1396 749 libid03
1423 707 1476 736 eo

80 764 129 807 fit
151 798 162 818 ‚
187 772 237 808 ut
259 777 358 807 cum
380 762 516 807 libido
539 762 871 821 reprehenditur
890 797 900 817 ‚
929 764 1058 806 ctiam
1084 762 1291 821 nuptialis
1308 777 1474 807 concu-

82 834 198 878 bitus
220 833 364 878 licitus
392 842 435 877 et
462 834 668 877 honestus
702 833 960 892 reprehendi
992 841 1174 892 putetur
1205 833 1260 877 ab
1283 834 1367 886 eis,
1400 835 1476 893 qui

80 904 239 948 nolunt
271 904 514 948 discernere
541 903 615 946 ista
646 903 715 947 vel
738 905 953 947 nesciunt.
985 906 1072 947 Nec
1102 903 1337 946 attendunt
1365 902 1476 947 illud

80 989 169 1019 esse
191 975 442 1034 nuptiarum
469 974 631 1018 bonum
653 1009 662 1027 ‚
690 973 808 1017 unde
825 974 1069 1032 gloriantur
1091 973 1280 1032 nuptiae,
1306 973 1350 1017 id
1380 983 1471 1027 est,

80 1045 237 1106 proles,
256 1044 478 1105 pudicitia,
497 1053 838 1101 sacramentum3
859 1044 968 1088 illud
988 1053 1130 1088 autem
1148 1059 1236 1088 non
1256 1059 1345 1088 esse
1361 1059 1476 1103 nup-

81 1118 254 1170 tiarum,
269 1115 343 1159 sed
369 1116 552 1160 carnalis
567 1115 748 1165 malum,
767 1116 820 1158 de
843 1131 931 1175 quo
951 1116 1217 1160 erubescunt
1234 1125 1275 1159 et
1292 1116 1469 1174 nuptiae.

82 1186 165 1233 Sed
178 1187 280 1247 quia
296 1187 386 1230 sine
407 1186 482 1230 illo
502 1185 616 1230 malo
631 1186 720 1229 fieri
738 1201 824 1228 non
848 1195 987 1245 potest
1008 1186 1261 1245 nuptiarum
1285 1185 1471 1238 bonum,

79 1259 162 1303 hoc
185 1267 276 1313 est,
299 1258 552 1317 propagatio
574 1256 762 1301 filiorum
783 1278 793 1314 3
814 1257 887 1300 ubi
913 1258 963 1300 ad
990 1256 1238 1316 hujusmodi
1263 1271 1372 1316 opus
1397 1272 1474 1299 ve-

80 1329 220 1383 nitur,
253 1337 413 1372 secreta
451 1336 735 1388 quaeruntur,
774 1328 922 1371 arbitri
956 1336 1252 1382 removentur,
1286 1326 1475 1371 filiorum

83 1414 261 1460 quoque
284 1401 473 1459 ipsorum
503 1435 512 1453 ‚
539 1399 570 1443 si
598 1400 685 1459 jam
710 1399 812 1442 inde
842 1398 976 1459 aliqui
1008 1399 1097 1442 nati
1127 1408 1251 1454 sunt,
1272 1414 1372 1443 cum
1398 1415 1475 1459 per

81 1480 251 1516 aetatem
275 1472 432 1516 sentire
459 1472 537 1515 ista
564 1471 653 1530 jam
688 1471 927 1529 coeperint,
960 1471 1187 1529 praesentia
1217 1470 1437 1515 devitatur
1463 1489 1472 1515 ς

80 1552 211 1603 atque
241 1543 298 1586 ita
327 1542 493 1601 nuptire
527 1541 730 1584 sinuntur
765 1555 962 1584 exercere
993 1539 1112 1600 quod
1145 1540 1246 1585 licet
1265 1576 1275 1596 ‚
1300 1551 1350 1586 ut
1386 1556 1474 1585 non

81 1613 304 1672 negligant
327 1612 546 1657 occultare
565 1610 686 1671 quod
706 1610 904 1655 dedecet.
932 1611 1046 1655 Hinc
1069 1621 1132 1655 est
1147 1610 1268 1671 quod
1291 1609 1477 1655 infantes

81 1684 209 1727 etiam
230 1683 303 1743 qui
339 1696 519 1742 peccare
551 1696 638 1725 non
662 1690 844 1741 possunt
866 1716 875 1735 ‚
907 1695 996 1724 non
1023 1690 1164 1725 tamen
1200 1682 1290 1725 sine
1308 1682 1472 1741 peccati

80 1755 336 1812 contagione
355 1761 712 1807 nascuntur,non
734 1767 783 1795 ex
799 1752 882 1796 hoc
906 1751 1025 1811 quod
1049 1752 1166 1806 licet,
1193 1752 1266 1796 sed
1281 1768 1331 1796 ex
1353 1752 1473 1812 quod

80 1826 277 1871 dedecet.
295 1827 401 1869 Nam
422 1841 472 1869 ex
499 1823 752 1884 quodlicet,
779 1821 931 1883 natJ-ira
953 1824 1145 1867 nascitur
1162 1844 1172 1880 3
1188 1839 1238 1867 ex
1260 1822 1334 1868 illo
1355 1824 1476 1883 quod

81 1897 263 1942 dedecet
302 1896 472 1940 vitium.
507 1898 684 1940 Naturae
717 1886 929 1938 nascentis
964 1903 1027 1938 est
1057 1904 1210 1939 auctor
1231 1898 1370 1949 Deus,
1397 1896 1472 1955 qui

80 1969 305 2013 hominem
327 1965 524 2012 condidit
553 2001 562 2020 ,
605 1965 745 2025 etqui
773 1965 915 2009 virum
947 1981 996 2009 ac
1030 1964 1255 2009 foeminam
1285 1966 1472 2025 nuptiali

76 2041 173 2100 jure
207 2038 432 2098 conjunxit
459 2056 467 2081 :
493 2037 584 2081 vitii
617 2050 719 2080 vero
750 2044 901 2080 auctor
934 2044 996 2079 est
1031 2034 1193 2080 diaboli
1221 2035 1474 2096 decipientis

83 2109 294 2155 calliditas
315 2145 325 2167 ‚
350 2117 392 2153 et
415 2107 601 2152 hominis
630 2107 937 2152 consentientis
959 2106 1174 2151 voluntas.

139 2182 302 2225 XLIII.
319 2179 399 2224 Ubi
424 2178 534 2223 nihil
555 2181 669 2222 Deus
692 2178 810 2233 fecit,
833 2178 911 2222 nisi
935 2178 1054 2238 quod
1071 2178 1293 2222 hominem
1316 2177 1475 2222 volun-

86 2260 172 2296 tate
195 2259 445 2310 peccantem
468 2285 478 2304 ,
498 2250 616 2309 justo
635 2247 801 2309 judicio
833 2263 932 2293 cum
971 2249 1103 2307 stirpe
1132 2248 1354 2292 damnavit
1385 2269 1393 2293 ε
1430 2258 1474 2294 et

83 2321 181 2366 ideo
206 2321 266 2365 ibi
285 2319 501 2381 quidquid
516 2320 645 2364 etiam
664 2318 858 2363 nondum
882 2327 973 2362 erat
990 2327 1158 2373 natum,
1171 2319 1325 2363 merito
1342 2327 1405 2363 est
1428 2320 1472 2363 in

83 2390 424 2452 praevaricatrice
447 2388 591 2434 radice
610 2389 867 2433 damnatum
894 2407 903 2432 t
930 2388 974 2431 in
997 2404 1083 2448 qua
1115 2389 1246 2448 stirpe
1269 2387 1471 2434 damnata

85 2471 204 2506 tenet
221 2461 442 2506 hominem
459 2460 679 2519 generatio
699 2459 882 2503 carnalis
897 2494 907 2513 ‚
926 2458 1043 2504 unde
1065 2459 1152 2504 sola
1174 2460 1331 2504 liberat
1350 2475 1474 2519 rege-

92 2532 257 2576 neratio
281 2530 493 2590 spiritalis.
523 2531 627 2574 Ideo
647 2529 907 2588 regeneratis
924 2530 1192 2589 parentibus,
1219 2533 1249 2574 si
1270 2539 1412 2574 tamen
1433 2531 1474 2573 in
