1784 3205
345 221 428 260 400
782 228 814 255 s.
851 224 1080 255 mausum
1113 224 1293 253 Emscom

342 295 470 340 tioniS
497 294 699 353 expertia.
739 292 862 337 Unde
891 299 934 334 et
967 289 1212 334 testimonio
1240 287 1408 343 divino,
1439 302 1509 333 eos
1538 289 1613 347 qui
1634 303 1721 334 non

342 366 608 425 intelligunt,
634 364 864 424 pecoribus
885 361 1157 420 comparasti,
1182 375 1270 404 non
1291 360 1444 419 utique
1460 359 1722 404 habentibus

341 436 613 481 intellectum
627 437 658 478 ¹.
685 432 813 488 Quod
836 441 878 476 et
901 431 985 476 alio
1002 431 1098 475 loco
1115 431 1321 489 scriptum
1338 439 1415 484 est,
1437 448 1457 471 «
1475 429 1616 474 Nolite
1634 444 1723 474 esse

344 526 364 549 »
385 508 495 552 sicut
511 522 648 566 equus
664 514 706 549 et
723 503 882 558 mulus,
903 503 1064 561 quibus
1083 517 1172 546 non
1188 510 1250 545 est
1270 500 1553 544 intellectus2.
1578 519 1596 541 »
1615 503 1723 553 Quae

341 592 442 621 cum
463 577 522 620 ita
545 576 644 629 sint,
680 571 854 617 attende
875 572 1005 616 etiam
1027 571 1186 630 quibus
1213 570 1353 615 verbis
1380 569 1579 628 spiritum
1612 568 1724 613 defi-

341 647 469 690 nieris
487 654 617 704 atque
639 642 909 701 descripseris
922 676 933 696 ,
954 656 1055 685 cum
1076 640 1200 684 illum
1222 639 1277 683 ab
1297 639 1439 683 anima
1458 638 1726 697 distinguere

341 715 553 760 nitereris.
579 735 599 757 a
617 717 720 758 Haec
735 713 896 766 anima,
913 711 1072 771 inquis,
1085 726 1184 769 quae
1201 725 1251 754 ex
1266 711 1372 754 flatu
1389 709 1466 754 Dei
1483 710 1617 754 habet
1638 709 1726 754 ori-

341 787 501 845 ginem,
526 786 617 829 sine
635 800 763 829 sensu
776 784 951 842 proprio
969 792 1100 842 atque
1119 779 1343 825 intellectu
1360 781 1515 826 intimo
1534 795 1624 825 esse
1638 795 1727 824 non

341 858 500 917 potuit,
526 855 646 916 quod
667 865 730 899 est
750 854 938 914 spiritus.
969 872 988 894 »
1013 856 1070 897 Et
1091 852 1224 911 paulo
1247 861 1344 910 post
1370 871 1378 895 :
1410 871 1428 893 «
1453 854 1510 895 Et
1532 852 1728 911 quamvis

343 930 501 983 anima,
523 927 683 987 inquis,
709 927 872 970 animet
895 940 1077 983 corpus,
1101 933 1248 967 tamen
1271 922 1390 982 quod
1419 923 1570 977 sentit,
1608 920 1728 981 quod

342 999 477 1057 sapit,
510 998 630 1057 quod
657 997 798 1053 viget,
833 996 1006 1054 spiritus
1029 995 1084 1038 sit
1105 1008 1275 1038 necesse
1298 1002 1375 1037 est,
1409 1010 1430 1034 »
1459 996 1568 1037 Item
1598 991 1728 1051 paulo

341 1077 438 1126 post
461 1086 469 1111 :
495 1085 515 1109 «
535 1065 667 1110 Aliud
685 1066 780 1119 erit,
800 1065 960 1124 inquis,
981 1064 1139 1117 anima,
1160 1072 1202 1107 et
1220 1062 1339 1106 aliud
1351 1063 1540 1121 spiritus,
1564 1062 1729 1120 sapien·

341 1136 400 1180 tia
425 1145 468 1179 et
496 1149 643 1178 sensus
665 1135 836 1177 animae.
865 1152 885 1174 »
916 1135 990 1178 His
1010 1133 1153 1177 verbis
1174 1134 1272 1176 satis
1295 1132 1480 1186 indicas,
1507 1132 1615 1191 quid
1638 1145 1729 1174 esse

342 1205 537 1264 spiritum
562 1203 750 1247 hominis
772 1203 927 1246 sentias
944 1237 955 1256 ,
980 1202 1025 1245 id
1045 1211 1129 1256 est,
1154 1201 1360 1245 rationale
1382 1211 1578 1245 nostrum
1597 1235 1607 1255 ,
1640 1215 1727 1260 quo

342 1276 472 1320 sentit
496 1284 626 1334 atque
647 1272 852 1330 intelligit
874 1273 1046 1330 anima,
1078 1288 1166 1316 non
1194 1271 1306 1316 sicut
1326 1272 1510 1316 sentitur
1538 1272 1729 1331 corporis

286 1354 292 1360 '
342 1346 553 1400 sensibus,
578 1344 652 1389 sed
677 1344 790 1387 sicut
811 1352 875 1387 est
897 1342 971 1386 ille
993 1343 1172 1386 intimus
1194 1357 1358 1397 sensus,
1382 1358 1434 1386 ex
1456 1357 1545 1401 quo
1564 1351 1628 1386 est
1650 1357 1727 1399 ap-

341 1417 500 1476 pellata
523 1415 750 1460 sententia.
779 1415 891 1458 Hinc
917 1423 1061 1458 autem
1085 1414 1314 1472 pecoribus
1342 1414 1431 1457 sine
1453 1413 1728 1458 dubitatione

343 1487 653 1545 praeponimur,
680 1500 730 1529 eo
747 1484 869 1544 quod
889 1493 992 1528 sunt
1013 1483 1085 1527 illa
1104 1485 1281 1528 rationis
1304 1484 1509 1542 expertia.
1534 1485 1632 1528 Non
1655 1481 1729 1524 ha-

343 1557 450 1600 bent
465 1557 613 1615 itaque
629 1556 827 1614 spiritum
844 1570 1015 1613 pecora,
1036 1554 1082 1598 id
1099 1565 1177 1609 est,
1194 1554 1465 1599 intellectum
1487 1564 1531 1599 et
1553 1553 1728 1597 rationis

344 1643 393 1671 ac
414 1627 634 1685 sapient-iae
654 1641 842 1679 sensum,
869 1626 943 1668 sed
967 1625 1154 1668 animam
1169 1634 1354 1668 tantum.
1372 1628 1481 1670 Nam
1504 1633 1546 1667 et
1569 1623 1623 1667 de
1644 1622 1728 1665 illis

344 1697 511 1741 dictum
533 1706 596 1740 est
620 1715 628 1739 ε
660 1714 678 1737 «
705 1696 953 1739 Producant
968 1711 1092 1754 aquae
1112 1696 1305 1753 repentia
1324 1696 1565 1738 animarum
1579 1693 1729 1737 viven-

347 1785 367 1808 »
394 1767 520 1819 tium,
547 1775 590 1809 et
620 1764 833 1823 producat
857 1773 968 1808 terra
1000 1765 1187 1808 animam
1211 1764 1473 1807 viventemss.
1503 1781 1523 1804 »
1545 1764 1603 1806 Ut
1625 1776 1727 1819 ergo

344 1837 589 1896 plenissime
619 1850 667 1878 ac
695 1834 941 1893 planissime
968 1834 1137 1877 noveris
1155 1868 1165 1888 ,
1202 1848 1296 1876 earn
1329 1848 1428 1892 quae
1458 1833 1602 1876 anima
1635 1840 1725 1885 est,

344 1921 464 1950 more
486 1905 734 1949 divinorum
751 1904 1024 1964 eloquiorum
1041 1904 1171 1947 etiam
1189 1902 1388 1962 spiritum
1405 1902 1506 1957 dici,
1532 1901 1728 1961 appella-

346 1986 417 2021 tur
438 1978 604 2036 pecoris
632 1976 819 2034 spiritus.
855 1978 910 2019 Et
941 1975 1094 2034 utique
1117 1989 1205 2019 non
1235 1975 1399 2017 habent
1421 1988 1577 2033 pecora
1604 1971 1729 2014 illum

345 2048 559 2104 spiritum,
585 2060 716 2105 quem
731 2054 805 2089 tua
827 2043 1000 2089 dilectio
1019 2045 1264 2088 discernens
1284 2045 1338 2087 ab
1355 2044 1498 2087 anima
1515 2041 1727 2086 definivit:

348 2114 473 2159 Unde
496 2114 770 2158 manifestum
795 2123 872 2167 est,
899 2113 1017 2172 quod
1045 2113 1232 2170 generali
1248 2113 1464 2157 vocabulo
1486 2112 1627 2155 anima
1650 2125 1728 2169 pe·-

347 2185 457 2228 coris
485 2192 599 2227 recte
621 2183 765 2241 potuit
796 2182 854 2226 sic
878 2182 1037 2236 vocari,
1063 2183 1172 2226 sicut
1195 2182 1351 2240 legitur
1372 2183 1417 2225 in
1439 2182 1552 2226 libro
1575 2179 1728 2225 Eccle-

347 2255 485 2298 siastae
507 2272 516 2298 :
546 2272 566 2294 «
591 2253 698 2305 Quis
720 2252 820 2306 scit,
844 2252 1018 2310 spiritus
1042 2250 1229 2295 filiorum
1255 2252 1441 2295 hominis
1472 2252 1504 2294 si
1528 2248 1729 2294 ascendat

350 2344 369 2365 »
396 2326 485 2383 ipse
506 2338 692 2377 sursum,
708 2331 763 2372 ,et
784 2322 958 2381 spiritus
982 2323 1146 2381 pecoris
1175 2322 1208 2366 si
1233 2321 1465 2366 descendat
1486 2322 1576 2380 ipse
1599 2320 1727 2364 deor-

351 2412 371 2435 »
397 2410 491 2438 sum
510 2395 555 2436 in
574 2404 731 2438 terram
745 2394 788 2436 4?
808 2411 827 2433 »
856 2396 1054 2452 Itemque
1068 2393 1114 2436 in
1136 2391 1287 2437 diluvii
1311 2392 1579 2436 vastitateita
1599 2389 1729 2448 scrip-

398 2504 405 2519 ¹
432 2496 507 2528 Psal.
536 2505 652 2536 vaui,
690 2495 739 2527 13.
757 2511 797 2517 —-
815 2501 827 2517 ²
854 2495 900 2528 Id.
932 2505 1030 2536 xxxi,
1057 2505 1140 2537 9.-
1157 2494 1170 2515 ³
1188 2495 1268 2527 Gen.
1296 2505 1320 2531 ι,
1348 2500 1388 2525 20
1414 2499 1444 2526 et
1465 2492 1519 2535 24.
1536 2491 1605 2523 -4
1626 2491 1723 2525 Eccli.

347 2564 394 2595 ιιι,
415 2560 468 2585 21.
