1784 3205
303 215 379 250 182
718 218 750 245 s.
787 218 1014 245 AuorsTrnu
1048 217 1227 244 Errseom

299 289 427 349 gritas
445 287 499 332 ad
521 283 830 344 concipiendos
849 281 980 325 foetus
1004 281 1045 325 vi
1070 280 1232 324 turbidi
1255 281 1480 325 vitiaretur
1496 279 1678 336 ardoris,

293 359 368 405 sed
383 359 696 417 obsequeretur
717 353 898 413 imperio
914 351 1277 411 tranquillissimae
1296 351 1515 396 charitatis
1535 370 1544 395 ε
1569 359 1612 396 et
1627 366 1678 396 eo

296 429 427 474 modo
465 443 553 472 non
581 434 691 470 esset
713 423 838 468 dolor
871 431 913 466 et
943 437 1071 466 cruor
1101 423 1280 480 virginis
1315 421 1674 475 concumbentis,

291 499 515 563 quomodo
546 514 635 542 non
659 505 768 540 esset
785 495 914 538 etiam
937 494 1084 538 matris
1116 494 1300 552 gemitus
1321 493 1543 552 parientis.
1576 495 1680 537 Haec

291 573 390 616 ideo
423 585 513 615 non
534 567 799 619 creduntur,
826 564 927 625 quia
956 565 1000 607 in
1029 565 1108 608 ista
1136 563 1408 608 mortalitatis
1428 562 1679 607 conditione

292 644 511 700 inexperta
542 647 657 683 sunt.
697 640 747 680 In
770 634 961 680 deterius
988 635 1150 694 quippe
1170 634 1275 678 vitio
1302 643 1468 678 mutata
1490 642 1645 678 natura
1664 669 1676 689 ,

291 729 379 757 non
402 711 566 755 invenit
583 710 734 768 primae
747 707 862 750 illius
879 703 1077 765 puritatis
1099 704 1361 764 exemplum.
1377 706 1462 749 Sed
1478 704 1681 749 fidelibus

292 782 514 842 loquimur
535 815 545 834 ,
570 780 647 839 qui
680 786 897 822 noverunt
921 775 1097 821 credere
1126 776 1283 820 divinis
1310 776 1491 835 eloquiis
1509 810 1519 829 ‚
1551 776 1680 820 etiam

295 852 422 897 nullis
444 850 648 895 adhibitis
666 857 853 908 expertae
871 847 1061 891 veritatis
1074 846 1294 905 exemplis.
1312 847 1545 899 Quomodo
1565 847 1682 890 enim

294 940 412 968 nunc
427 922 651 967 ostendam
675 921 766 965 sine
787 919 885 963 ullis
909 918 1162 978 parentibus
1184 917 1238 962 de
1262 916 1439 977 pulvere
1460 918 1684 962 hominem

295 995 477 1047 factum,
510 993 635 1051 eique
658 991 712 1034 de
734 1005 812 1034 suo
832 988 967 1033 latere
990 990 1219 1048 conjugem
1241 989 1283 1031 ¹?
1307 989 1364 1032 Et
1384 996 1531 1031 tamen
1564 987 1685 1047 quod

294 1065 446 1109 oculus
462 1065 552 1124 jam
568 1078 656 1107 non
677 1061 860 1115 invenit,
886 1059 995 1104 fides
1023 1060 1175 1104 credit.

352 1137 466 1178 XLI.
506 1133 573 1178 Sic
607 1147 710 1190 ergo
746 1141 788 1175 et
815 1131 1053 1190 primarum
1088 1129 1341 1189 nuptiarum
1374 1129 1464 1173 sine
1491 1128 1686 1174 libidinis

294 1206 491 1265 passione
517 1203 830 1262 tranquillitas,
856 1211 900 1245 et
922 1211 1067 1245 motus
1091 1199 1346 1260 genitalium
1375 1201 1486 1244 sicut
1503 1200 1687 1244 aliorum

294 1277 591 1320 membrorum
606 1310 616 1329 ,
642 1289 731 1317 non
755 1273 810 1317 ad
832 1272 1033 1316 effrenati
1057 1272 1208 1316 caloris
1232 1273 1559 1315 incitamentum
1575 1307 1585 1326 ‚
1613 1271 1688 1317 sed

297 1347 351 1391 ad
363 1346 599 1391 voluntatis
622 1344 865 1397 arbitrium,
886 1342 1053 1403 (quales
1078 1343 1242 1402 nuptiae
1265 1351 1622 1401 perseverassent,
1654 1344 1688 1388 si

295 1418 461 1476 peccati
483 1417 573 1460 non
601 1414 902 1458 intervenisset
925 1412 1250 1472 opprobrium,)
1267 1428 1385 1456 nunc
1408 1412 1579 1457 ostendi
1597 1429 1687 1458 non

295 1495 437 1547 potest
462 1505 470 1529 :
498 1484 572 1529 sed
597 1500 646 1527 ex
668 1484 716 1527 iis
734 1499 832 1543 quae
853 1482 999 1527 divina
1021 1483 1279 1527 auctoritate
1301 1483 1545 1542 conscripta
1566 1493 1683 1538 sunt,

297 1571 387 1600 non
409 1555 626 1598 immerito
646 1552 764 1597 credi
797 1561 954 1611 potest.
990 1553 1059 1597 Sic
1087 1553 1202 1596 enim
1235 1552 1367 1597 modo
1396 1568 1485 1597 non
1513 1554 1689 1598 invenio

297 1628 387 1670 sine
406 1627 628 1685 pruriente
650 1623 835 1667 libidine
857 1623 1222 1667 concumbentem
1236 1658 1246 1677 ‚
1269 1623 1380 1667 sicut
1403 1638 1492 1668 non
1514 1624 1689 1669 invenio

295 1699 385 1741 sine
417 1696 567 1740 dolore
595 1704 637 1738 et
674 1694 836 1752 gemitu
865 1695 1178 1753 parturientem
1198 1729 1208 1747 ,
1243 1694 1333 1737 sine
1365 1693 1514 1738 futura
1547 1704 1688 1739 morte

297 1777 542 1813 nascentem
571 1782 579 1807 z
607 1775 649 1810 et
667 1775 814 1810 tamen
835 1764 1076 1809 secundum
1096 1765 1416 1823 Scripturarum
1440 1775 1686 1810 sanctarum

296 1840 539 1893 veritatem,
563 1837 744 1895 gemitus
763 1836 1042 1896 parturientis
1064 1845 1106 1879 et
1124 1851 1237 1880 mors
1260 1837 1447 1880 hominis
1466 1852 1555 1881 non
1576 1836 1687 1882 fuis-

297 1917 426 1963 sent,
457 1909 488 1951 si
511 1916 738 1967 peccatum
769 1921 858 1950 non
887 1907 1185 1965 praecessisset.
1217 1907 1284 1951 Sic
1317 1922 1397 1951 nec
1429 1906 1539 1951 illud
1570 1907 1687 1951 unde

299 1980 594 2032 erubuerunt,
632 1977 707 2035 qui
730 1976 926 2020 membra
955 1976 1026 2020 illa
1054 1981 1279 2021 texerunt²
1302 1996 1310 2021 z
1332 1978 1434 2037 quia
1459 1987 1502 2022 et
1529 1978 1612 2022 hoc
1642 1979 1688 2022 in

301 2048 461 2092 eisdem
492 2049 648 2092 sanctis
677 2047 848 2091 Litteris
870 2047 1144 2105 praecedente
1173 2057 1353 2107 peccato
1385 2049 1593 2108 scriptum
1625 2057 1689 2094 est

299 2128 598 2164 consecutum.
620 2119 817 2163 Membra
832 2118 996 2177 quippe
1015 2116 1088 2160 illa
1103 2119 1181 2161 nisi
1196 2118 1401 2163 indecens
1419 2128 1564 2164 motus
1582 2135 1688 2165 ocu-

300 2189 352 2234 lis
379 2205 530 2234 eorum
548 2224 558 2243 ‚
591 2204 680 2233 non
705 2189 858 2247 utique
888 2188 1042 2231 clausis
1061 2222 1071 2242 ‚
1107 2187 1181 2231 sed
1203 2188 1247 2231 in
1275 2189 1359 2233 hoc
1392 2205 1483 2234 non
1505 2191 1685 2249 apertis,

298 2262 382 2305 boc
407 2270 486 2315 est,
513 2275 602 2303 non
635 2261 835 2317 attentis⁷
859 2258 1244 2303 animadvertenda
1276 2260 1546 2318 nuntiasset3
1578 2259 1688 2304 nihil

297 2331 342 2374 in
364 2347 441 2375 suo
465 2346 661 2390 corpore,
688 2330 809 2391 quod
830 2330 984 2390 utique
1013 2339 1155 2374 totum
1185 2334 1299 2375 Deus
1326 2331 1546 2376 laudabile
1572 2331 1688 2376 fece-

296 2410 389 2456 rat,
420 2400 675 2459 pudendum
700 2400 1027 2461 velandumque
1050 2403 1279 2446 sensissent
1306 2421 1313 2446 z
1335 2402 1437 2462 quia
1471 2402 1552 2446 nisi
1574 2417 1688 2461 prte-

298 2472 395 2515 isset
428 2471 595 2515 facinus
612 2506 623 2526 ⁷
661 2470 781 2530 quod
818 2471 1114 2516 inobedientia
1152 2481 1215 2517 est
1250 2487 1349 2517 ausa
1387 2473 1684 2528 committere,

349 2564 357 2576 ¹
380 2558 458 2587 Gerr
479 2555 513 2597 ii,
539 2566 555 2596 7
584 2559 617 2585 et
643 2563 697 2588 22.
712 2572 750 2577 —-
765 2561 776 2576 ²
797 2556 843 2586 ld.
864 2567 908 2596 iu,
932 2567 962 2598 7.
