1784 3205
328 228 381 265 92
768 235 802 264 s.
837 232 1065 264 Anauswm
1097 236 1276 264 anscon

328 321 377 350 ea
398 305 557 365 potius,
575 319 674 365 quae
689 304 870 364 putabat
891 319 998 358 esse,
1019 304 1087 347 vel
1110 303 1220 348 sorte
1241 302 1383 346 adhuc
1397 310 1537 360 putat,
1552 303 1598 345 in
1618 301 1710 346 solo

325 377 502 421 arbitrio
525 376 758 421 voluntatis
777 385 817 419 et
833 376 1002 434 propria
1018 375 1172 434 posita,
1193 374 1317 418 simul
1339 383 1494 432 optans
1512 382 1555 416 et
1573 388 1709 432 prop-

331 457 393 492 ter
414 449 496 492 hoc
525 448 657 492 vitam
680 456 901 490 aeternam.
930 446 1094 490 Deinde
1119 446 1221 505 quia
1246 445 1396 488 litteris
1416 444 1501 486 suis
1517 478 1527 497 ,
1554 444 1712 503 quibus

262 563 264 565 ,
329 518 662 578 respondebam,
685 518 782 562 talia
802 516 1001 577 quaedam
1023 517 1066 560 in
1091 532 1160 559 me
1176 517 1287 559 bona
1304 513 1492 558 multum
1510 514 1713 572 benigne-

329 604 414 649 que
431 588 682 633 laudaverat
706 608 715 632 ε
741 588 870 632 etiam
892 588 949 631 ibi
968 587 1100 645 petivi
1122 588 1176 630 ab
1201 602 1267 640 eo,
1291 595 1340 629 ut
1360 601 1438 644 pro
1461 600 1530 628 me
1547 593 1710 639 oraret,

329 675 418 719 quo
454 660 598 718 potius
620 675 643 702 a
667 660 850 703 Domino
881 658 974 702 talis
1006 659 1149 701 fierem
1170 694 1179 711 ,
1206 657 1379 717 qualem
1415 672 1481 700 me
1505 671 1595 699 esse
1623 657 1713 715 jam

329 731 524 774 crederet
548 750 555 773 :
582 739 632 773 ut
653 745 750 772 eum
774 731 831 773 sic
855 729 1148 783 admonerem,
1174 738 1320 772 contra
1342 727 1462 786 quod
1482 726 1555 770 ille
1574 727 1713 785 sapic-

331 800 431 853 bat,
462 800 596 858 ipsam
625 814 802 859 quoque
827 799 1037 857 justitiam
1058 834 1068 852 ,
1105 812 1236 857 quam
1272 799 1315 840 in
1350 813 1418 841 mc
1450 795 1713 840 laudandam

330 879 556 929 putaverat
578 905 587 924 ,
612 886 700 914 non
723 884 811 913 esse
843 868 1048 923 volentis,
1071 884 1214 928 neque
1235 868 1469 920 currentis,
1496 866 1569 910 sed
1589 868 1715 911 misc-

332 941 463 984 rentis
487 941 561 983 Dei
578 944 608 983 ¹.
640 942 732 984 Hoc
751 949 814 983 est
833 948 990 993 totum,
1015 939 1134 999 quod
1158 939 1297 982 brevis
1314 937 1387 982 illa
1409 937 1599 996 Epistola
1621 953 1717 981 mea

331 1011 549 1064 continet,
574 1025 710 1069 eaque
728 1011 967 1054 intentione
989 1011 1148 1054 dictata
1167 1019 1230 1054 est
1253 1030 1260 1053 :
1287 1024 1386 1052 nam
1420 1010 1476 1052 ita
1499 1024 1543 1052 se
1568 1008 1714 1052 habet.

390 1084 484 1124 LII.
523 1101 540 1122 «
570 1082 753 1124 Domino
788 1080 1093 1135 dilectissimo,
1140 1090 1182 1124 et
1212 1080 1571 1124 desideratissimo
1596 1079 1719 1123 fratri

334 1150 504 1208 Pelagio
526 1186 536 1205 ,
579 1152 846 1208 Augustinus
887 1152 931 1194 in
977 1151 1160 1195 Domino
1201 1149 1398 1194 salutem.
1439 1150 1605 1193 Gratias
1641 1163 1720 1207 ago

332 1222 571 1279 plurimum
592 1256 602 1275 ,
629 1221 748 1279 quod
767 1236 836 1264 me
859 1221 1011 1265 litteris
1044 1222 1128 1265 tuis
1152 1220 1389 1264 exhilarare
1414 1220 1617 1279 dignatus
1646 1235 1689 1263 es
1705 1255 1716 1274 ,

333 1300 375 1334 et
395 1300 563 1334 certum
584 1290 725 1334 lacere
744 1292 798 1334 de
823 1290 960 1334 salute
983 1300 1136 1334 vestra.
1151 1292 1383 1334 Retribuat
1402 1292 1478 1334 tibi
1504 1291 1715 1335 Dominus

337 1363 463 1414 bona,
485 1362 646 1421 quibus
670 1376 840 1420 semper
862 1362 914 1405 sis
941 1363 1078 1405 bonus
1094 1397 1104 1415 ,
1128 1371 1171 1404 et
1191 1377 1291 1404 cum
1314 1361 1389 1404 illo
1412 1370 1576 1405 aeterno
1601 1362 1719 1405 vivas

333 1431 379 1474 in
407 1440 635 1485 aeternum,
664 1432 847 1474 Domine
865 1430 1161 1485 dilectissime,
1188 1440 1230 1474 et
1250 1430 1609 1475 desideratissime
1630 1429 1720 1475 fra-

334 1510 413 1544 ter.
441 1504 535 1559 Ego
557 1510 720 1553 autem,
747 1502 824 1544 etsi
847 1501 891 1543 in
919 1516 989 1544 me
1020 1517 1108 1544 non
1127 1516 1313 1559 agnosco
1335 1502 1552 1559 praeconia
1575 1500 1631 1544 de
1652 1516 1722 1544 me

336 1582 408 1616 tua
432 1608 442 1627 ,
473 1588 571 1632 quae
585 1582 672 1615 tuae
708 1573 998 1630 benignitatis·
1023 1572 1204 1631 epistola
1234 1573 1434 1616 continet
1465 1592 1472 1616 2
1508 1572 1722 1617 benevolo

337 1653 480 1687 tamen
505 1644 648 1687 animo
668 1659 767 1701 erga
786 1644 1063 1701 exiguitatem
1087 1659 1229 1687 meam
1255 1644 1478 1702 ,ingratus
1510 1660 1599 1688 esse
1632 1659 1721 1689 non

336 1729 510 1774 possum
537 1735 545 1759 :
578 1715 701 1758 simul
739 1715 978 1759 admonens
1010 1724 1058 1758 ut
1088 1716 1232 1774 potius
1264 1731 1357 1759 ores
1389 1731 1466 1774 pro
1497 1731 1566 1759 me
1589 1751 1599 1765 ,
1634 1731 1723 1776 quo

337 1785 432 1828 talis
458 1802 479 1828 a
515 1785 698 1829 Domino
729 1786 827 1828 fiam
848 1820 858 1837 ,
895 1785 1066 1844 qualem
1103 1787 1268 1845 mejam
1295 1801 1383 1829 esse
1407 1786 1640 1830 arbitraris.
1667 1789 1724 1831 Et

337 1855 416 1898 alia
449 1871 581 1898 manu
621 1875 628 1899 :
666 1858 834 1899 Memor
866 1858 999 1899 nostri
1032 1856 1264 1900 incolumis
1297 1857 1484 1900 Domino
1521 1856 1687 1916 placeas
1709 1893 1720 1913 ,

342 1928 521 1970 Domine
544 1926 820 1971 dilectissime
839 1961 849 1981 ,
878 1936 920 1970 ct
943 1927 1301 1971 desideratissime
1326 1927 1471 1971 frater.

400 2000 517 2040 LIlI.
546 2000 597 2040 In
615 1998 706 2056 ipsa
726 2013 903 2056 quoque
923 1999 1236 2057 subscriptione
1256 1999 1375 2058 quod
1398 2000 1538 2058 posui,
1569 2008 1615 2043 ut
1639 2003 1724 2043 Do-

338 2068 457 2110 mino
471 2067 654 2125 placeat,
667 2068 802 2126 magis
815 2068 898 2111 hoc
910 2083 999 2111 esse
1010 2069 1243 2125 significavi
1259 2070 1302 2113 in
1315 2072 1406 2129 ejus
1421 2071 1572 2128 gratia,
1591 2085 1724 2130 quam

338 2138 380 2179 in
397 2138 485 2180 sola
502 2137 688 2180 hominis
701 2136 943 2192 voluntate,
955 2139 1133 2198 quando
1150 2139 1194 2182 id
1211 2155 1290 2182 nec
1302 2139 1499 2183 hortatus
1517 2155 1630 2195 sum,
1645 2155 1725 2184 nec

339 2208 527 2265 praecepi
546 2241 557 2261 ,
577 2222 657 2250 nec
680 2207 836 2262 docui,
857 2207 931 2251 sed
960 2209 1120 2267 optavi.
1153 2208 1532 2261 Quemadmodum
1564 2225 1668 2254 vero
1691 2211 1725 2253 si

342 2279 552 2331 hortarer,
575 2287 650 2321 aut
683 2278 962 2337 praeciperem
981 2314 991 2333 ,
1021 2279 1088 2322 vel
1112 2279 1328 2334 docerem,
1361 2281 1574 2338 pertinere
1589 2282 1670 2325 hoc
1683 2289 1726 2325 et

340 2346 393 2389 ad
407 2346 593 2390 liberum
614 2348 842 2391 arbitrium
860 2347 1200 2394 demonstrarem
1220 2385 1230 2404 ,
1257 2365 1336 2393 nec
1356 2360 1502 2394 tamen
1529 2352 1603 2394 Dei
1628 2366 1724 2408 gra-

340 2419 411 2460 tiae
434 2418 686 2475 derogarem
716 2420 797 2463 :ita
820 2421 921 2480 quia
944 2422 1108 2479 optavi,
1134 2421 1207 2464 Dei
1222 2420 1399 2480 quidem
1420 2421 1724 2466 commendavi

341 2488 536 2545 gratiam,
564 2503 652 2532 non
673 2497 818 2533 tamen
835 2491 1063 2534 arbitrium
1086 2489 1320 2535 voluntatis
1343 2491 1518 2534 extinxi.
1544 2493 1597 2534 Ut
1615 2490 1723 2550 quid

391 2579 397 2594 ¹
423 2574 511 2603 Rom.
531 2583 575 2610 ix,
600 2573 649 2603 16.
