1804 3205
311 227 363 253 oz
396 223 534 253 ANIMA
567 226 619 253 m
650 226 748 255 mus
779 227 972 265 omniun,
1007 226 1089 254 Lm.
1129 230 1186 254 iv.
1363 220 1448 257 :399

64 307 86 332 »
110 291 214 335 est¹.
242 293 448 336 »Verum
469 307 586 338 nunc
610 308 698 338 non
726 294 781 339 de
809 295 888 339 isto
915 292 1069 354 spiritu
1099 294 1341 354 loquimur,
1371 296 1449 355 qui

61 369 125 404 est
146 376 170 405 a
191 370 336 405 mente
351 360 594 407 distinctus
619 364 760 409 llabet
781 365 860 410 iste
880 380 1002 409 suam
1024 364 1309 423 eamdemque
1331 365 1450 409 dilli-

59 430 185 474 cilem
206 432 492 491 quaestionem
520 452 528 478 :
554 434 702 478 multis
732 435 847 479 enim
877 434 1016 480 modis
1039 442 1170 493 atque
1199 434 1242 477 in
1273 435 1449 479 diversis

59 501 447 560 significationibus
472 505 703 563 Scripturae
736 504 895 549 divinae
925 505 1124 564 spiritum
1161 505 1445 548 nominant²:

63 572 138 615 sed
154 571 312 630 dequo
330 588 446 618 nunc
470 575 659 633 agimus,
685 591 774 636 quo
798 577 1121 629 ratiocinamur,
1142 574 1447 632 intelligimus,

61 643 251 701 sapimus
266 678 276 698 ,
302 654 470 690 constat
485 645 597 690 inter
620 660 696 690 nos
711 647 770 691 sic
785 662 885 691 eum
904 647 1033 691 ctiam
1052 646 1226 706 proprie
1249 646 1450 704 spiritum

59 714 300 773 nuncupari
321 749 329 768 ,
365 723 414 759 ut
435 730 523 760 non
547 717 600 760 sit
624 732 822 762 universa
846 718 1011 772 anima,
1037 717 1111 761 sed
1145 714 1310 775 aliquid
1338 716 1446 774 ejus.

60 786 223 829 Tamen
245 786 431 831 animam
457 789 585 831 etiam
615 789 813 848 spiritum
839 804 954 843 esse,
979 788 1013 832 si
1036 796 1263 846 propterea
1289 801 1420 844 negas
1436 820 1448 840 ,

58 854 159 914 quia
188 856 277 915 ejus
303 856 588 916 intelligentia
627 857 829 903 distincte
862 859 1023 903 dicitur
1052 858 1256 917 spiritus,
1291 856 1451 915 poteris

57 939 213 983 negare
235 928 486 972 universum
503 944 649 973 semen
668 930 805 974 Jacob
824 929 1032 989 appellari
1046 928 1221 982 lsrael&
1242 927 1452 987 quoniam

59 1006 240 1056 excepto
261 997 392 1052 Juda,
417 999 545 1042 etiam
569 1000 773 1043 distincte
795 998 1037 1058 appellatus
1059 1007 1122 1041 est
1149 996 1279 1041 lsrael
1303 997 1345 1039 in
1369 995 1452 1039 tri-

57 1064 204 1112 bubus
235 1066 407 1122 decem,
444 1084 544 1129 quae
574 1069 618 1113 in
653 1068 842 1114 Samaria
867 1078 972 1112 tunc
1008 1067 1201 1111 fuerunt.
1235 1065 1319 1112 Sed
1342 1063 1451 1125 quid

55 1151 165 1195 opus
178 1146 242 1182 est
263 1139 333 1182 hic
355 1138 519 1182 diutius
542 1138 795 1183 immorari?

112 1209 341 1253 XXXVII.
378 1210 474 1252 Jam
493 1224 610 1253 nunc
628 1208 747 1253 unde
764 1208 930 1252 facilius
948 1207 1245 1261 ostendamus,
1269 1205 1450 1250 attende

55 1291 151 1322 eam
165 1294 265 1339 quae
280 1280 424 1323 anima
446 1288 526 1333 est,
546 1279 675 1323 etiam
692 1280 890 1338 spiritum
912 1278 1012 1333 dici,
1038 1292 1138 1322 cum
1157 1277 1281 1321 audis
1295 1275 1365 1320 vel
1387 1275 1453 1319 le-

57 1348 135 1406 giS,
158 1351 346 1395 Domino
368 1350 596 1406 moriente,
622 1350 742 1410 quod
759 1350 967 1410 scriptum
993 1359 1057 1393 est
1083 1368 1092 1393 ε
1117 1367 1135 1391 «
1164 1351 1220 1392 Et
1245 1347 1453 1391 inclinato
1518 1356 1527 1363 “

60 1434 81 1458 »
106 1421 245 1478 capite
263 1421 443 1465 tradidit
468 1421 697 1480 spiritum4
718 1439 726 1465 :
751 1440 771 1463 »
802 1421 861 1464 ita
879 1421 944 1464 vis
966 1418 1169 1477 intelligi,
1196 1428 1405 1478 tanquam
1429 1432 1453 1460 a

56 1497 179 1548 parte
199 1491 504 1549 significaverit
532 1502 675 1536 totum
698 1507 787 1536 non
821 1491 942 1550 quod
975 1506 1023 1534 ca
1052 1505 1151 1549 quae
1187 1489 1330 1540 anima
1362 1496 1450 1540 est,

57 1559 190 1617 possit
208 1569 252 1605 et
273 1562 448 1620 spiritus
472 1563 732 1621 nuncupari.
760 1565 818 1606 At
846 1576 927 1620 ego
949 1569 1000 1604 ut
1022 1559 1182 1618 possim
1211 1557 1454 1617 expeditius

58 1630 243 1689 probare
260 1632 381 1692 quod
407 1633 521 1688 dico,
546 1642 591 1676 te
615 1633 758 1692 ipsum
777 1641 930 1676 testem
959 1631 1086 1675 citius
1109 1639 1151 1674 et
1181 1626 1454 1673 commodius

59 1700 295 1748 adhibebo.
315 1703 383 1748 Sic
400 1704 515 1747 enim
534 1704 733 1762 spiritum
748 1702 956 1755 definisti,
978 1711 1028 1744 ut
1045 1715 1199 1759 pecora
1217 1704 1455 1757 appareant

59 1785 149 1815 non
182 1772 381 1831 spiritum
417 1772 593 1827 habere,
633 1773 710 1816 sed
743 1771 946 1815 animam.
989 1767 1259 1813 lrrationalia
1290 1766 1454 1826 quippe

60 1840 159 1886 ideo
185 1841 411 1897 dicuntur,
438 1842 558 1902 quod
576 1843 661 1886 vim
679 1857 769 1886 non
787 1842 979 1886 habeant
1000 1838 1300 1897 intelligentiae
1323 1846 1454 1895 atque

63 1911 254 1957 rationis.
275 1912 402 1958 Unde
412 1928 512 1957 cum
528 1913 753 1957 hominem
766 1912 907 1970 ipsum
924 1910 1178 1954 admoneres
1193 1921 1314 1952 suam
1330 1920 1454 1951 nosse

62 1990 280 2035 naturam,
297 1983 357 2027 ita
373 1983 546 2027 locutus
563 1997 606 2026 es
627 2001 636 2027 :
660 2001 681 2024 «
700 1984 809 2027 Nam
831 1996 931 2026 cum
950 1984 1064 2025 Deus
1081 1980 1223 2024 bonus
1241 1976 1351 2022 nihil
1368 1991 1460 2020 non

63 2053 231 2098 ratione
250 2052 495 2098 condiderit
513 2088 524 2108 ‚
551 2054 782 2113 ipsumque
803 2052 1028 2096 hominem
1051 2049 1212 2095 animal
1231 2046 1458 2100 rationale,

63 2123 309 2169 intellectus
318 2139 536 2184 capacem,
552 2124 728 2168 rationis
740 2132 986 2182 compotem
995 2157 1005 2176 ,
1017 2135 1235 2179 sensuque
1243 2119 1457 2171 vivacem,

65 2194 143 2252 qui
156 2195 300 2239 omnia
311 2195 489 2239 rationis
498 2194 685 2254 expertia
699 2192 906 2252 prudenti
918 2190 1193 2236 ordinatione
1207 2188 1457 2240 distribuat,

65 2266 370 2322 procreaverit.
392 2283 412 2306 η
430 2266 507 2309 His
523 2265 610 2309 tuis
630 2264 772 2308 verbis
791 2264 889 2307 satis
907 2260 1124 2305 asseruisti
1141 2258 1261 2319 quod
1280 2257 1461 2302 omnino

68 2334 334 2378 verissimum
365 2343 431 2378 est
464 2335 688 2379 hominem
722 2347 812 2376 esse
845 2339 1091 2389 compotem
1126 2329 1302 2372 rationis
1330 2337 1461 2386 atque

70 2403 367 2462 intelligentiae
388 2419 608 2463 capacem,
633 2402 753 2463 quod
775 2401 928 2460 utique
943 2415 1033 2444 non
1051 2407 1152 2442 sunt
1169 2393 1371 2442 animalia
1392 2411 1462 2440 ra-

121 2514 129 2529 ¹
157 2518 169 2539 ι
190 2510 262 2540 Gor.
283 2518 351 2549 xiv,
376 2507 427 2549 ¹4·
444 2525 484 2531 -
501 2514 513 2529 ²
534 2506 650 2540 Confer
668 2505 724 2537 lib.
744 2516 788 2538 ιιι
801 2505 842 2537 de
860 2503 975 2537 Genesi
990 2502 1031 2535 ad
1052 2502 1206 2541 litteram,
1226 2511 1299 2543 cap.
1323 2511 1355 2542 7,
1384 2502 1404 2532 8
1429 2501 1463 2531 et

73 2572 160 2606 seqq.
179 2579 220 2587 —
237 2560 250 2586 ³
271 2562 289 2594 3
309 2563 388 2605 Reg.
410 2572 466 2602 xn,
485 2561 619 2595 28.—4
636 2562 728 2594 Joan.
749 2570 818 2600 xxx,
838 2559 888 2593 30.
