1784 3205
327 206 406 241 258
763 214 795 239 s.
834 210 1060 237 meusium
1095 209 1272 236 EPlSCOPi

328 298 348 320 »
373 288 416 323 et
439 291 614 322 manum
636 275 836 334 pauperis
858 283 900 317 et
922 273 1083 330 egentis
1100 287 1189 316 non
1215 271 1478 330 adiuvabant
1497 273 1555 313 ¹.»
1583 270 1703 326 Elige

319 351 426 409 jam,
451 348 608 408 inquit,
633 356 780 391 utrum
804 345 960 398 mavis,
989 353 1064 387 aut
1087 352 1238 402 reputa
1263 343 1411 388 divino
1440 342 1559 400 operi
1583 355 1703 385 com-

324 421 575 465 mixtionem
597 432 844 476 corporum,
871 425 946 460 aut
967 423 1210 459 creaturam
1232 414 1356 473 panis
1378 423 1421 457 et
1443 413 1532 456 vini
1554 412 1705 456 simili-

325 501 388 536 ter
410 490 565 534 malam
584 503 673 533 esse
696 486 844 531 defini.
869 484 998 539 Quod
1020 485 1053 529 si
1075 484 1242 539 seceris,
1269 492 1415 543 aperte
1439 482 1705 527 Manichoeus

303 576 412 606 *esse
434 559 714 605 convinceris.
736 556 1115 616 Concupiscentiae
1129 565 1275 600 autem
1292 553 1498 598 naturalis
1520 552 1594 612 qui
1613 567 1705 596 mo-

323 631 428 676 dum
446 639 579 683 tenet,
597 630 712 673 bono
733 629 841 671 bene
855 628 1015 683 utitur,
1032 627 1108 687 qui
1126 625 1306 669 modum
1325 639 1413 668 non
1431 631 1565 678 tenet,
1590 623 1706 667 bono

322 703 433 746 male
467 702 618 745 utitur.
649 700 767 752 Quid
795 698 899 742 dicis
924 713 1026 757 ergo
1047 733 1057 752 ,
1096 696 1239 756 inquit
1267 699 1284 722 2
1316 716 1325 752 3
1356 699 1421 739 Ita
1453 695 1705 753 nuptiarum

321 771 486 815 bonum
509 769 623 814 malo
648 767 861 827 originali,
881 769 1000 827 quod
1021 767 1123 811 inde
1146 766 1346 819 trahitur,
1366 780 1455 809 non
1477 773 1616 823 potest
1635 779 1707 808 ac-

319 840 481 896 cusari,
507 840 616 883 sicut
641 838 954 882 adulteriorum
989 836 1151 880 malum
1189 837 1303 880 bono
1337 834 1547 887 naturali,
1585 833 1706 893 quod

319 910 420 954 inde
434 910 639 963 nascitur,
658 924 746 954 non
762 907 1129 966 potestexcusariP
1146 907 1221 952 His
1239 906 1525 959 sermonibus,
1543 905 1702 963 inquit,

320 980 440 1039 quod
469 994 699 1036 negaveras
724 979 993 1032 concessisti,
1020 976 1141 1036 quod
1163 991 1432 1021 concesseras
1466 974 1674 1020 sustulisti
1695 993 1704 1018 ε

319 1058 362 1092 et
380 1047 487 1092 nihil
502 1048 634 1106 magis
650 1047 837 1100 laboras,
856 1061 985 1106 quam
1004 1056 1052 1090 ut
1068 1062 1219 1105 parum
1235 1046 1500 1104 intelligaris.
1517 1043 1708 1089 Ostende

319 1119 410 1162 sine
431 1118 739 1161 commixtione
762 1117 935 1175 nuptias
961 1117 1204 1176 corporales
1232 1136 1240 1161 :
1267 1126 1343 1161 aut
1369 1131 1505 1160 unum
1529 1114 1708 1174 aliquod

317 1188 420 1232 huic
451 1188 569 1245 operi
596 1202 755 1230 nomen
788 1188 1022 1245 imponito,
1065 1197 1110 1231 et
1140 1187 1209 1231 vel
1242 1188 1429 1240 bonum,
1454 1186 1523 1231 vel
1542 1186 1707 1230 malum

317 1258 570 1317 conjugium
608 1265 875 1314 nuncupato.
914 1257 1192 1315 Spopondisti
1222 1258 1373 1315 utique
1397 1257 1511 1300 bona
1528 1265 1571 1300 te
1595 1256 1707 1299 defi-

317 1327 410 1370 nire
431 1327 652 1385 conjugia:
680 1326 712 1369 si
730 1327 981 1384 conjugium
1006 1327 1189 1381 honum,
1211 1327 1244 1369 si
1266 1327 1398 1370 homo
1420 1325 1587 1369 fructus
1607 1340 1706 1369 con-

313 1397 423 1456 jugii
445 1398 600 1449 bonus,
618 1398 649 1439 si
667 1396 738 1439 hic
759 1395 927 1439 fructus
945 1410 1055 1453 opus
1075 1396 1149 1438 Dei
1172 1395 1310 1439 malus
1328 1411 1418 1439 esse
1435 1411 1521 1439 non
1539 1404 1703 1454 potest,

317 1466 394 1525 qui
409 1481 485 1524 per
508 1466 673 1510 bonum
697 1480 748 1508 ex
770 1465 886 1509 bono
906 1462 1217 1530 nasciturffiibi
1238 1466 1366 1523 igitur
1389 1465 1597 1524 originale
1619 1480 1708 1510 ma-

317 1535 426 1589 lum,
452 1534 573 1594 quod
591 1545 656 1579 tot
678 1534 937 1594 praejudiciis
963 1536 1276 1594 interemptum
1299 1539 1386 1580 est?
1411 1555 1430 1577 »

379 1608 558 1649 XXXV.
586 1605 654 1649 Ad
677 1606 768 1649 haec
791 1605 1031 1663 respondeo
1050 1640 1060 1659 ,
1081 1622 1169 1650 non
1191 1606 1333 1650 solum
1356 1605 1466 1650 filios
1486 1621 1538 1650 ex
1558 1606 1706 1664 conju-

321 1676 390 1734 gio
411 1711 421 1730 ,
447 1691 596 1719 verum
620 1691 669 1719 ex
695 1675 910 1719 adulterio
937 1676 1100 1719 bonum
1125 1676 1304 1736 aliquod
1332 1691 1436 1731 esse,
1464 1676 1705 1720 seeundum

320 1761 428 1804 opus
450 1746 526 1790 Dei
542 1761 630 1805 quo
646 1746 778 1790 creati
795 1754 896 1789 sunt
918 1765 926 1790 :
949 1746 1188 1790 secundum
1211 1756 1353 1791 autem
1373 1746 1582 1805 originale
1602 1762 1705 1804 pec-

319 1825 463 1861 catum
483 1852 492 1871 ,
518 1817 564 1860 in
591 1817 871 1861 damnatione
896 1818 1011 1861 nasci
1030 1827 1095 1861 est
1106 1817 1245 1862 Adam
1269 1818 1430 1876 primo,
1451 1833 1540 1861 non
1562 1816 1704 1861 solum

320 1888 354 1931 si
375 1887 429 1930 de
459 1886 694 1941 adulterio,
718 1902 869 1931 verum
897 1888 1026 1931 etiam
1054 1889 1088 1931 si
1110 1887 1164 1931 de
1185 1889 1387 1948 conjugio
1415 1897 1701 1946 generentur,

320 1957 399 2000 nisi
424 1957 469 1999 in
505 1956 642 2001 Adam
676 1956 893 2011 secundo,
932 1958 1007 2016 qui
1033 1973 1086 2002 ex
1117 1958 1337 2013 Christus,
1376 1967 1700 2018 regenerentur.

320 2025 450 2078 Quod
472 2035 617 2070 autem
640 2026 698 2070 ait
716 2026 948 2085 Apostolus
970 2028 1025 2070 de
1047 2027 1277 2086 improbis,
1299 2027 1502 2073 «Relicto
1518 2027 1706 2073 naturali

324 2111 344 2134 »
370 2110 451 2138 usu
469 2094 661 2139 foeminae
673 2105 923 2140 exarserunt
935 2097 980 2139 in
997 2096 1207 2142 desideria
1224 2099 1358 2142 suain
1375 2099 1578 2154 invicem,
1599 2114 1705 2142 mas-

324 2181 345 2205 »
371 2164 457 2208 culi
478 2164 524 2207 in
546 2165 759 2209 masculos
793 2165 1108 2223 turpitudinem
1131 2177 1358 2225 operantes
1373 2170 1388 2193 3
1407 2187 1416 2212 :
1442 2186 1460 2210 »
1486 2184 1576 2213 non
1596 2168 1706 2213 dixit

320 2248 448 2277 usum
471 2234 743 2294 conjugalem
760 2269 771 2288 ‚
796 2235 872 2279 sed
891 2236 1154 2291 naturalem,
1186 2252 1284 2280 eum
1308 2237 1458 2281 volens
1475 2237 1702 2297 intelligi4‚

322 2305 396 2362 qui
413 2304 461 2347 fit
488 2304 691 2348 membris
716 2305 772 2349 ad
800 2306 883 2350 hoc
905 2307 1078 2361 creatis,
1105 2316 1154 2350 ut
1176 2322 1251 2366 per
1273 2323 1321 2351 ea
1337 2308 1470 2366 possit
1491 2308 1546 2352 ad
1572 2324 1704 2367 gene-

322 2374 507 2418 randum
531 2390 654 2419 sexus
674 2385 858 2436 uterque
891 2378 1072 2422 misceri.
1098 2381 1161 2423 Ac
1182 2394 1258 2438 per
1284 2380 1389 2435 hoc,
1413 2395 1513 2424 cum
1541 2380 1704 2424 eisdem

373 2480 379 2493 ¹
412 2472 424 2496 f·
445 2475 560 2505 Ezech.
580 2487 643 2515 xvu,
672 2475 719 2517 ἧς).
747 2494 787 2498 -
808 2485 816 2498 ²
831 2478 909 2509 Vide
925 2489 1032 2520 supra,
1052 2478 1108 2510 lib.
1128 2487 1152 2517 ¹,
1171 2490 1244 2521 cap.
1274 2493 1299 2511 ι.
1322 2498 1357 2502 -v
1390 2480 1507 2513 3Ριοιῐι.
1537 2493 1558 2519 ι,
1584 2490 1638 2521 27-
1659 2498 1697 2503 --

324 2526 341 2556 l,
358 2528 493 2560 Videlib.
515 2541 534 2560 v
559 2531 652 2571 Oper
682 2531 807 2572 imperf.
832 2543 904 2574 cap.
929 2543 977 2573 ¹7·
