1804 3205
313 231 364 257 nn
398 232 565 258 memus
600 233 648 258 E't·
680 232 1050 271 concretam-:mih
1088 236 1169 261 Lm.
1209 238 1236 261 1.
1390 227 1471 265 223

80 295 275 355 Denique
307 295 414 354 quid
444 305 540 354 post
572 297 662 341 haec
693 297 920 353 intulerit,
950 297 1223 343 attendamus
1250 319 1258 343 :
1290 319 1305 338 «
1344 302 1472 346 Nulla

81 384 100 406 υ
136 379 254 423 ergo,
290 366 451 426 inquit,
491 369 799 413 condemnatio
823 381 884 414 est
916 386 1034 415 nunc
1072 370 1154 426 his,
1190 372 1265 431 qui
1296 383 1397 416 sunt
1430 374 1473 418 in

81 455 101 477 »
136 437 310 482 Christo
338 440 441 482 Jesu
467 441 495 481 ¹.
526 439 712 483 »Etiam
748 455 881 494 nunc,
919 441 1078 501 inquit,
1113 442 1292 502 quando
1323 442 1388 487 lex
1429 444 1472 488 in

78 507 282 552 membris
305 518 521 568 repugnat
543 509 628 567 legi
655 511 827 562 mentis,
853 521 895 555 et
917 513 1136 571 captivum
1163 512 1330 573 aliquid
1354 523 1472 559 tenet

77 578 119 622 in
149 594 331 638 corpore
362 581 511 624 mortis
542 581 692 640 hujus,
727 581 845 625 nulla
873 582 1182 628 condemnatio
1212 594 1276 629 est
1308 585 1356 629 iis
1397 587 1472 645 qui

74 659 179 694 sunt
215 651 259 694 in
292 652 466 696 Christo
499 655 618 696 JeSu.
657 652 773 696 Audi
803 669 937 713 quare
961 673 968 698 z
997 674 1016 696 «
1044 658 1130 699 Lex
1159 655 1272 699 enim
1297 656 1472 715 spiritus

78 739 98 763 »
123 721 243 775 vitae,
268 722 428 782 inquit,
454 724 497 767 in
521 724 692 769 Christo
717 727 820 768 Jesu
842 724 1040 770 liberavit
1062 741 1131 770 me
1149 743 1171 770 a
1189 726 1284 786 lege
1308 728 1472 786 peccati

75 800 121 836 et.
140 794 303 837 mortis.
327 795 563 850 Liberavit,
586 795 827 856 quomodo,
846 796 924 839 nisi
941 798 1041 856 quia
1064 799 1156 856 ejus
1180 807 1346 842 natum
1373 815 1471 857 pec·
1504 800 1509 847 j

77 873 275 909 catorum
299 866 498 910 omnium
521 867 770 912 remissione
791 867 979 912 dissolvit
1001 904 1011 922 ,
1038 878 1085 912 ut
1108 870 1305 929 quamvis
1327 870 1471 915 adhuc

75 945 270 990 maneat,
297 946 342 980 et
363 932 418 981 de
439 938 510 981 die
534 938 578 982 in
601 938 715 982 diem
748 939 882 997 magis
907 941 1131 1000 magisque
1154 941 1398 995 minuatur,
1425 941 1470 985 in

74 1015 303 1065 peccatum
328 1016 473 1051 tamen
501 1023 590 1052 non
614 1009 890 1067 imputetur?

130 1079 361 1122 xxxvlt.
400 1081 504 1123 Haec
539 1079 687 1138 itaque
725 1079 917 1123 remissio
955 1089 1231 1138 peccatorum
1270 1080 1469 1140 quandiu

75 1161 163 1192 non
191 1147 241 1191 fit
270 1148 314 1191 in
346 1147 482 1206 prole,
509 1148 567 1192 sic
602 1149 659 1192 ibi
693 1158 755 1193 est
779 1148 845 1192 lex
874 1150 952 1193 ista
981 1151 1162 1208 peccati,
1185 1160 1243 1194 ut
1271 1152 1398 1195 etiam
1424 1152 1468 1195 in

74 1225 299 1275 peccatum
328 1217 586 1277 imputetu1‚
627 1219 673 1262 id
705 1228 788 1274 est,
829 1229 878 1263 ut
907 1220 1036 1264 ctiam
1067 1230 1210 1265 reatus
1240 1223 1331 1281 ejus
1365 1237 1467 1266 cum

71 1286 144 1332 illa
173 1288 228 1331 sit
243 1288 356 1347 ,qui
378 1297 523 1332 teneat
545 1290 694 1333 aeterni
721 1289 922 1349 supplicii
945 1290 1202 1335 debitorem.
1236 1295 1328 1336 Hoc
1351 1293 1467 1336 enim

73 1358 232 1418 trajicit
255 1374 409 1417 parens
433 1360 476 1402 in
503 1359 669 1419 prolem
694 1360 910 1404 carnalem
932 1361 1088 1420 ,quod
1112 1362 1289 1428 estLipse
1312 1380 1466 1408 carna·
1493 1380 1499 1393 ⁴

70 1428 171 1473 lite1
186 1439 329 1485 natus,
350 1446 439 1474 non
457 1430 578 1490 quod
597 1431 719 1490 spirit
723 1430 822 1474 z÷rlit1
812 1447 846 1474 ι
861 1441 923 1475 est
940 1430 1261 1493 1e11atu33Quia
1276 1433 1466 1492 idipsum

70 1498 192 1559 quod
213 1499 443 1544 carnaliter
466 1509 593 1544 natus
616 1510 678 1544 est
701 1535 711 1555 ,
737 1501 936 1560 quamvis
959 1512 1080 1546 reatu
1103 1501 1245 1546 soluto
1269 1519 1358 1547 non
1382 1504 1465 1547 im-

71 1569 220 1629 pediat
242 1569 432 1614 fructum
458 1571 571 1630 ejus,
600 1580 745 1615 tamen
772 1581 976 1631 tanquam
999 1572 1044 1615 in
1065 1573 1228 1617 semine
1254 1573 1378 1617 olivae
1399 1573 1466 1618 la-

73 1650 155 1695 tet,
191 1641 359 1685 etiamsi
385 1651 562 1701 propter
595 1643 888 1687 remissionem
918 1653 1196 1702 peccatorum
1230 1644 1339 1688 nihil
1369 1644 1466 1690 oleo

71 1720 227 1766 nocet,
252 1711 289 1755 ei
316 1711 478 1756 scilicet
501 1713 624 1768 vitae,
651 1729 737 1772 qua
760 1714 1001 1758 secundum
1030 1714 1272 1768 Christum,
1305 1716 1380 1775 qui
1402 1725 1466 1759 est

72 1782 313 1841 appellatus
352 1782 407 1827 al)
443 1782 540 1828 oleo
561 1819 571 1839 ,
604 1783 649 1828 id
678 1793 762 1839 est,
794 1801 818 1829 a
843 1785 1073 1829 chrismate
1096 1820 1106 1839 ,
1133 1786 1276 1845 justus
1299 1802 1349 1830 ex
1379 1786 1464 1830 fide

71 1853 178 1897 vivit
196 1855 229 1896 ².
258 1856 352 1898 Hoc
375 1862 522 1898 autem
538 1854 657 1914 quod
680 1855 724 1897 in
749 1864 929 1913 parente
957 1865 1227 1913 regenerato,
1257 1866 1465 1916 tanquam
1491 1895 1499 1918 Ι,

71 1923 116 1968 in
135 1922 244 1968 oleae
264 1924 428 1967 semiue
444 1959 455 1978 ‚
481 1925 571 1968 sine
593 1924 685 1968 ullo
708 1934 828 1969 reatu
845 1960 855 1977 ,
882 1926 983 1985 quia
1004 1926 1229 1970 remissum
1249 1936 1311 1971 est
1329 1962 1339 1981 ‚
1362 1927 1465 1985 tegi·
1487 1919 1492 1935 ³

73 2002 168 2051 tur3
188 1992 386 2053 profecto
403 1995 447 2038 in
466 1993 587 2054 prole
610 1994 808 2040 nondum
831 2005 1096 2053 regenerata,
1121 1996 1242 2041 velut
1265 1997 1311 2041 in
1331 1996 1466 2042 oleas-

72 2074 156 2121 tro,
174 2080 277 2110 cum
294 2075 415 2110 reatu
433 2066 487 2110 ha
496 2067 636 2121 betur,
653 2068 792 2111 donec
808 2068 938 2111 etiam
959 2066 1047 2112 illic
1069 2068 1220 2112 eadem
1246 2070 1378 2126 gratia
1394 2084 1463 2113 re·

72 2135 283 2180 mittatur.
302 2137 365 2180 Ex
381 2152 470 2196 quo
489 2136 606 2180 enim
621 2135 760 2180 Adam
778 2152 828 2181 ex
843 2136 935 2182 olea
952 2137 1043 2193 tati,
1060 2138 1104 2181 in
1119 2154 1206 2198 qua
1223 2154 1303 2183 nec
1316 2154 1482 2189 semen,

72 2215 163 2250 erat
186 2206 436 2266 hujusmodi
453 2242 465 2263 ‚
496 2205 614 2251 unde
645 2208 891 2252 amaritudo
919 2218 1167 2252 nasceretur
1188 2208 1386 2264 oleastri,
1418 2211 1464 2254 in

72 2276 306 2322 oleastrum
344 2278 566 2337 peccando
603 2293 835 2322 conversus
863 2287 956 2336 est3
991 2279 1093 2338 quia
1130 2288 1218 2323 tam
1256 2295 1463 2339 magnum

71 2356 297 2405 peccatum
328 2345 427 2403 fuit,
454 2348 532 2391 ubi
560 2363 715 2408 magna
749 2349 871 2392 fieret
898 2349 943 2392 in
966 2348 1156 2392 deterius
1178 2351 1361 2395 mutatio
1385 2366 1463 2396 na-

75 2427 199 2475 turae,
240 2428 381 2464 totum
419 2435 554 2479 genus
592 2420 834 2464 humanum
873 2420 973 2465 fecit
1016 2419 1251 2466 oleastrum
1277 2424 1370 2468 :ita
1394 2433 1459 2479 ut,
1501 2468 1505 2478 ,

71 2488 462 2549 (quemadmodum
485 2506 603 2536 nunc
622 2492 668 2535 in
686 2491 786 2551 ipsis
806 2490 1004 2535 videmus
1023 2491 1284 2551 arboribus),
1301 2493 1334 2538 si
1354 2493 1461 2552 quid
1508 2502 1525 2546 ‘j

123 2578 134 2596 ¹
154 2574 333 2616 Rom-vm,
356 2586 435 2608 1.-
454 2576 533 2609 ²1d.
553 2588 577 2616 1,
603 2585 652 2618 ¹7·
