1804 3205
286 237 338 262 nr:
371 237 538 263 merus
572 237 623 262 ετ
654 237 776 262 couci
792 234 1021 272 PiscENT1A‚
1059 237 1139 261 mu.
1179 238 1224 261 11.
1363 222 1443 261 267

67 315 208 361 neque
241 299 511 343 voluntatem
549 302 688 358 arguit
725 300 923 360 parvuli,
958 315 1058 360 quae
1091 302 1260 359 propria
1295 301 1339 343 in
1375 301 1448 345 illo

65 372 259 416 nondum
287 381 350 416 est
384 370 438 415 ad
468 372 762 430 peccandum3
792 388 932 432 neque
960 372 1130 430 nuptias
1164 373 1205 415 in
1234 382 1446 431 quantum

63 444 229 502 nuptiae
243 453 345 487 sunt
360 436 493 506 ‚Quae
516 444 679 487 liabent
698 459 718 487 a
743 447 831 488 Deo
850 460 937 488 non
955 444 1095 488 solum
1112 444 1445 497 institutionem,

62 528 213 558 verum
231 514 359 557 etiam
381 510 752 572 benedictionem}
774 530 915 574 neque
934 523 1147 573 parentes,
1172 513 1216 557 in
1234 522 1449 572 quantum

63 593 261 644 parentes
283 593 399 636 sunt,
427 583 610 628 invicem
635 584 750 628 licite
772 594 902 644 atque
927 582 1116 643 legitime
1138 583 1191 627 ad
1215 598 1449 643 procrean-

63 654 140 699 dos
168 653 277 698 filios
304 654 524 714 conjugati
548 673 556 698 :
578 653 653 698 sed
679 674 687 698 ε
718 674 736 696 «
764 658 842 699 Per
862 671 1014 709 unum,
1043 656 1200 715 inquit,
1228 655 1449 699 hominem

65 743 86 765 »
122 734 348 784 peccatum
376 727 418 769 in
443 726 559 769 hune
588 726 802 770 mundum
824 727 1030 780 intravit,
1057 736 1099 770 et
1123 741 1199 785 per
1220 735 1448 784 peccatum

65 813 85 836 »
120 810 236 839 mors
256 813 266 845 ;
291 805 334 839 et
356 796 413 840 ita
436 796 481 839 in
503 812 652 840 omnes
675 797 872 841 homines
895 798 1156 855 pertransiit,
1175 797 1219 840 in
1242 812 1331 856 quo
1352 812 1450 841 om-

66 885 85 908 »
121 882 196 910 nes
215 871 543 926 peccaverunt¹.
570 887 588 908 »
612 869 740 921 Quod
760 869 824 912 isti
848 865 1122 930 sissalholicis
1138 868 1316 912 auribus
1329 883 1451 912 men-

63 933 587 999 tibusquerereiperent,
617 940 818 983 adversus
847 939 976 983 fidem
1002 941 1271 998 gratiamque
1293 939 1452 983 Christi

62 1007 241 1052 rebelles
264 1009 429 1053 animos
447 1025 534 1053 non
554 1009 780 1064 haberent,
803 1025 945 1069 neque
964 1019 1227 1054 conarentur
1246 1010 1449 1062 inaniter,

39 1076 113 1142 [ad
142 1093 269 1122 suum
296 1080 520 1137 proprium
550 1088 593 1122 et
623 1081 875 1123 haereticum
904 1075 1195 1134 sensumjhaec
1218 1078 1453 1138 apostolica

62 1150 194 1193 verba
219 1158 305 1193 tam
329 1149 521 1194 dilucida
544 1159 587 1194 et
609 1159 694 1194 tam
719 1150 944 1194 manifesta
967 1161 1235 1205 convertere,
1258 1166 1452 1195 asseren-

67 1229 126 1264 tes
143 1221 226 1265 hoc
244 1220 342 1264 ideo
359 1221 524 1265 dictum
541 1236 660 1272 esse,
681 1222 801 1281 quod
820 1221 958 1265 Adam
981 1222 1222 1279 peccaverit
1242 1221 1449 1279 mimum,

62 1291 106 1334 in
130 1306 219 1349 quo
240 1291 294 1334 de
317 1300 475 1335 caetero
497 1293 691 1351 quisquis
714 1307 892 1351 peccare
914 1291 1078 1345 voluit,
1104 1290 1343 1350 peccandi
1336 1307 1453 1335 mve-

61 1363 128 1406 nit
161 1360 407 1420 exemplum
445 1381 453 1406 :
492 1372 538 1406 ut
576 1372 800 1420 peccatum
837 1362 999 1407 scilicet
1041 1378 1129 1406 non
1172 1363 1452 1420 generatione
1472 1342 1489 1408 l

65 1430 211 1475 abillo
235 1447 323 1475 uno
344 1432 388 1475 in
412 1447 561 1475 omnes
585 1433 805 1486 homines,
830 1432 905 1476 sed
925 1431 1039 1476 illius
1063 1432 1190 1475 unius
1211 1432 1452 1475 imitatione

63 1502 279 1545 transiret.
316 1503 429 1546 Cum
462 1502 686 1560 profecto,
726 1503 760 1545 si
798 1502 1030 1561 Apostolus
1064 1502 1348 1546 imitationem
1384 1501 1454 1544 hic

63 1571 245 1630 intelligi
267 1572 500 1626 voluisset,
526 1588 614 1617 non
637 1588 714 1632 per
736 1588 873 1616 unum
900 1573 1144 1627 hominem,
1164 1573 1240 1616 sed
1258 1587 1334 1631 per
1356 1572 1450 1616 dia—
1484 1567 1498 1611 4

65 1642 217 1686 bolum
241 1643 382 1702 potius
405 1644 449 1686 in
472 1643 590 1688 hunc
612 1643 826 1688 mundum
850 1654 1077 1702 peccatum
1102 1644 1293 1697 intrasse,
1317 1652 1360 1687 et
1377 1658 1454 1701 per

65 1727 214 1756 omnes
245 1714 441 1757 homines
474 1714 753 1772 pertransisse
782 1713 968 1758 dixisset.
1003 1718 1062 1758 De
1091 1714 1264 1758 diabolo
1291 1714 1454 1772 quippe

65 1783 274 1841 scriptum
314 1793 379 1827 est
412 1803 422 1828 ·.
461 1803 479 1825 «
523 1785 755 1828 Imitantur
795 1793 939 1828 autem
981 1799 1081 1828 eum
1100 1819 1110 1838 ,
1150 1784 1225 1842 qui
1263 1793 1366 1827 sunt
1401 1798 1452 1826 ex

71 1871 90 1893 »
126 1862 247 1911 parte
279 1853 410 1911 ipsius
424 1857 456 1896 ².
487 1872 506 1894 »
535 1854 619 1898 Sed
641 1853 738 1898 ideo
764 1870 840 1913 per
867 1870 1004 1898 unum
1029 1855 1251 1898 hominem
1272 1853 1379 1896 dixit
1397 1887 1408 1906 ‚
1430 1868 1452 1896 a

67 1938 158 1983 quo
180 1924 400 1982 generatio
424 1925 576 1984 utique
598 1925 827 1968 hominum
850 1924 984 1983 coepit
1004 1959 1014 1978 ‚
1043 1935 1090 1968 ut
1112 1940 1187 1982 per
1209 1923 1453 1981 generatio·
1480 1912 1505 1966 J

68 2009 167 2038 nem
191 1995 366 2038 doceret
388 1995 466 2039 isse
489 2010 565 2054 per
586 2010 734 2039 omnes
758 1993 965 2053 originale
993 1995 1262 2053 peccatum3.

127 2065 284 2108 XLVI.
327 2064 438 2117 Quid
480 2073 625 2108 autem
667 2064 785 2108 aliud
824 2064 1019 2109 indicant
1061 2066 1189 2108 etiam
1232 2064 1454 2123 sequentia

68 2135 201 2178 verba
239 2134 506 2193 apostolica?
545 2136 655 2180 Cum
694 2135 808 2178 enim
850 2135 934 2178 hoc
975 2133 1149 2178 dixisset
1169 2169 1179 2188 ‚
1219 2133 1417 2193 adjunxit
1443 2152 1452 2177 ;

72 2224 92 2246 «
120 2207 264 2265 Usque
285 2205 400 2248 enim
429 2205 483 2249 ad
506 2205 644 2264 legem
670 2215 896 2264 peccatum
923 2205 966 2248 in
989 2205 1156 2249 mundo
1176 2204 1259 2248 fuit
1281 2205 1351 2248 :id
1373 2212 1451 2257 est,

71 2294 92 2318 »
127 2277 229 2336 quia
258 2276 353 2319 haec
379 2276 448 2319 lex
475 2276 617 2334 potuit
649 2275 819 2319 auferre
852 2285 1076 2334 peccatum
1099 2277 1131 2318 ⁴.
1168 2293 1187 2315 »
1223 2277 1453 2318 Peccatum

71 2354 232 2400 autem,
252 2346 395 2404 inquit
414 2380 424 2400 ,
446 2361 535 2390 non
553 2345 864 2404 deputabatur,
883 2360 983 2389 cum
1004 2344 1072 2388 lex
1094 2359 1183 2388 non
1200 2353 1322 2388 esset.
1350 2347 1455 2388 Erat
1656 2356 1685 2371 ⁰
1703 2344 1710 2358 ¹

70 2431 189 2475 ergo,
209 2415 286 2460 sed
305 2431 393 2460 non
410 2416 726 2475 deputabatur3
749 2416 850 2474 quia
873 2430 962 2459 non
982 2414 1311 2469 ostendebatur,
1333 2416 1454 2474 quod

119 2523 127 2537 ¹
150 2493 294 2557 Romsv,
319 2525 424 2548 1'2.-
441 2522 452 2537 ²
474 2518 547 2557 Sap.
572 2527 604 2557 n,
627 2517 680 2547 25.
699 2533 739 2538 —
755 2514 767 2538 3
787 2516 865 2548 Vlde
879 2515 932 2547 lib.
953 2526 972 2548 u
990 2517 1087 2558 Oper.
1108 2516 1233 2558 imperf.
1253 2516 1325 2548 cah.
1353 2516 1392 2557 57
1413 2532 1451 2537 ·—

72 2569 88 2599 4
114 2573 204 2603 Rom.
224 2583 256 2611 vy
281 2572 328 2603 13.
