1804 3205
357 246 436 273 Lm.
475 247 520 272 u.
560 247 610 272 nr.
644 247 821 273 rnccvro
854 248 1090 276 oritorum.
1343 235 1417 274 153

33 313 99 356 sit.
128 311 331 356 Paulinus
353 313 561 356 diaconus
583 312 688 356 «lixit
715 334 722 357 :
747 317 821 358 Est
843 313 997 373 aliquis
1026 315 1164 358 alius?
1186 315 1418 359 Cielestius

32 383 139 426 dixit
167 402 174 426 :
205 382 358 426 Audivi
388 393 427 425 et
455 382 596 441 plures
620 383 776 427 dicere.
809 384 1015 429 Paulinus
1039 384 1249 429 diaeonus
1273 383 1380 427 dixit
1407 403 1414 426 ε

36 453 109 497 nic
145 454 319 497 nomina
352 454 557 513 ipsorum.
597 454 827 498 Coelestius
858 454 965 499 dixit
991 476 999 500 :
1024 458 1121 500 Non
1150 455 1230 499 tibi
1261 454 1422 498 suflicit

34 539 147 568 unus
174 525 405 569 sacerdos?
424 528 478 569 Et
498 535 595 584 post
618 524 761 585 aliqua
785 526 869 569 alio
892 526 1002 571 loeo.
1030 526 1229 571 Aurelius
1252 525 1419 585 episco-

33 611 113 654 pus
131 594 234 638 dixit
256 615 262 639 :
286 595 467 655 Reliqua
487 595 622 639 libelli
639 596 853 654 legantur.
877 599 932 641 Et
948 597 1174 642 recitatum
1193 606 1270 650 est,
1292 595 1421 648 Quod

36 664 222 710 infantes
259 667 334 725 qui
371 677 626 719 nascuntur,
668 668 710 710 in
752 683 802 711 eo
841 677 953 711 statu
995 668 1104 724 sint,
1141 669 1185 711 in
1219 683 1308 727 qno
1338 666 1422 710 fuit

36 739 172 782 Adam
197 747 296 781 ante
319 739 697 797 transgressionem
723 759 731 783 :
756 755 893 799 usque
914 741 958 783 in
978 741 1106 783 finem
1129 738 1260 783 libelli
1280 739 1422 782 mino-

34 808 90 851 ris
124 809 320 868 superius
356 809 520 852 inserti.
557 809 757 853 Aurelius
793 810 1018 869 episcopus
1059 809 1163 853 dixit
1193 829 1200 853 :
1229 809 1421 852 Doeuisti

33 878 212 923 Coelesti
235 879 469 939 aliquando
487 915 496 933 ‚
523 889 572 923 ut
594 880 703 923 dixit
725 880 932 924 diaeonus
958 878 1184 934 Paulinus,
1208 878 1326 938 quod
1353 879 1421 921 in-

37 948 171 992 l'antes
195 951 269 1010 qui
295 960 549 1004 nascuntur,
577 951 620 994 in
647 966 698 994 eo
721 960 834 994 statu
860 951 969 1005 sint,
998 952 1041 994 in
1064 967 1153 1010 quo
1179 949 1259 993 fuit
1286 949 1422 993 Adam

34 1029 133 1063 ante
171 1021 592 1079 transgressionem?
627 1020 859 1065 Coelestius
896 1020 1040 1075 dixit,
1085 1024 1283 1080 Exponat
1317 1019 1424 1079 quid

33 1090 172 1143 dixit,
199 1101 297 1135 ante
323 1092 701 1149 transgressionem
728 1092 934 1136 Paulinus
957 1091 1165 1136 diaeonus
1188 1091 1295 1134 dixit
1322 1110 1330 1135 :
1359 1093 1422 1133 Tu

32 1176 139 1219 nega
167 1162 249 1205 hoc
282 1171 323 1205 te
355 1161 568 1206 docuisse.
599 1164 744 1206 Unum
773 1171 836 1206 est
858 1178 881 1205 e
903 1163 1077 1206 dnobus
1098 1198 1107 1216 ,
1132 1171 1207 1205 aut
1230 1169 1358 1219 neget
1381 1176 1424 1203 se

31 1232 244 1286 docuisse,
282 1243 355 1277 ant
380 1235 467 1293 jam
501 1233 680 1277 damnet
714 1234 846 1278 istud.
891 1233 1122 1278 Coelestius
1161 1232 1266 1276 dixit
1293 1253 1301 1276 2
1328 1234 1423 1275 Janl

31 1305 139 1358 dixi,
160 1315 344 1363 exponat
363 1305 585 1364 quomodo
603 1305 708 1348 dixit
727 1341 737 1359 ,
767 1314 866 1348 ante
886 1305 1281 1362 transgressionem.
1310 1306 1423 1346 Pau-

32 1374 145 1418 linus
164 1376 372 1419 diaeonus
391 1375 497 1419 dixit
521 1395 528 1420 z
553 1379 669 1433 Nega
694 1384 737 1419 te
759 1376 829 1419 illa
854 1376 1061 1420 docuisse.
1086 1373 1287 1418 Aurelius
1310 1374 1424 1432 epis—

30 1460 165 1504 copus
189 1445 295 1489 dixit
319 1466 326 1489 :
347 1449 486 1504 Rogo,
518 1445 624 1505 quid
659 1445 902 1503 collegerim
935 1461 1016 1503 ego
1045 1460 1094 1488 ex
1122 1445 1250 1503 hujus
1278 1443 1423 1502 objec-

32 1517 163 1570 tione,
189 1517 304 1570 dico,
332 1517 468 1560 Adam
495 1518 755 1561 constitutus
779 1517 823 1560 in
849 1517 1064 1575 paradiso,
1089 1516 1208 1575 quod
1236 1524 1336 1558 ante
1356 1514 1425 1557 di-

31 1597 154 1632 catur
179 1588 563 1632 inexterminabilis
586 1587 742 1642 factus,
768 1598 916 1647 postea
942 1603 1018 1647 per
1042 1586 1424 1645 transgressionem

34 1660 239 1717 praecepti
260 1659 397 1703 faetus
416 1662 467 1703 sit
483 1659 793 1718 corruptibilis.
821 1662 911 1703 Hoc
927 1659 1050 1712 dieis,
1071 1657 1203 1701 frater
1222 1656 1427 1700 Pauline?

34 1729 238 1773 Paulinus
262 1729 470 1775 diaeonus
499 1730 605 1774 dixit
634 1750 642 1775 ε
670 1733 778 1784 Hoc,
807 1730 1006 1774 Domine.
1034 1729 1235 1772 Aurelius
1259 1728 1425 1787 episco-

33 1814 115 1858 pus
137 1799 245 1844 dixit
272 1821 280 1845 :
309 1803 451 1846 Status
479 1810 596 1845 certe
623 1799 842 1844 infantum
869 1800 1000 1844 hodie
1030 1798 1389 1857 baptizandorum
1412 1832 1422 1851 ‚

36 1883 182 1914 utrum
206 1872 299 1914 talis
322 1873 390 1924 sit,
423 1871 561 1930 qualis
587 1871 668 1914 fuit
691 1881 790 1914 ante
814 1870 1194 1928 transgressionem
1225 1867 1346 1921 Adae,
1373 1883 1426 1911 an

33 1951 150 1984 certe
167 1941 222 1985 de
240 1942 393 1985 eadem
408 1942 572 1999 origine
590 1941 772 1999 peceati,
795 1942 848 1983 de
862 1955 947 1999 qna
966 1939 1170 1992 nascitur,
1193 1947 1428 1996 transgres-

33 2013 162 2055 sionis
182 2012 355 2071 eulpam
376 2012 545 2068 tra‘liat3
566 2012 649 2055 hoe
677 2010 771 2054 vult
791 2011 1000 2054 diaconus
1025 2008 1232 2054 Paulinus
1257 2009 1422 2052 audire.

36 2082 242 2126 Paulinus
260 2083 468 2126 diaeonus
485 2082 619 2126 dixit:
640 2083 791 2125 Utrum
813 2081 964 2124 docuit
981 2081 1080 2133 hoc,
1098 2095 1151 2123 an
1171 2095 1259 2122 non
1282 2087 1424 2136 neget.

34 2152 268 2197 Coelestius
297 2152 402 2197 dixit
431 2172 439 2197 :
465 2155 560 2195 Jam
583 2152 638 2195 de
660 2152 839 2196 traduce
862 2152 1027 2210 pcccati
1049 2150 1138 2194 dixi
1157 2185 1167 2204 ,
1194 2150 1294 2209 quia
1316 2150 1427 2193 intra

35 2223 304 2267 Catholicam
336 2223 594 2268 constitutos
624 2221 767 2281 plures
802 2221 944 2265 audivi
970 2221 1208 2274 destruere,
1240 2234 1429 2263 necnon

36 2303 78 2337 et
112 2293 215 2338 alios
243 2304 433 2338 astruere
456 2313 463 2338 :
486 2293 584 2338 licet
607 2293 856 2353 quaestionis
880 2308 944 2336 res
965 2292 1018 2335 sit
1041 2292 1118 2335 ista
1136 2326 1145 2344 ,
1174 2306 1261 2333 non
1286 2291 1427 2334 hiere-

38 2365 106 2408 sis.
135 2365 328 2409 Infantes
351 2379 518 2423 semper
549 2363 635 2407 dixi
659 2378 786 2421 egere
812 2364 1041 2422 baptism0‚
1069 2377 1118 2405 ae
1141 2361 1301 2405 debere
1324 2362 1431 2421 bap-

44 2435 125 2477 zari
155 2453 163 2478 :
189 2433 294 2493 quid
320 2434 477 2493 quaerit
499 2433 616 2477 aliud
633 2435 652 2476 Ξ)
671 2452 688 2473 ι)

101 2505 174 2546 IV.
201 2506 366 2562 Nempe
396 2504 569 2547 cernitis
592 2503 652 2547 sic
679 2501 935 2547 coelestium
960 2502 1216 2546 concessisse
1240 2500 1428 2559 parvulis

45 2574 305 2633 baptismum
325 2610 334 2620 ,
361 2584 411 2619 ut
438 2576 482 2618 in
515 2589 586 2619 eos
608 2575 790 2618 transire
816 2574 944 2633 primi
966 2573 1151 2618 hominis
1180 2582 1424 2631 peceatum.
