1784 3205
337 203 419 240 390
776 215 807 238 s.
845 211 1073 238 At‘oustmm
1108 211 1285 237 eviscovi

334 279 414 322 tibi
433 287 495 321 est
516 277 704 336 aliquid:
726 277 930 336 quoniam
947 285 994 318 tu
1012 276 1139 319 etiam
1160 276 1261 319 inde
1284 275 1577 319 testimonium
1592 274 1717 319 adhi-

333 347 525 392 bendum
547 348 721 406 putasti.
748 350 912 403 Nempe
940 354 1084 389 sancta
1110 348 1320 403 Perpetua
1342 346 1430 388 visa
1464 345 1546 389 sibi
1580 354 1644 388 est
1672 346 1717 389 in

335 418 511 471 somnis,
536 431 636 460 curn
658 416 849 475 quodam
862 416 1070 473 AEgyptio
1092 416 1137 458 in
1154 415 1295 458 virum
1318 429 1524 459 conversa
1541 414 1714 459 luctari.

334 488 439 541 Quis
457 495 599 531 autem
623 486 819 538 dubitet,
844 484 889 527 in
906 484 980 528 illa
1001 484 1282 528 similitudine
1312 484 1504 542 corporis
1526 484 1717 528 animam

334 559 424 615 ejus
443 556 592 610 fuisse,
612 571 701 599 non
719 568 892 612 corpuS,
913 553 1033 614 quod
1051 554 1204 613 utique
1225 554 1269 597 in
1295 569 1373 597 suo
1391 552 1598 597 foemineo
1617 567 1719 597 sexu

335 642 538 680 manens,
564 626 712 684 sopitis
734 625 929 668 sensibus
940 624 1111 684 jacebat
1132 624 1175 667 in
1193 625 1357 677 stratis,
1383 622 1561 684 quando
1579 623 1720 667 anima

334 699 424 755 ejus
447 697 491 739 in
512 695 587 740 illa
612 697 745 740 virilis
767 695 958 754 corporis
988 695 1270 738 similitudine
1294 694 1545 738 luctabatur
1569 695 1586 737 Ρ
1608 691 1721 746 Quid

334 768 404 811 hio
426 767 531 811 dicis
553 769 571 810 Ξ)
593 769 836 811 Verum·ne
859 775 951 811 erat
983 780 1139 824 corpus
1161 765 1235 808 illa
1257 766 1336 809 viri
1359 763 1595 809 similitudo
1610 798 1620 817 ,
1642 779 1720 807 an-

333 853 422 881 non
440 845 531 881 erat
548 852 721 894 corpus,
742 837 938 896 quamvis
951 837 1133 880 haberet
1155 835 1485 879 similitudinem
1501 835 1719 893 corporis?

334 907 458 965 Elige
480 907 587 965 quid
609 907 730 951 velis.
752 907 795 951 Si
812 922 969 965 corpus
992 915 1084 949 erat
1100 940 1110 956 ‚
1128 921 1206 949 cur
1224 921 1311 948 non
1340 904 1536 948 servabat
1555 903 1722 961 vaginae

335 993 422 1021 sure
445 977 627 1021 formam
650 980 667 1021 Ρ
693 980 845 1036 Neque
874 978 988 1020 enim
1012 977 1057 1020 in
1081 976 1195 1019 illins
1219 975 1414 1019 foeminae
1434 990 1562 1019 carne
1580 974 1721 1019 virili-a

337 1056 553 1104 repererat
571 1046 789 1103 genitalia,
809 1046 927 1089 unde
947 1048 1003 1089 ita
1023 1056 1163 1104 posset
1180 1061 1269 1089 sese
1291 1045 1568 1100 coarctando,
1588 1053 1647 1099 et,
1673 1053 1722 1088 ut

336 1124 380 1158 tu
403 1115 613 1174 loqueriS,
638 1135 657 1157 «
681 1116 864 1172 gelando
887 1116 1077 1160 formari.
1107 1135 1125 1157 >›
1152 1117 1317 1160 Deinde
1339 1116 1517 1160 obsecro
1542 1125 1599 1170 te,
1620 1129 1721 1159 cum

334 1200 489 1242 corpus
511 1183 764 1228 dormientis
788 1186 932 1228 adhuc
950 1186 1136 1239 viveret,
1159 1185 1337 1243 quando
1354 1187 1446 1244 ejus
1463 1186 1604 1228 anima
1626 1184 1722 1228 luc-

334 1254 509 1297 tabatur
527 1289 538 1308 ,
558 1255 602 1297 in
620 1270 695 1298 sua
713 1255 865 1312 vagina
887 1263 978 1297 erat
993 1288 1004 1308 ,
1025 1254 1178 1313 utique
1205 1255 1407 1298 omnibus
1427 1254 1633 1298 membris
1654 1255 1721 1298 vi-

333 1325 471 1370 ventis
504 1325 668 1369 inclusa
688 1360 699 1379 ,
726 1335 768 1369 et
792 1327 836 1368 in
861 1326 952 1385 ejus
973 1340 1153 1384 corpore
1182 1340 1303 1369 suam
1330 1324 1514 1369 formam
1531 1359 1542 1378 ‚
1561 1325 1615 1368 de
1632 1339 1722 1384 quo

333 1395 475 1439 fuerat
504 1394 685 1439 formata
705 1431 716 1450 ,
755 1396 953 1440 servabat
984 1415 993 1440 :
1030 1396 1227 1440 nondum
1262 1396 1424 1455 quippe
1457 1405 1573 1439 artus
1606 1395 1718 1449 illos,

332 1466 442 1509 sicut
473 1466 521 1509 fit
545 1466 590 1508 in
608 1475 748 1510 morte
763 1501 773 1519 ,
794 1466 1027 1526 reliquerat
1049 1487 1059 1523 3
1080 1466 1278 1510 nondum
1297 1466 1490 1510 membra
1513 1481 1565 1509 ex
1579 1480 1720 1509 mem«

335 1534 423 1577 bris
439 1533 623 1578 formata
642 1551 691 1578 ex
707 1535 999 1580 formantibus
1017 1546 1200 1595 cogente
1215 1537 1258 1581 vi
1281 1536 1430 1580 mortis
1451 1545 1718 1593 extraxerat3

335 1603 452 1647 unde
475 1604 607 1661 igitur
629 1615 719 1649 erat
742 1605 864 1649 virile
887 1606 1042 1649 animae
1065 1622 1221 1664 corpus
1240 1641 1251 1660 ,
1275 1607 1319 1649 in
1350 1622 1439 1665 quo
1462 1607 1541 1650 sibi
1563 1606 1720 1649 luctari

333 1686 430 1715 cum
451 1673 692 1717 adversario
720 1674 950 1718 videbatur
973 1677 989 1717 ?
1017 1675 1059 1719 Si
1082 1685 1227 1720 autem
1253 1691 1342 1720 non
1363 1684 1454 1719 erat
1476 1691 1654 1733 corpus,
1676 1685 1719 1720 et

333 1749 480 1784 tamen
502 1751 594 1785 erat
611 1742 774 1802 aliquid
791 1743 928 1787 simile
950 1745 1156 1803 corporis,
1173 1745 1217 1788 in
1233 1761 1322 1803 quo
1339 1761 1438 1788 sane
1455 1760 1581 1790 verus
1595 1745 1720 1789 labor

334 1820 409 1854 aut
430 1826 529 1855 vera
552 1812 702 1857 laetitia
723 1815 954 1858 sentiretur
970 1849 980 1868 ,
995 1815 1086 1873 jam
1116 1830 1170 1858 ne
1192 1816 1369 1858 tandem
1390 1814 1508 1859 vides
1528 1850 1538 1869 ‚
1560 1830 1718 1874 quem-

333 1880 570 1925 admodum
592 1884 683 1926 fieri
707 1885 860 1942 possit,
879 1894 926 1929 ut
945 1885 1003 1928 sic
1021 1885 1067 1928 in
1090 1885 1231 1929 anima
1252 1885 1491 1930 similitudo
1513 1885 1716 1946 quaedam

334 1965 407 1995 cor
412 1952 540 2009 poris,
562 1967 641 1996 nec
663 1953 754 2012 ipsa
771 1955 825 1998 sit
846 1970 1028 2012 eorpus.
1021 1956 1038 1988 ἶ)

390 2023 514 2065 XXV
518 2025 576 2066 Π.
603 2024 719 2075 Quid
736 2026 769 2067 si
794 2026 876 2068 tale
898 2024 1063 2083 aliquid
1085 2023 1203 2083 apud
1222 2023 1382 2069 inferos
1406 2026 1585 2083 geritur,
1610 1998 1653 2069 et
1671 2025 1718 2070 in

335 2090 394 2133 eis
411 2105 454 2133 se
466 2106 555 2134 non
571 2094 842 2150 corporibus,
856 2095 929 2137 sed
945 2110 1019 2138 001
1024 2109 1176 2152 porum
1195 2094 1552 2139 similitudinibus
1563 2095 1719 2139 animae

334 2163 604 2217 agnoscunt?
627 2164 738 2206 Cum
761 2164 875 2207 enim
898 2165 1032 2207 tristia
1056 2165 1257 2222 patimur,
1272 2165 1467 2222 quamvis
1480 2166 1524 2208 in
1537 2166 1713 2220 somnis,

337 2230 415 2272 etsi
431 2231 727 2278 membrorum
739 2249 1048 2292 corporeorum
1062 2234 1114 2277 sit
1127 2233 1199 2277 illa
1216 2234 1471 2289 similitudo,
1486 2250 1575 2279 non
1587 2250 1720 2279 mem-

333 2299 410 2343 bra
428 2302 634 2359 cerporea
650 2320 661 2353 3
677 2319 765 2347 non
789 2313 852 2348 est
870 2313 1012 2348 tamen
1035 2320 1177 2363 poenae
1194 2304 1447 2359 similitudo,
1463 2306 1539 2348 sed
1554 2321 1684 2363 poena
1701 2325 1710 2350 :

330 2369 388 2411 sie
408 2370 536 2412 etiam
555 2371 631 2414 ubi
649 2372 748 2416 laeta
767 2374 1028 2418 sentiuntur.
1054 2374 1136 2418 Sed
1159 2374 1365 2432 quoniam
1386 2383 1531 2418 sancta
1549 2378 1711 2433 Perpe-

334 2446 403 2481 tua
427 2440 624 2482 nondum
643 2450 733 2484 erat
754 2452 923 2486 mortua
939 2479 950 2500 ,
976 2458 1063 2487 non
1086 2443 1148 2487 vis
1174 2443 1275 2486 hinc
1299 2443 1378 2486 tibi
1401 2442 1577 2488 fortasse
1599 2460 1712 2503 prae-

331 2507 457 2550 scribi
484 2526 492 2551 2
523 2523 624 2552 cum
653 2510 780 2555 valde
808 2513 862 2555 ad
887 2528 981 2574 rem
1008 2513 1247 2571 pertineat,
1273 2514 1396 2571 cujus
1424 2528 1514 2557 esse
1541 2522 1710 2558 naturae
