1784 3205
312 213 393 249 120
749 223 781 247 ς,
818 221 1048 247 AI‘GI‘STINI
1081 221 1261 247 Episcopi

313 307 330 329 n
357 296 420 332 est
441 287 547 330 mihi
577 285 776 330 stimulus
805 286 942 330 carnis
965 301 1096 341 meae,
1127 285 1301 343 angelus
1327 287 1495 330 Satanae
1526 281 1600 346 qui
1621 301 1690 329 me

311 377 330 399 »
356 357 612 416 colaphizet.
651 360 831 416 Propter
857 357 976 416 quod
1008 365 1071 399 ter
1097 356 1330 400 Dominum
1354 356 1515 412 rogavi,
1541 365 1590 399 ut
1613 371 1691 400 au-

309 448 328 470 »
355 428 485 473 ferret
508 442 607 471 eum
627 443 649 471 a
669 442 759 485 me,
780 437 822 471 et
843 427 949 471 dixit
974 427 1079 471 mihi
1101 446 1109 472 :
1138 427 1306 471 Sufficit
1323 427 1402 470 tibi
1422 426 1556 484 gratia
1579 441 1686 469 mea.

308 519 327 540 »
354 501 461 544 Nam
485 499 620 542 virtus
643 498 687 540 in
710 497 959 541 infirmitate
985 498 1249 557 perficitur¹.
1277 514 1295 537 ι)
1326 495 1481 540 Procul
1503 495 1639 539 dubio
1658 497 1692 539 si

299 571 389 629 jam
403 584 587 622 summa,
604 577 647 612 et
660 568 728 611 cui
748 567 855 611 nihil
867 577 975 612 essct
989 568 1241 611 addendum
1252 570 1284 621 ²,
1298 567 1484 610 charitas
1498 566 1542 609 in
1554 570 1692 625 Apos-

304 640 394 685 tolo
418 649 523 683 tunc
544 638 695 683 fuisset
716 674 726 693 ,
755 655 854 698 quae
872 640 1049 683 omnino
1073 654 1160 682 non
1189 647 1333 697 posset
1360 638 1503 681 inssari
1523 673 1532 692 ‚
1558 652 1692 680 num-

303 711 411 770 quid
431 711 693 754 necessarius
720 719 829 754 esset
856 710 1032 767 angelus
1059 712 1228 754 Satanae
1245 745 1255 763 ,
1282 724 1370 768 quo
1397 708 1694 767 colaphizante

305 782 609 840 reprimeretur
643 780 798 834 elatio,
835 796 933 839 quie
966 781 1009 823 in
1043 781 1346 838 magnitudine
1377 779 1693 823 revelationum

303 862 447 909 posset
470 852 675 895 existere?
697 851 811 904 Quid
837 860 901 895 est
923 860 1067 895 autem
1092 850 1212 894 aliud
1234 850 1386 905 elatio,
1411 865 1541 910 quam
1565 851 1694 894 intla-

308 925 392 968 tio?
408 926 464 967 'Et
486 924 639 983 utique
654 923 708 967 de
721 922 931 967 charitate
945 922 1162 966 verissime
1183 921 1351 966 dictum
1370 931 1449 977 est,
1467 922 1696 967 «Charitas

307 1014 327 1037 n
350 1011 437 1040 non
460 994 708 1049 aemulatur,
734 1010 823 1039 non
840 995 1063 1038 inflaturss.
1087 1012 1105 1034 ι)
1125 996 1228 1038 Haec
1246 995 1393 1053 itaque
1411 994 1597 1037 charitas
1611 993 1692 1036 ad-

307 1068 390 1110 huc
415 1066 542 1109 etiarn
566 1067 612 1108 in
637 1074 756 1109 tanto
784 1065 992 1124 Apostolo
1015 1065 1069 1108 de
1089 1065 1158 1107 die
1181 1067 1224 1107 in
1248 1064 1360 1107 diem
1392 1064 1588 1122 profecto
1620 1079 1697 1107 au-

307 1137 504 1194 gebatur,
531 1135 726 1194 quandiu
747 1135 878 1179 homo
904 1136 994 1194 ejus
1017 1134 1194 1195 interior
1214 1134 1268 1177 (le
1284 1134 1353 1178 die
1368 1135 1412 1177 in
1435 1133 1550 1176 diem
1576 1148 1697 1176 reno‘

306 1207 487 1249 *saliatur
511 1208 548 1257 4,
587 1205 849 1263 perficienda
892 1206 982 1248 sine
1016 1204 1151 1248 dubio
1193 1204 1271 1247 uhi
1305 1206 1394 1263 jam
1431 1219 1520 1247 non
1555 1213 1697 1262 posset

307 1276 462 1319 inllari.
492 1278 613 1319 Tunc
642 1285 785 1318 autem
810 1290 931 1318 mens
949 1276 1039 1333 ejus
1064 1274 1211 1317 adhuc
1244 1283 1335 1317 erat
1369 1274 1448 1317 ubi
1470 1275 1700 1318 inflaretur

306 1344 604 1403 magnitudine
620 1344 908 1398 revelationis,
934 1344 1073 1389 donec
1090 1344 1343 1402 impleretur
1359 1343 1497 1388 solido
1513 1344 1696 1388 aedificio

305 1416 524 1459 charitatis
561 1434 568 1458 ε
606 1413 803 1459 nondum
845 1415 958 1457 enim
996 1414 1290 1474 perveniendo
1333 1413 1695 1473 apprehenderat,

305 1501 395 1545 quo
418 1484 686 1543 proficiendo
714 1484 930 1528 currebat.

364 1558 490 1598 XIII.
518 1554 711 1615 Ideoque
729 1554 896 1598 nolenti
914 1556 1080 1614 perpeti
1112 1554 1375 1609 molestiam,
1403 1571 1488 1615 qua
1509 1558 1603 1615 ejus
1625 1571 1699 1599 co—

308 1626 530 1669 hiberetur
552 1625 698 1680 elatio,
726 1634 825 1669 ante
848 1641 979 1685 quam
998 1635 1107 1669 esset
1120 1626 1164 1668 in
1181 1641 1231 1669 eo
1247 1627 1466 1670 charitatis
1484 1626 1637 1670 ultima
1656 1636 1698 1670 et

309 1710 476 1739 summa
495 1694 726 1753 perfectio,
754 1696 987 1740 rectissime
1012 1696 1188 1750 dicitur,
1217 1716 1236 1738 ι(
1269 1695 1441 1740 Sufficit
1466 1696 1546 1740 tibi
1565 1698 1697 1754 gratia

313 1786 332 1807 »
360 1782 468 1810 mea.
512 1769 620 1811 Nam
645 1767 780 1811 virtus
815 1767 857 1810 in
885 1767 1138 1811 infirmitate
1162 1768 1383 1825 perficitur
1400 1769 1414 1792 ⁵
1436 1786 1445 1812 ε
1472 1785 1491 1809 »
1514 1768 1559 1810 in
1579 1768 1701 1811 infir-

311 1838 459 1880 mitate
481 1837 642 1881 scilicet
658 1872 668 1891 ,
691 1852 780 1881 non
799 1846 847 1880 ut
869 1836 942 1880 ille
970 1846 1117 1895 putat,
1148 1857 1167 1878 «
1193 1838 1332 1882 carnis
1361 1846 1530 1882 tantum
1549 1858 1561 1895 3
1583 1856 1601 1878 »
1627 1838 1699 1881 sed

251 1904 253 1906 ’
309 1917 351 1951 et
371 1908 509 1951 carnis
532 1916 574 1951 et
597 1907 729 1951 animi
757 1927 764 1952 ;
791 1907 892 1967 quia
922 1917 964 1951 et
987 1909 1158 1952 animus
1181 1918 1272 1952 erat
1304 1910 1348 1952 in
1377 1909 1701 1968 comparatione

311 1993 492 2021 summae
510 1976 625 2022 illius
645 1977 923 2036 perfectionis
947 1979 1146 2023 infirmus
1162 2014 1172 2033 ,
1199 1980 1292 2033 cui,
1318 1995 1372 2023 ne
1404 1979 1697 2033 extolleretur,

314 2048 496 2107 proinde
513 2048 712 2091 stimulus
734 2049 874 2091 carnis
892 2049 1071 2107 angelus
1086 2052 1254 2093 Satanae
1276 2049 1604 2108 intelligebatur
1622 2049 1700 2094 da-

315 2129 379 2163 tus
407 2138 414 2162 :
442 2119 638 2178 quamvis
657 2127 765 2161 esset
784 2119 829 2161 in
847 2119 1086 2162 carnalium
1110 2119 1177 2162 vel
1202 2120 1476 2174 animalium,
1503 2120 1699 2164 nondum

316 2190 646 2248 percipientium
666 2205 764 2249 quae
789 2198 890 2233 sunt
915 2191 1098 2248 Spiritus
1113 2190 1231 2245 Dei⁶‚
1263 2192 1603 2250 comparatione,
1626 2192 1701 2234 fir-

314 2260 541 2303 missimus.
569 2260 780 2312 Quocirca
805 2260 839 2303 si
869 2260 1004 2304 virtus
1030 2260 1285 2304 infirmitate
1311 2261 1555 2320 perficitur,
1581 2263 1701 2321 quis-

317 2331 412 2389 quis
432 2345 475 2372 sc
499 2344 588 2373 non
611 2329 772 2373 fatetur
798 2330 1036 2384 infirmum,
1059 2345 1146 2374 non
1165 2331 1400 2389 perficitur.
1430 2334 1531 2375 Haec
1554 2342 1698 2376 autem

319 2401 450 2458 gratia
469 2416 555 2459 qua
572 2402 710 2444 virtus
724 2401 767 2444 in
791 2401 1040 2445 infirmitate
1057 2402 1294 2461 perficitur,
1312 2402 1638 2460 praedestinatos
1659 2412 1702 2447 et

365 2510 372 2525 ¹
397 2513 416 2534 ε),
434 2506 507 2535 Cor.
533 2515 591 2545 xii,
611 2514 641 2544 7.
657 2520 696 2525 —
710 2511 722 2526 ²
741 2504 819 2537 Vide
837 2504 893 2537 lib.
918 2516 953 2537 ιιι
974 2509 1088 2537 contra
1106 2506 1182 2537 duas
1198 2505 1298 2545 Epist.
1318 2505 1556 2546 Pelagianoruni
1574 2517 1646 2549 cap.
1667 2517 1696 2547 ¹7.

317 2576 357 2582 —-
375 2558 387 2582 3
412 2572 420 2591 ι
445 2562 517 2593 Cor.
543 2571 614 2600 xm,
633 2560 663 2601 4,
680 2577 721 2583 -
737 2559 752 2590 ‘0
767 2570 785 2593 2
805 2563 874 2595 Cor.
898 2564 1069 2603 1v,16--
1086 2560 1162 2593 5111.
1184 2572 1237 2601 xn,
1255 2572 1287 2603 9.
1303 2578 1343 2584 —
1358 2561 1372 2580 Ῥ
1400 2570 1410 2590 1
1433 2563 1502 2595 Cor.
1525 2573 1558 2604 n,
1582 2563 1630 2604 14.
