1784 3205
337 202 422 242 298
774 213 807 243 s.
843 212 1073 243 Aue-fusum
1104 215 1283 245 nmscon

338 279 583 325 nullum-ne
604 279 667 325 illi
688 280 949 326 beneficium
971 281 1220 340 putabimus
1241 297 1330 328 esse
1346 283 1575 340 collatum,
1595 286 1715 345 quod

337 361 483 411 raptus
501 362 565 397 est
580 368 635 396 ne
655 352 818 396 malitia
838 362 1027 397 mutaret
1048 353 1317 398 intellectum
1340 355 1455 415 ejus,
1479 365 1522 400 et
1541 366 1717 416 propter

336 424 414 468 Dei
431 424 744 484 praescientiam
760 460 771 480 ,
794 440 883 468 non
909 424 1020 469 sicut
1037 424 1165 469 fidele
1182 427 1427 470 membrum
1449 428 1624 483 Christi,
1643 428 1719 473 sed

336 494 448 539 sicut
487 504 725 554 apostatam
764 494 1050 555 judicandum
1089 511 1178 539 esse
1219 497 1515 541 censebimus?
1549 501 1720 551 Quanto

338 566 454 610 enim
477 565 647 622 melius,
666 568 699 610 si
723 576 897 626 peccata
917 566 1115 611 nondum
1137 566 1267 623 facta,
1293 567 1490 612 nondum
1514 570 1716 627 cogitata,

338 634 411 680 sed
451 637 717 695 praecognita
749 645 789 680 et
823 636 971 681 futura
1000 638 1268 696 puniuntur,
1301 638 1619 697 projicerentur
1657 639 1720 682 illi

336 704 425 749 duo
445 706 499 749 de
522 706 720 765 paradiso
742 717 841 752 ante
863 717 1112 766 peccatum,
1134 723 1190 752 ne
1210 709 1254 752 in
1277 706 1373 753 loco
1397 717 1484 752 tam
1505 718 1656 753 sancto
1677 719 1721 754 et
1741 764 1745 766 -

336 776 539 821 beatifico
568 780 844 836 peccaretur?
867 779 978 832 Quid
1006 778 1126 838 quod
1154 778 1245 837 ipsa
1272 780 1516 823 exinanitur
1543 780 1721 826 omnino

335 847 604 905 praescientia
622 882 632 903 ,
656 848 690 892 si
712 849 832 907 quod
855 849 1080 908 praeseitur
1101 864 1191 893 non
1213 849 1322 893 erit?
1353 848 1583 903 Quomodo
1605 850 1720 894 enim

336 928 451 963 recte
474 919 633 963 dicitur
654 920 842 979 praesciri
871 921 1094 975 futurum,
1131 920 1251 980 quod
1279 936 1369 965 non
1399 930 1461 965 est
1493 920 1722 965 futurum?

337 989 568 1041 Quomodo
587 1004 688 1047 ergo
706 991 952 1048 puniuntur
970 999 1143 1049 peccata
1161 1007 1258 1050 quae
1278 991 1398 1035 nulla
1424 1000 1547 1046 sunt,
1568 991 1612 1034 id
1629 999 1693 1035 est
1707 1026 1718 1046 ,

335 1075 434 1120 quae
457 1075 536 1107 nec
561 1062 645 1105 vita
667 1063 746 1106 ista
775 1060 973 1106 nondum
995 1062 1230 1121 incipiente
1251 1062 1477 1106 commissa
1498 1070 1601 1106 sunt
1621 1070 1721 1106 ante

336 1147 505 1176 carnem
519 1167 530 1187 ,
556 1148 635 1177 nec
651 1142 791 1177 morte
813 1135 1104 1193 praeveniente
1126 1142 1223 1192 post
1243 1135 1443 1178 carnem?

393 1204 512 1246 XVI.
542 1206 635 1247 Hoc
655 1203 801 1263 itaque
825 1203 1015 1247 medium
1034 1240 1044 1259 ,
1069 1220 1119 1248 ex
1148 1220 1236 1264 quo
1264 1205 1405 1247 anima
1435 1203 1561 1248 missa
1590 1211 1653 1247 est
1675 1202 1721 1246 in

338 1288 528 1329 carnem,
553 1290 642 1334 quo
664 1289 802 1334 usque
829 1274 1068 1319 solveretur
1099 1290 1121 1318 a
1144 1289 1296 1329 carne,
1323 1274 1529 1334 quoniam
1552 1272 1720 1332 parvuli

333 1345 475 1389 anima
501 1354 579 1399 est,
605 1360 684 1389 nec
711 1345 838 1389 liberi
867 1346 1031 1390 arbitrii
1053 1345 1180 1404 gessit
1202 1353 1398 1400 aetatem,
1434 1359 1524 1388 non
1556 1343 1720 1387 invenit

333 1415 451 1459 unde
480 1415 760 1460 damnaretur
789 1432 877 1460 non
904 1425 1108 1476 percepto
1137 1416 1374 1475 baptismo,
1410 1415 1490 1458 nisi
1512 1413 1720 1473 originale

333 1496 580 1545 peccatum·
598 1491 660 1531 Ex
680 1489 762 1531 hoc
783 1498 962 1547 peccato
971 1489 1088 1547 juste
1105 1487 1302 1532 damnari
1324 1487 1512 1530 animam
1533 1501 1624 1530 non
1641 1500 1720 1529 ne-

336 1572 487 1616 gamus
515 1576 523 1601 :
549 1558 651 1616 quia
674 1567 851 1617 peccato
870 1557 1130 1617 supplicium
1153 1557 1220 1602 lex
1241 1559 1355 1617 justa
1374 1556 1609 1602 constituit.
1638 1554 1722 1600 Sed

335 1628 388 1671 ad
411 1628 494 1672 hoc
513 1638 740 1687 peccatum
754 1630 1034 1673 subeundum
1051 1644 1129 1673 cur
1148 1628 1355 1673 damnata
1376 1629 1445 1683 sit,
1466 1626 1717 1687 quaerimus,

333 1698 367 1742 si
391 1714 477 1742 non
499 1715 551 1742 ex
572 1698 645 1743 illa
668 1716 753 1744 una
772 1699 974 1753 trahitur,
1000 1715 1100 1759 quae
1120 1700 1164 1743 in
1188 1699 1334 1758 generi
1360 1698 1562 1742 humanis
1580 1697 1720 1755 primo

334 1777 455 1827 patre
477 1771 686 1828 peccavit.
713 1769 1007 1823 Quamobrem
1023 1771 1058 1814 si
1076 1773 1187 1813 Deus
1208 1785 1298 1813 non
1316 1768 1496 1812 damnat
1515 1767 1720 1811 innocen·

335 1848 418 1894 tes,
457 1856 536 1884 nec
566 1839 668 1885 facit
701 1851 906 1886 nocentes
943 1857 1052 1902 quos
1085 1841 1291 1901 perspicit
1320 1842 1599 1897 innocentes3
1623 1847 1666 1882 et
1685 1838 1720 1882 si

335 1912 496 1956 animas
525 1928 613 1956 non
647 1912 802 1956 liberat
829 1913 917 1957 sive
944 1913 999 1956 ab
1024 1911 1330 1971 originalibuS‚
1364 1910 1452 1955 sive
1482 1925 1506 1953 a
1536 1908 1720 1969 propriis

334 1983 518 2040 peccatis
533 2018 544 2038 ,
571 1983 652 2026 nisi
674 1984 719 2026 in
742 1983 931 2027 Ecclesia
960 1981 1122 2028 Christi
1143 1981 1384 2040 baptismus
1413 1978 1602 2036 Christi,
1625 1987 1667 2022 et
1687 1978 1720 2021 si

334 2054 489 2096 animae
511 2063 611 2097 ante
625 2069 798 2097 carnem
815 2053 985 2097 nullum
1003 2052 1254 2096 hahuerunt
1270 2050 1449 2096 omnino
1467 2058 1717 2110 peccatum,

335 2133 378 2166 et
413 2125 445 2167 si
480 2134 652 2182 peccata
689 2134 924 2184 antequam
960 2124 1317 2177 committantur,
1347 2132 1390 2166 et
1420 2121 1559 2165 multo
1587 2119 1720 2177 magis

333 2210 432 2254 quae
460 2210 684 2255 nunquam
711 2196 937 2240 commissa
972 2203 1095 2248 sunt,
1132 2193 1328 2237 damnari
1359 2194 1476 2252 justa
1511 2191 1605 2249 lege
1631 2206 1719 2234 non

334 2274 535 2324 possunt,
565 2266 673 2309 nihil
705 2267 863 2310 horum
896 2274 1084 2325 quatuor
1106 2265 1183 2308 iste
1208 2263 1324 2307 dicat
1349 2280 1358 2307 z
1393 2271 1462 2317 et,
1485 2262 1519 2305 si
1549 2270 1715 2320 potest,

330 2335 532 2394 explicet,
558 2337 839 2395 parvulorum
866 2336 1043 2390 animae,
1069 2350 1167 2395 quae
1188 2334 1279 2378 sine
1310 2333 1526 2392 baptismo
1547 2346 1714 2376 exeun-

332 2415 394 2449 tes
426 2407 471 2449 in
505 2408 829 2452 damnationem
856 2408 1112 2461 mittuntur,
1153 2421 1241 2466 quo
1269 2406 1424 2449 merito
1462 2406 1508 2448 in
1544 2416 1716 2447 carnem

333 2478 617 2536 peccatricem
645 2495 743 2538 quae
766 2478 874 2523 nihil
898 2486 1188 2538 peccaverunt
1204 2511 1214 2531 ,
1239 2476 1377 2520 missae
1409 2483 1533 2530 sunt,
1558 2483 1606 2517 ut
1628 2472 1716 2517 illic

336 2548 579 2593 invenirent
597 2558 839 2608 peccatum,
865 2557 1042 2608 propter
1063 2547 1183 2609 quod
1211 2547 1364 2591 merito
1385 2545 1709 2590 damnarentur.
