1804 3205
440 269 520 294 Lis.
559 272 587 296 1.
628 275 677 298 DE
711 276 865 306 ωιΑι-ιΑ
899 282 1079 312 ειιιιιειι.
1381 288 1457 322 115

141 328 234 370 vn.
261 331 411 390 Neque
444 336 546 379 lunc
582 338 777 397 Pelagius
800 343 995 392 incautos
1025 350 1142 396 sallat
1166 364 1208 398 ct
1229 357 1459 417 simplices,

70 393 136 438 vel
159 397 289 441 etiam
313 415 358 444 se
379 401 538 461 ipsum,
568 409 774 466 quoniam
794 429 892 460 cum
911 417 1109 466 dixisset:
1131 441 1151 465 «
1178 426 1292 485 Ergo
1316 429 1358 472 in
1383 446 1462 476 vo-

3 520 5 522 ·
66 463 235 512 luntate
256 479 299 513 et
319 487 451 531 opere
473 475 593 522 bono
625 478 719 525 laus
748 483 934 533 hominis
959 500 1022 536 est
1045 511 1053 536 :
1082 511 1102 534 »
1127 495 1247 541 velut
1275 503 1461 547 correxit

0 523 2 525 ¹
64 544 196 596 atque
212 539 380 588 addidit
401 580 411 600 ,
439 565 457 587 «
484 547 570 593 imo
593 559 635 595 et
655 552 857 613 hominis,
875 569 918 605 et
937 563 1030 607 Dei.
1061 582 1080 606 »
1105 568 1202 612 Non
1224 571 1340 615 euim
1373 574 1455 618 hoc

65 619 290 668 propterea
309 614 434 671 dixit,
455 620 557 678 quia
574 625 815 672 secundum
837 645 983 677 sanam
1006 634 1250 685 doctrinam
1274 642 1457 703 intelligi

60 678 228 735 voluit,
254 686 374 744 quod
393 697 436 732 et
457 690 567 736 velle
587 703 628 738 et
652 701 818 755 operari
847 705 957 748 Deus
986 719 1191 766 operetur
1212 713 1256 756 in
1288 716 1414 761 nobis
1443 733 1451 758 :

57 751 132 794 sed
164 767 241 797 cur
270 755 352 801 hoc
380 758 565 809 dixerit,
605 767 705 811 satis
736 771 960 820 evidenter
992 782 1213 838 ostendit,
1244 788 1454 833 continuo

54 820 377 883 subjungendo,
402 849 421 872 «
448 833 521 891 qui
546 835 676 893 ipsius
703 840 939 890 voluntatis
957 857 1000 892 et
1022 853 1164 910 operis
1189 858 1451 913 possibilita—

36 899 141 936 tem
177 895 312 942 dedit.
343 918 362 941 »
392 904 514 948 Hauc
544 916 687 954 autem
726 913 1055 970 possibilitatem
1086 923 1130 966 in
1154 934 1318 982 *natura
1353 945 1452 973 eum

4 951 6 953 .
53 976 239 1021 ponere,
264 968 320 1013 de
354 974 496 1019 verbis
529 979 619 1037 ejus
648 985 945 1040 superioribus
972 990 1137 1037 clarum
1163 1005 1241 1040 est.
1283 998 1368 1043 &ed
1398 1016 1454 1045 ne

41 1314 116 1360 sed
144 1318 204 1363 ait
227 1341 238 1378 3
269 1341 289 1364 «
318 1323 455 1383 ipsam
481 1331 836 1393 possibilitatem,
861 1340 969 1386 illud
1004 1346 1206 1393 videlicet
1229 1365 1277 1395 ex
1304 1353 1442 1399 tribus

40 1387 161 1445 quod
179 1389 223 1434 in
246 1402 401 1440 natura
423 1396 599 1456 locavit,
626 1421 645 1445 «
664 1407 812 1462 gratiae
833 1424 922 1455 suae
938 1412 1116 1473 adjuvat
1133 1434 1303 1479 semper
1324 1425 1440 1468 auxi-

6 1454 19 1507 ]
38 1455 96 1502 tio
121 1478 129 1503 :
154 1479 172 1502 »
201 1471 249 1507 ut
267 1465 431 1512 scilicet
452 1469 496 1513 in
522 1473 751 1520 voluntate
774 1488 816 1522 et
840 1483 1011 1529 actione
1034 1502 1124 1532 non
1149 1489 1248 1536 ideo
1270 1492 1365 1538 laus
1386 1496 1439 1540 sit

37 1536 80 1572 et
102 1531 177 1575 Dei
199 1541 242 1577 et
260 1534 462 1594 hominis,
489 1542 591 1601 quia
611 1544 672 1589 sic
690 1547 785 1592 vult
809 1550 942 1598 homo
958 1589 968 1609 ,
993 1565 1040 1600 ut
1058 1566 1204 1605 tamen
1229 1565 1341 1609 Deus
1360 1581 1436 1611 vo-

34 1595 192 1646 luntati
214 1605 307 1664 ejus
329 1607 532 1656 ardorem
555 1612 798 1664 dilectionis
823 1623 1008 1683 inspiret
1039 1648 1050 1685 3
1074 1638 1117 1673 et
1140 1631 1199 1676 sic
1227 1645 1434 1694 operatur

34 1668 181 1728 houm,
198 1684 246 1719 ut
261 1684 406 1723 tamen
424 1683 538 1727 Deus
552 1699 826 1747 cooperetur,
842 1693 935 1739 sine
952 1699 1076 1757 cujus
1088 1700 1304 1761 adjutorio
1322 1708 1430 1767 quid

32 1750 96 1786 est
116 1743 247 1791 homo
269 1749 298 1801 ,P
325 1749 400 1795 sed
427 1752 526 1798 idco
549 1757 603 1801 ad
627 1758 740 1805 hanc
761 1761 939 1810 laudem
966 1768 1166 1829 adjunxit
1187 1784 1230 1819 et
1253 1779 1390 1824 Deum
1412 1815 1423 1835 ,

31 1813 132 1870 quia
162 1816 241 1862 nisi
263 1829 418 1867 natura
441 1835 549 1870 esset
570 1862 581 1882 ,
609 1829 653 1872 in
675 1847 762 1890 qua
783 1849 861 1878 nos
883 1838 1105 1897 condidit,
1139 1859 1225 1903 qua
1248 1847 1359 1892 velle
1381 1859 1425 1894 et

30 1895 156 1940 agere
175 1900 410 1947 possemus,
433 1908 514 1939 nec
538 1896 762 1958 vellemus,
787 1918 868 1948 nec
891 1921 1130 1965 ageremus.

87 1955 208 2001 Vm.
237 1961 359 2005 Hanc
374 1973 519 2009 autem
535 1970 780 2017 naturalem
804 1977 1131 2033 possibilitatem
1150 1987 1269 2045 quod
1293 1988 1418 2049 adju-

26 2026 115 2070 vari
140 2030 216 2073 Dei
236 2034 370 2089 gratia
390 2037 652 2096 confitetur,
678 2058 768 2088 non
790 2055 854 2091 est
877 2048 946 2094 hic
963 2062 1164 2111 apertum
1189 2057 1257 2102 vel
1282 2076 1414 2120 quam

24 2093 140 2142 dicat
159 2102 359 2158 gratiam,
385 2106 454 2151 vel
475 2119 690 2169 quatenus
717 2129 766 2160 ea
783 2127 984 2165 naturam
1005 2125 1163 2171 sentiat
1182 2127 1375 2189 adjuvari
1401 2149 1409 2174 :

21 2166 96 2212 sed
116 2169 227 2216 sictut
243 2173 334 2219 aliis
354 2174 460 2222 locis
478 2215 488 2234 ,
517 2181 563 2224 in
585 2184 747 2242 quibus
771 2188 1014 2238 evidentius
1036 2195 1250 2257 loquitur,
1276 2202 1410 2247 intel-

0 2232 93 2295 ligi
115 2250 271 2298 potest,
295 2260 383 2290 non
406 2249 502 2293 vult
527 2251 646 2298 aliud
665 2256 802 2316 accipi
819 2275 951 2318 quam
968 2267 1128 2324 Legem
1151 2279 1284 2330 atque
1304 2272 1409 2317 doc-

19 2308 193 2365 trinam,
209 2329 295 2374 qua
308 2320 517 2365 naturalis
541 2325 802 2381 possibilitas
819 2331 1065 2391 adjuvetur.
1085 2340 1194 2383 Nam
1214 2343 1407 2400 quodam

17 2375 114 2426 loco
130 2382 212 2428 ait:
235 2404 255 2427 «
282 2388 362 2433 Hic
376 2391 770 2452 nosimperitissimi
785 2400 1011 2449 hominum
1030 2417 1185 2466 putant
1202 2411 1406 2472 injuriam

0 2447 176 2498 ,divinae
202 2457 349 2512 gratiae
381 2458 524 2506 facere
544 2499 555 2518 ,
589 2467 689 2525 quia
721 2467 903 2515 dicimus
932 2489 1025 2518 eam
1059 2478 1150 2522 sine
1177 2480 1404 2529 voluntate

0 2530 161 2578 mostra
187 2540 464 2588 nequaquam
488 2533 532 2577 in
556 2537 680 2580 uobis
713 2541 919 2597 perficere
951 2548 1222 2595 sanctitatem
1244 2572 1251 2596 :
1278 2557 1399 2613 spsiasi

0 2585 130 2635 'Beus
159 2596 305 2651 gratiae
326 2613 415 2644 suae
430 2601 594 2663 aliquid
617 2606 912 2666 imperaverit:
939 2625 982 2659 et
1018 2633 1106 2662 non
1134 2620 1217 2665 illis
1239 2625 1398 2682 quibus

1165 2692 1201 2729 S.
