1804 3205
318 252 371 278 niz
404 249 541 279 AmMA
575 253 627 280 m·
659 255 754 281 mus
787 255 982 294 oniemn,
1015 257 1096 284 Lm.
1131 260 1193 284 111.
1379 250 1461 287 357

80 329 214 374 regno
232 316 306 360 Dei
328 316 434 371 sint,
455 319 651 376 quamvis
668 320 710 363 in
735 335 869 379 regno
891 320 1118 378 coelorum,
1139 324 1240 382 quia
1261 324 1462 383 baptizati

79 401 167 431 non
189 396 306 441 sunt,
327 401 416 431 esse
440 403 527 432 non
551 390 730 447 possint.

133 459 275 501 xvlt.
314 460 404 502 Hoc
418 460 494 518 qui
512 460 683 516 dicunt,
703 462 907 507 videntur
921 464 1099 524 quidem
1122 466 1204 508 sibi
1223 465 1368 510 dicere
1383 468 1463 510 ali-

73 526 197 587 quid,
221 529 321 587 quia
347 529 587 588 Scripturas
611 532 879 590 negligenter
900 534 1149 590 attendunt,
1175 545 1218 580 et
1238 537 1462 595 quomodo

73 612 254 656 regnum
277 601 352 642 Dei
371 600 556 655 dicatur,
582 602 699 645 unde
717 618 889 648 oramus
904 604 1096 650 dicentes
1119 624 1127 650 :
1147 624 1165 647 «
1193 606 1348 650 Veniat
1371 622 1463 666 reg·

74 686 95 708 »
121 684 229 714 num
265 680 387 714 tuum
406 674 435 726 ¹,
465 690 484 713 »
519 688 608 717 non
637 674 887 733 intelligunt
916 695 924 720 :
949 678 1048 735 quia
1080 691 1261 735 regnum
1299 679 1371 721 Dei
1401 678 1462 722 di-

69 740 197 795 citur‚
218 741 294 785 ubi
317 757 418 786 cum
436 742 510 787 illo
532 744 671 787 fidelis
693 744 854 790 familia
874 748 964 807 ejus
988 747 1113 792 beate
1135 757 1178 792 et
1200 749 1461 808 sempiterne

70 819 158 855 tota
186 812 397 869 regnabit.
426 814 533 859 Nam
561 815 802 859 secundum
824 826 1082 876 potestatem
1113 834 1212 878 quae
1242 819 1303 863 illi
1332 834 1462 878 super

66 880 210 926 omnia
233 892 310 937 est,
339 884 468 927 etiam
488 900 606 929 nunc
628 887 782 945 utique
804 897 970 946 regnat.
997 888 1113 942 Quid
1131 904 1234 948 ergo
1253 899 1315 933 est
1338 889 1461 949 quod

65 967 238 998 oramus
261 963 309 998 ut
323 956 484 1009 veniat,
506 956 588 1000 nisi
608 966 654 1001 ut
674 972 774 1001 cum
792 958 866 1002 illo
882 973 1061 1017 regnare
1083 962 1351 1004 mereamur?
1368 961 1460 1004 Sub

65 1024 155 1083 ejus
186 1033 332 1069 autem
367 1035 581 1085 potestate
610 1029 739 1071 etiam
771 1028 832 1071 illi
863 1038 1017 1083 erunt,
1050 1030 1126 1088 qui
1156 1044 1286 1088 poena
1310 1030 1460 1073 aeterni

61 1094 170 1151 ignis
190 1095 408 1139 ardebunt
428 1115 436 1139 :
458 1097 779 1156 numquidnam
797 1098 855 1142 ob
878 1098 961 1142 hoc
981 1098 1111 1143 etiam
1130 1099 1240 1158 ipsos
1260 1100 1305 1142 in
1325 1114 1461 1158 regno

65 1164 139 1209 Dei
157 1164 329 1209 futuros
351 1165 510 1210 dicturi
532 1169 708 1211 sumus?
728 1167 861 1212 Aliud
885 1178 948 1213 est
976 1169 1090 1212 enim
1114 1171 1235 1227 regni
1262 1170 1337 1213 Dei
1359 1184 1459 1212 mu-

62 1235 237 1279 neribus
258 1236 479 1290 honorari,
498 1235 619 1280 aliud
642 1237 760 1294 regni
780 1239 854 1281 Dei
878 1238 1048 1296 legibus
1066 1239 1270 1282 coerceri.
1299 1241 1353 1282 Ut
1376 1254 1456 1282 au-

63 1314 149 1348 tem
175 1306 251 1349 tibi
276 1306 619 1350 manifestissime
641 1317 862 1366 appareat,
886 1323 975 1352 non
995 1324 1085 1352 esse
1110 1323 1290 1366 regnum
1321 1309 1458 1353 coelo-

66 1390 163 1419 rum
188 1375 540 1420 distribuendum
572 1377 820 1436 baptizatis,
854 1388 896 1422 et
921 1378 1024 1421 alias
1051 1387 1193 1436 partes
1226 1379 1346 1436 regni
1382 1380 1457 1422 Dei

61 1445 226 1490 dandas
251 1447 411 1505 quibus
437 1447 514 1490 tibi
532 1448 672 1491 visum
698 1457 777 1502 est,
804 1463 891 1492 nou
924 1449 1172 1506 baptizatis,
1199 1450 1340 1508 ipsum
1370 1452 1456 1492 Do-

60 1517 227 1560 minum
246 1517 447 1576 audi,qui
463 1532 552 1561 non
566 1518 649 1562 ait:
670 1518 712 1562 Si
727 1518 823 1578 quis
838 1534 926 1561 nou
940 1528 1113 1561 renatus
1132 1518 1260 1562 fuerit
1278 1534 1328 1562 ex
1346 1535 1457 1577 aqua

60 1596 103 1631 et
122 1588 299 1646 Spiritu,
319 1603 407 1631 non
426 1597 566 1647 potest
581 1589 741 1632 intrare
754 1590 799 1632 in
819 1605 1001 1647 regnum
1023 1589 1259 1647 coelorum,
1276 1590 1349 1633 scd
1369 1605 1458 1634 non

60 1667 216 1718 potest,
239 1658 399 1718 inquit,
427 1658 587 1702 intrare
609 1659 653 1702 iu
680 1674 863 1717 regnum
889 1649 980 1703 Deiss
1006 1662 1113 1704 Nam
1137 1660 1267 1703 verba
1288 1661 1380 1718 ejus
1402 1659 1457 1703 de

59 1728 142 1774 hac
157 1743 202 1772 re
217 1730 295 1773 ista
311 1738 412 1772 sunt
431 1728 484 1772 ad
507 1729 793 1774 Nicodemum
819 1749 827 1773 ι
853 1748 872 1770 «
899 1733 1056 1783 Amen,
1082 1744 1209 1772 amen
1233 1728 1332 1772 dico
1355 1729 1452 1783 tibi,

65 1817 83 1839 »
109 1798 190 1842 nisi
213 1799 309 1858 quis
332 1807 458 1842 natus
480 1797 612 1842 fuerit
632 1798 802 1852 denuo,
829 1814 917 1842 non
942 1807 1084 1857 potest
1108 1799 1253 1842 videre
1271 1813 1456 1856 regnum

65 1887 84 1910 »
114 1869 225 1911 Dei'2.
265 1887 282 1909 η
310 1871 422 1912 Ecce
445 1883 532 1912 non
556 1868 626 1912 hic
649 1868 755 1911 dixit
781 1884 964 1926 regnum
989 1868 1227 1923 coelorum,
1256 1869 1329 1912 sed
1360 1869 1451 1911 Dei.

62 1942 117 1983 Et
138 1954 237 1983 cum
267 1937 601 1997 respondidisset
623 1938 886 1983 Nicodemus
908 1948 1038 1998 atque
1061 1938 1257 1993 dixisset,
1287 1958 1306 1980 «
1331 1942 1454 1991 Quo-

62 2028 82 2051 »
108 2010 240 2054 modo
255 2019 396 2068 potest
414 2011 545 2053 homo
568 2010 701 2064 nasci,
728 2025 826 2053 cum
845 2025 972 2053 senex
987 2011 1064 2053 sit?
1081 2011 1293 2069 numquid
1314 2018 1455 2068 potest

64 2100 83 2122 »
109 2082 153 2123 in
170 2089 364 2124 ventrem
383 2079 530 2122 matris
553 2095 642 2122 suae
666 2080 818 2123 iterato
837 2080 1035 2133 introire,
1057 2089 1099 2124 et
1114 2081 1257 2124 nasci?
1280 2098 1299 2120 »
1321 2083 1454 2123 Eam-

59 2152 158 2195 dem
175 2150 384 2194 Dominus
399 2150 652 2194 sententiam
675 2149 847 2209 planius
863 2151 1141 2210 apertiusque
1159 2160 1358 2209 repetens
1375 2150 1448 2204 ait,

64 2241 81 2261 «
111 2224 268 2274 Amen,
299 2235 426 2264 amen
448 2219 546 2264 dico
569 2220 672 2274 tibi,
702 2220 782 2263 nisi
802 2221 898 2280 quis
919 2229 1096 2264 renatus
1118 2220 1249 2263 fuerit
1266 2235 1317 2262 ex
1341 2234 1454 2277 aqua

62 2310 82 2333 »
109 2301 152 2336 et
179 2291 367 2350 Spiritu,
398 2305 487 2334 non
516 2299 659 2349 potest
687 2290 865 2334 introire
890 2290 935 2333 in
960 2305 1142 2348 regnum
1173 2290 1264 2333 Dei.
1295 2307 1314 2330 »
1340 2291 1453 2333 Ecce

60 2375 140 2406 nec
152 2361 224 2404 hic
236 2361 343 2404 dixit
357 2374 539 2417 reguum
554 2360 783 2413 coelorum,
799 2360 873 2402 sed
888 2373 1069 2416 regnum
1086 2359 1175 2402 Dei.
1192 2359 1321 2411 Quod
1336 2359 1451 2402 enim

60 2431 241 2484 dixerat,
264 2450 283 2472 «
303 2430 391 2475 Nisi
406 2430 500 2490 quis
520 2439 646 2473 uatus
662 2428 795 2472 fuerit
812 2430 981 2485 dent103
1003 2447 1022 2469 »
1041 2429 1125 2473 hoc
1147 2429 1252 2488 quid
1261 2437 1369 2471 esset
1384 2443 1452 2471 ex-

61 2501 208 2559 posuit
222 2500 385 2554 dicens,
407 2495 531 2544 «Nisi
544 2499 639 2556 quis
657 2508 830 2542 renatus
848 2497 1035 2542 fueritex
1054 2513 1163 2557 aqua
1178 2508 1221 2541 ct
1241 2498 1447 2555 Spiritu.»

114 2584 252 2615 Qucum.
275 2595 443 2620 v=‚1o.——
463 2586 654 2614 ⁷.IOs·11.ttt,
683 2583 709 2612 34
