1804 3205
284 195 334 220 nn
368 195 534 221 μιν-1115·
568 194 619 221 ET
651 194 1019 232 coucupiscnmu,
1057 197 1139 223 Lin.
1179 200 1224 224 11.
1367 190 1444 230 2⁴1

64 260 161 310 Quo
195 272 298 316 ergo
334 260 543 317 progressi
580 259 744 303 fueritis
781 259 992 304 attendite
1016 294 1026 314 ‚
1065 270 1107 305 et
1146 277 1221 306 vos
1251 264 1306 307 ab
1339 267 1453 310 ausi-

64 327 145 372 bus
171 328 387 373 Joviniani
420 329 593 374 tandem
625 329 861 390 aliquando
893 331 1108 376 cohibete.
1148 336 1353 387 Quamvis
1381 337 1453 380 11Ιο

63 399 190 444 nimis
205 399 426 446 laudando
446 402 634 461 nuptias,
647 411 807 446 sanctre
822 402 913 448 illas
929 403 1164 463 virginitati
1181 405 1452 467 adaequavit,

63 478 106 513 et
130 478 274 514 tamen
304 471 553 530 nuptiarum
579 471 795 516 fructibus
825 474 878 516 ab
904 482 1028 519 utero
1051 474 1180 519 etiam
1207 478 1454 522 recentibus

62 540 282 585 Christum
299 542 553 587 salvatorem
579 552 620 586 et
642 542 697 586 (10
720 552 932 602 potestate
955 545 1114 591 diaboli
1134 548 1452 609 redemptorem

60 612 346 656 necessarium
366 628 453 656 non
478 613 647 671 negavit
668 614 812 672 :quod
831 630 904 659 vos
926 617 1090 676 negatis
1113 638 1123 674 3
1149 628 1191 661 et
1214 620 1318 679 quia
1332 620 1456 664 vobis

67 698 143 741 pro
159 698 310 727 eorum
333 682 472 727 salute
489 719 499 737 ,
523 684 597 744 qui
624 684 818 728 nondum
844 701 922 744 pro
948 701 991 730 se
1019 687 1138 748 loqui
1174 700 1379 748 possunt,
1414 700 1457 734 et

65 768 142 812 pro
175 753 276 797 fidei
307 753 531 798 catholicae
570 752 863 798 fundamentis
888 757 1123 802 resistimus
1147 794 1157 813 ,
1193 761 1457 805 Maniehaeos

63 838 140 868 nos
157 839 245 868 esse
263 824 448 884 jactatis.
478 824 562 870 Sed
571 825 661 884 jam
684 828 908 885 sequentia
934 827 1172 873 videamus.

122 897 241 939 xvi.
282 899 443 940 Rursus
479 898 641 955 quippe
664 896 933 955 interrogans
956 898 1060 942 dicit
1083 919 1091 943 ε
1122 920 1141 942 ι(
1168 902 1306 953 Quem
1327 903 1458 960 igitur

65 965 343 1024 parvulorum
364 967 580 1010 confiteris
604 976 823 1010 auctorem
836 970 852 1010 1¹
865 971 1001 1011 Deum
1020 972 1198 1013 verum?
1214 990 1232 1011 η
1260 975 1457 1031 Respon-

63 1030 163 1084 deo,
180 1034 314 1075 Deum
334 1046 501 1075 verum.
518 1030 682 1074 Deinde
695 1031 942 1091 subjungit:
960 1051 978 1074 «
1003 1033 1085 1077 Sed
1102 1034 1264 1079 malum
1282 1036 1354 1080 ille
1369 1054 1456 1081 non

61 1100 182 1145 fecit.
210 1121 226 1142 ι)
253 1106 315 1146 Αο
337 1117 483 1145 rursus
500 1102 761 1160 interrogat,
786 1123 805 1144 α
831 1111 980 1146 utrum
1004 1104 1228 1149 diabolum
1252 1109 1449 1165 parvulo-

63 1188 160 1216 rum
179 1174 470 1218 confiteamur
490 1182 756 1218 auctorem.»
775 1177 1029 1234 Rursusque
1053 1177 1307 1235 respondet:
1325 1198 1344 1220 «
1373 1179 1456 1224 Sed

61 1253 260 1289 naturam
290 1245 477 1289 hominis
508 1245 598 1304 ipse
619 1259 709 1289 non
732 1244 945 1289 condidit.
974 1263 993 1286 »
1024 1247 1187 1290 Deinde
1205 1250 1326 1306 quasi
1348 1266 1456 1294 con-

63 1314 203 1359 cludit
230 1325 361 1376 atque
389 1315 521 1359 infert
546 1335 554 1360 :
592 1335 611 1357 «
653 1315 695 1360 Si
730 1315 842 1359 mala
877 1317 1128 1361 commixtio
1150 1353 1160 1372 ,
1184 1318 1392 1365 deformis
1415 1331 1458 1365 et

64 1386 258 1431 conditio
290 1401 523 1446 corporum
549 1421 559 1441 ,
591 1394 633 1430 et
664 1386 762 1430 ideo
794 1401 976 1445 corpora
1007 1403 1185 1447 quoque
1219 1389 1333 1435 malo
1362 1407 1386 1436 a
1417 1401 1458 1436 te
1492 1421 1496 1426 -

64 1456 333 1517 deputantur
366 1457 548 1501 auctori.
578 1474 598 1497 »
631 1456 714 1501 Cui
742 1457 984 1514 respondeo
1007 1476 1016 1502 ε
1042 1457 1158 1503 Malo
1181 1462 1346 1504 auctori
1370 1478 1458 1506 non

65 1528 230 1588 deputo
244 1543 443 1587 corpora,
464 1526 540 1571 sed
560 1525 734 1581 delicta,
761 1542 951 1586 quorum
975 1543 1101 1573 eausa
1124 1529 1290 1575 factum
1313 1541 1392 1588 est,
1409 1543 1459 1577 ut

64 1606 165 1646 cum
187 1600 233 1645 in
253 1599 509 1657 corporibus
526 1633 538 1654 ,
559 1599 642 1642 hoc
660 1607 723 1642 est
745 1632 755 1652 ,
783 1598 826 1641 in
853 1599 930 1642 Dei
950 1600 1178 1658 operibus,
1199 1610 1341 1646 totum
1364 1603 1459 1663 pla·

65 1679 198 1725 ceret,
223 1669 438 1716 accideret
459 1677 604 1713 tamen
627 1667 820 1713 masculo
839 1677 882 1713 et
904 1669 1098 1714 foeminae
1118 1672 1239 1731 quod
1253 1673 1454 1732 puderet,

46 1735 115 1793 sut
135 1757 224 1787 non
251 1750 361 1786 esset
380 1740 628 1785 commixtio
650 1739 790 1800 qualis
813 1754 902 1784 esse
925 1743 1068 1799 potuit
1085 1742 1130 1786 in
1153 1758 1335 1803 corpore
1357 1746 1458 1790 vitae
1494 1741 1511 1778 s

56 1797 197 1866 illius,
218 1812 293 1856 sed
306 1810 481 1870 qualem
496 1809 694 1854 videmus
712 1809 1017 1854 erubescentes
1039 1812 1083 1855 in
1106 1827 1287 1872 corpore
1310 1816 1458 1859 mortis

67 1883 212 1943 hujus.
234 1900 254 1923 «
273 1885 385 1925 Deus
407 1895 525 1934 vero,
551 1880 709 1935 inquit,
733 1878 877 1922 divisit
899 1879 944 1922 in
966 1895 1086 1935 sexu,
1108 1882 1229 1940 quod
1245 1884 1287 1927 in
1303 1899 1459 1942 opera-

70 1953 188 1998 tione
206 1952 503 2011 conjungeret.
526 1949 593 1992 Ab
615 1949 707 2007 ipso
731 1949 862 2006 igitur
885 1950 1138 1995 commixtio
1161 1967 1410 2012 corporum,
1437 1971 1459 1999 a

69 2039 159 2083 quo
176 2033 239 2068 est
257 2022 377 2079 origo
399 2014 776 2080 corpoi·um.LJam
800 2034 929 2078 supra
949 2021 1268 2080 respondimus,
1295 2025 1388 2069 haec
1410 2041 1458 2069 ex

70 2097 161 2140 Deo
179 2109 294 2150 esse,
319 2091 394 2137 sed
416 2106 504 2136 non
528 2089 754 2144 delictum,
770 2105 858 2134 non
882 2091 1176 2137 membrorum
1199 2095 1465 2151 inobedienf

73 2164 175 2208 tiam
206 2179 283 2222 per
304 2161 443 2207 carnis
471 2159 869 2219 concupiscentiam
886 2195 896 2214 ,
923 2176 1022 2220 quae
1050 2177 1139 2206 non
1157 2173 1260 2208 esta
1284 2169 1408 2210 Patre
1429 2170 1457 2225 ¹:

72 2231 239 2279 Deinde
251 2232 378 2277 dicit:
395 2250 415 2274 «
432 2233 514 2275 Tot
527 2244 629 2288 ergo
643 2244 787 2272 rerum
806 2230 1039 2284 bonarum,
1055 2233 1100 2275 id
1115 2242 1194 2286 est,
1209 2248 1458 2293 corporum,

73 2320 284 2359 sexuum,
309 2302 669 2362 conjunctionum
702 2297 836 2344 malos
864 2300 1032 2345 fructus
1064 2318 1153 2346 esse
1191 2320 1279 2348 non
1314 2322 1458 2365 posse,

75 2391 155 2420 nec
177 2376 372 2419 homines
390 2373 446 2417 ol)
471 2373 553 2416 hoc
571 2388 593 2415 a
618 2375 706 2415 noo
722 2370 837 2424 ficri,
859 2380 907 2414 ut
931 2386 952 2414 a
976 2371 1177 2427 diabolo,
1204 2375 1316 2419 sieut
1338 2376 1459 2430 dicis,

75 2447 218 2506 inquit
237 2480 248 2499 ,
281 2445 475 2504 legitimo
502 2445 598 2503 jure
621 2451 866 2484 teneantur.
897 2462 910 2481 υ
933 2444 1028 2485 „lam
1061 2443 1226 2488 dictum
1258 2456 1341 2500 est,
1377 2464 1460 2491 uon

129 2538 135 2553 ἱ
164 2532 339 2564 11031111,
365 2530 414 2559 10.

266 2594 379 2623 exer
1233 2587 1280 2623 lo
