1784 3205
306 220 358 259 54
735 230 767 255 s.
805 225 1031 253 Aucus'nm
1067 224 1243 250 limacem

304 311 405 340 cum
429 298 518 339 Deo
552 292 832 352 regnantibus
854 289 1060 334 societate
1084 285 1362 330 beatitudinis
1380 285 1681 329 adhaerebunt.

306 370 400 410 Hoc
422 380 524 423 ergo
543 362 742 421 Synodus
764 361 883 413 dixit,
909 377 928 400 «
952 358 1140 401 alienum
1158 372 1246 400 non
1262 371 1351 399 esse
1372 355 1425 399 ab
1446 355 1683 410 Ecclesiam)

303 452 393 480 non
416 435 655 479 secundum
686 431 906 488 Pelagium
926 463 936 483 ,
959 428 1033 471 sed
1057 428 1201 486 potius
1222 425 1463 470 secundum
1488 428 1687 484 Evange-

314 508 438 559 lium‚
455 503 574 564 quod
597 502 701 546 tales
723 500 860 558 iniqui
884 508 927 542 et
948 506 1194 556 peccatores
1211 497 1382 540 aeternis
1401 496 1574 554 ignibus
1585 512 1689 540 exu-

306 585 472 629 rentur,
485 574 633 634 quales
647 571 722 615 tali
734 569 946 629 supplicio
960 568 1293 627 dignosjudicat
1314 566 1624 625 Evangelium3
1648 577 1691 611 et

309 646 427 706 quod
457 642 767 688 detestabiliter
784 655 884 684 cum
906 640 1090 697 Origene
1118 641 1297 693 sentiat,
1318 637 1514 697 quisquis
1536 636 1692 681 dixerit

308 714 544 774 aliquando
573 728 721 756 eorum
746 710 859 754 finiri
881 725 1003 768 posse
1025 709 1284 767 supplicium
1307 742 1317 762 ‚
1338 707 1458 768 quod
1480 708 1691 752 Dominus

308 785 413 830 dixit
434 794 660 827 aeternum.
675 785 735 825 De
750 781 831 824 illis
848 795 951 824 vero
973 780 1289 838 peccatoribus,
1310 794 1418 839 quos
1439 778 1544 822 dicit
1558 782 1692 838 Apos-

306 856 419 901 tolus
438 890 448 909 ‚
474 863 623 898 exusto
646 866 798 896 eorum
830 866 959 909 opere
978 885 988 905 ‚
1031 860 1238 909 tanquam
1269 864 1345 908 per
1378 849 1524 907 ignem
1555 848 1693 894 salvos

308 927 501 980 futuros,
527 925 735 985 quoniam
755 921 864 966 nihil
886 921 1060 979 Pelagio
1082 921 1137 964 de
1157 921 1207 964 iis
1229 920 1452 964 evidenter
1473 919 1693 979 objectum

308 1007 395 1052 est,
420 996 529 1040 nihil
546 995 868 1055 judicaverunt.
895 995 1171 1051 Quapropter
1187 1025 1198 1045 ‚
1218 991 1294 1050 qui
1323 990 1426 1034 dicit
1451 990 1624 1050 iniquos
1652 999 1694 1034 et

309 1076 553 1127 peccatores
574 1101 584 1120 ‚
612 1080 721 1123 quos
742 1074 906 1107 aeterno
939 1061 1152 1121 supplicio
1183 1061 1338 1105 veritas
1368 1060 1579 1116 damnat,
1614 1060 1694 1105 ali-

310 1136 487 1197 quando
509 1135 609 1180 inde
632 1150 753 1195 posse
778 1134 975 1188 liberari,
1002 1148 1091 1177 non
1113 1132 1470 1177 inconvenienter
1493 1147 1593 1176 eum
1617 1135 1697 1175 Pe-

310 1209 445 1265 lagius
467 1206 748 1264 origenistam
775 1213 903 1249 vocat
928 1223 935 1247 :
968 1204 1043 1247 sed
1066 1218 1227 1257 rursus,
1248 1203 1324 1262 qui
1345 1201 1517 1246 nullum
1544 1217 1698 1261 pecca-

314 1288 451 1322 torem
474 1278 519 1320 in
542 1277 617 1320 Dei
635 1276 802 1335 judicio
819 1274 1112 1319 misericordia
1135 1274 1316 1331 dignum
1334 1274 1563 1328 existimat,
1580 1273 1699 1333 quod

312 1348 407 1392 vult
428 1348 466 1390 ei
488 1361 647 1390 nomen
670 1347 887 1404 imponat,
913 1344 1019 1388 dum
1042 1353 1187 1388 tamen
1205 1353 1248 1387 et
1270 1344 1388 1386 hunc
1416 1358 1604 1387 errorem
1627 1358 1698 1387 ec-

315 1419 548 1466 clesiastica
572 1418 750 1461 veritate
774 1432 862 1461 non
883 1417 1015 1474 recipi
1042 1415 1270 1473 intelligat.
1301 1434 1321 1456 «
1339 1416 1362 1458 J
1369 1413 1561 1458 udicium
1583 1414 1698 1457 enim

317 1507 338 1530 n
364 1489 453 1532 sine
476 1486 766 1531 misericordia
789 1487 864 1529 fiet
877 1484 938 1529 illi
955 1486 1030 1545 qui
1049 1501 1137 1529 non
1161 1484 1263 1528 fecit
1279 1483 1615 1528 misericordiam
1635 1486 1696 1527 ¹.»

373 1561 451 1603 XI.
493 1556 725 1611 Quomodo
757 1566 902 1600 autem
935 1557 1010 1599 fiet
1050 1557 1134 1600 hoc
1171 1555 1412 1615 judicium,
1444 1554 1621 1598 difficile
1654 1555 1700 1598 in

319 1628 550 1687 Scripturis
571 1628 727 1672 sanctis
744 1626 1054 1686 comprehendi
1077 1635 1241 1685 potest:
1263 1625 1402 1669 modis
1419 1625 1533 1668 enim
1552 1624 1700 1669 multis

313 1700 581 1759 significatur
600 1733 611 1753 ‚
637 1698 755 1758 quod
787 1713 875 1742 uno
897 1696 1030 1741 modo
1062 1696 1261 1741 futurum
1289 1705 1366 1740 est.
1393 1698 1591 1755 Namque
1619 1695 1699 1740 ali—-

314 1772 493 1830 quando
508 1770 612 1813 dicit
628 1770 837 1813 Dominus
855 1769 1058 1812 adversus
1075 1783 1162 1823 eos,
1177 1782 1286 1827 quos
1303 1767 1349 1810 in
1371 1782 1499 1811 suum
1517 1782 1699 1826 regnum

314 1856 404 1885 non
440 1840 616 1898 recipit,
641 1840 800 1883 ostium
827 1853 871 1882 se
898 1838 1146 1882 clausurum
1165 1873 1176 1892 ,
1212 1837 1585 1897 clamantibusque
1619 1837 1701 1882 illis

315 1920 359 1954 et
383 1909 628 1954 dicentibus
655 1926 664 1952 ι
694 1927 714 1949 «
739 1909 868 1966 Aperi
890 1908 1032 1962 nobis,
1058 1908 1104 1950 in
1126 1908 1302 1951 nomi-ne
1323 1916 1400 1952 tuo
1418 1908 1702 1952 manducavi-

320 1998 339 2020 »
366 1994 461 2022 mus
479 1987 520 2021 et
543 1979 732 2021 bibimus
755 1981 789 2033 ²,
820 1998 836 2018 »
863 1987 906 2021 et
927 1987 1082 2021 caetera
1100 1994 1199 2037 quae
1215 1977 1311 2022 illos
1326 1979 1468 2022 dicere
1493 1979 1701 2038 scriptum

316 2059 395 2103 est,
417 2065 462 2093 se
484 2064 790 2107 responsurum
811 2068 819 2093 ε
847 2067 866 2091 «
890 2050 1043 2093 Nescio
1065 2064 1155 2103 vos,
1180 2051 1255 2108 qui
1278 2050 1517 2108 operamini
1538 2050 1701 2109 iniqui-

318 2138 339 2161 »
366 2129 497 2164 tatem
526 2120 557 2161 3.
588 2138 607 2159 »
638 2118 883 2178 Aliquando
910 2119 1131 2177 jussurum
1158 2134 1202 2162 se
1223 2129 1562 2174 commemorat,
1589 2129 1638 2164 ut
1658 2120 1702 2164 hi

317 2191 393 2248 qui
427 2189 664 2233 noluerunt
684 2204 784 2233 eum
806 2204 987 2247 regnare
1003 2224 1013 2243 ‚
1039 2189 1121 2233 sibi
1143 2188 1440 2244 adducantur,
1471 2199 1514 2234 et
1533 2191 1701 2234 interfi-

318 2262 488 2304 ciantur
523 2275 669 2304 coram
700 2259 791 2304 illo.
826 2259 1074 2319 Aliquando
1110 2270 1342 2304 venturum
1383 2276 1426 2304 se
1459 2260 1565 2306 dicit
1601 2276 1701 2306 cum
1764 2274 1777 2279 ²

319 2329 491 2387 Angelis
509 2332 594 2374 suis
617 2331 659 2374 in
684 2332 905 2389 majestate
935 2346 1011 2374 sua
1026 2365 1036 2385 ‚
1062 2340 1112 2374 ut
1132 2339 1451 2390 congregentur
1479 2340 1578 2375 ante
1601 2347 1702 2376 eum

318 2415 466 2445 omnes
489 2409 659 2459 genteS‚
684 2410 726 2444 et
753 2400 918 2444 dividat
939 2415 1031 2455 eas,
1056 2410 1098 2445 et
1116 2400 1220 2445 alios
1237 2410 1371 2460 ponat
1388 2400 1442 2445 ad
1463 2401 1700 2457 dexteram,

319 2486 511 2530 quorum
543 2472 657 2515 bona
684 2485 815 2530 opera
841 2486 1181 2516 commemorans
1210 2474 1242 2526 4,
1274 2481 1463 2530 reportet
1496 2473 1539 2516 in
1569 2473 1702 2517 vitam

373 2562 380 2576 ¹
405 2553 517 2586 Jacob.
540 2566 576 2596 n,
600 2555 650 2586 13.
670 2570 710 2577 >—
725 2562 737 2577 ²
757 2556 833 2588 Luc.
855 2566 922 2594 xm,
941 2555 995 2588 26.
1013 2572 1053 2579 -
1067 2554 1080 2580 3
1094 2556 1144 2588 Id.
1161 2567 1234 2597 iux,
1251 2564 1306 2597 27.
1324 2572 1366 2580 -
1379 2555 1396 2581 6
1412 2556 1531 2590 Matth.
1552 2568 1628 2598 xxv,
1651 2557 1702 2590 13.
