<?xml version="1.0" encoding="UTF-8"?>
<!DOCTYPE html PUBLIC "-//W3C//DTD XHTML 1.0 Transitional//EN"
    "http://www.w3.org/TR/xhtml1/DTD/xhtml1-transitional.dtd">
<html xmlns="http://www.w3.org/1999/xhtml" xml:lang="en" lang="en">
 <head>
  <title>
</title>
<meta http-equiv="Content-Type" content="text/html;charset=utf-8" />
  <meta name='ocr-system' content='tesseract 3.04.00' />
  <meta name='ocr-capabilities' content='ocr_page ocr_carea ocr_par ocr_line ocrx_word'/>
</head>
<body>
  <div class='ocr_page' id='page_1' title='image "./operaomniaaccura34auguuoft_0426.png"; bbox 0 0 1784 3205; ppageno 0'>
   <div class='ocr_carea' id='block_1_1' title="bbox 314 242 1248 282">
    <p class='ocr_par' dir='ltr' id='par_1_1' title="bbox 314 242 1248 282">
     <span class='ocr_line' id='line_1_1' title="bbox 314 242 1248 282; baseline -0.002 -1"><span class='ocrx_word' id='word_1_1' title='bbox 314 242 398 282; x_wconf 79' lang='lat'>416</span> <span class='ocrx_word' id='word_1_2' title='bbox 737 257 769 282; x_wconf 86' lang='lat' dir='ltr'>s.</span> <span class='ocrx_word' id='word_1_3' title='bbox 809 252 1035 280; x_wconf 52' lang='grc' dir='ltr'>Αυαῐιετιιπι</span> <span class='ocrx_word' id='word_1_4' title='bbox 1071 252 1248 281; x_wconf 75' lang='lat' dir='ltr'>Emscom</span> 
     </span>
    </p>
   </div>
   <div class='ocr_carea' id='block_1_2' title="bbox 310 318 1702 2554">
    <p class='ocr_par' dir='ltr' id='par_1_2' title="bbox 311 318 1702 1297">
     <span class='ocr_line' id='line_1_2' title="bbox 315 318 1694 379; baseline 0.002 -19"><span class='ocrx_word' id='word_1_5' title='bbox 315 338 335 361; x_wconf 68' lang='lat' dir='ltr'>n</span> <span class='ocrx_word' id='word_1_6' title='bbox 356 321 400 363; x_wconf 89' lang='lat' dir='ltr'>in</span> <span class='ocrx_word' id='word_1_7' title='bbox 416 336 502 379; x_wconf 83' lang='lat' dir='ltr'>qua</span> <span class='ocrx_word' id='word_1_8' title='bbox 521 320 840 372; x_wconf 78' lang='lat' dir='ltr'>detinebamur,</span> <span class='ocrx_word' id='word_1_9' title='bbox 862 319 918 362; x_wconf 86' lang='lat' dir='ltr'>ita</span> <span class='ocrx_word' id='word_1_10' title='bbox 940 328 989 362; x_wconf 91' lang='lat' dir='ltr'>ut</span> <span class='ocrx_word' id='word_1_11' title='bbox 1002 318 1236 362; x_wconf 79' lang='lat' dir='ltr'><strong>serviamus</strong></span> <span class='ocrx_word' id='word_1_12' title='bbox 1251 318 1295 362; x_wconf 90' lang='lat' dir='ltr'>in</span> <span class='ocrx_word' id='word_1_13' title='bbox 1312 318 1503 362; x_wconf 88' lang='lat' dir='ltr'>novitate</span> <span class='ocrx_word' id='word_1_14' title='bbox 1523 318 1694 377; x_wconf 88' lang='lat' dir='ltr'>spiritus</span> 
     </span>
     <span class='ocr_line' id='line_1_3' title="bbox 316 389 1696 448; baseline 0 -17"><span class='ocrx_word' id='word_1_15' title='bbox 316 407 337 431; x_wconf 88' lang='lat'>»</span> <span class='ocrx_word' id='word_1_16' title='bbox 359 400 400 435; x_wconf 87' lang='lat' dir='ltr'>et</span> <span class='ocrx_word' id='word_1_17' title='bbox 421 407 510 436; x_wconf 91' lang='lat' dir='ltr'>non</span> <span class='ocrx_word' id='word_1_18' title='bbox 544 393 589 434; x_wconf 93' lang='lat' dir='ltr'>in</span> <span class='ocrx_word' id='word_1_19' title='bbox 619 399 831 435; x_wconf 87' lang='lat' dir='ltr'>vetustate</span> <span class='ocrx_word' id='word_1_20' title='bbox 862 390 1017 434; x_wconf 81' lang='lat' dir='ltr'>litterae</span> <span class='ocrx_word' id='word_1_21' title='bbox 1053 393 1083 432; x_wconf 82' lang='lat'>¹.</span> <span class='ocrx_word' id='word_1_22' title='bbox 1122 407 1142 430; x_wconf 88' lang='lat'>»</span> <span class='ocrx_word' id='word_1_23' title='bbox 1180 389 1255 433; x_wconf 90' lang='lat' dir='ltr'>His</span> <span class='ocrx_word' id='word_1_24' title='bbox 1283 398 1413 448; x_wconf 82' lang='lat' dir='ltr'>atque</span> <span class='ocrx_word' id='word_1_25' title='bbox 1447 389 1696 448; x_wconf 82' lang='lat' dir='ltr'>hujusmodi</span> 
     </span>
     <span class='ocr_line' id='line_1_4' title="bbox 315 459 1695 520; baseline -0.003 -14"><span class='ocrx_word' id='word_1_26' title='bbox 315 461 704 506; x_wconf 80' lang='lat' dir='ltr'>contestationibus</span> <span class='ocrx_word' id='word_1_27' title='bbox 726 462 878 505; x_wconf 87' lang='lat' dir='ltr'>doctor</span> <span class='ocrx_word' id='word_1_28' title='bbox 913 460 985 504; x_wconf 87' lang='lat' dir='ltr'>ille</span> <span class='ocrx_word' id='word_1_29' title='bbox 1015 461 1208 520; x_wconf 90' lang='lat' dir='ltr'>gentium</span> <span class='ocrx_word' id='word_1_30' title='bbox 1245 460 1343 504; x_wconf 87' lang='lat' dir='ltr'>satis</span> <span class='ocrx_word' id='word_1_31' title='bbox 1374 459 1597 504; x_wconf 85' lang='lat' dir='ltr'>evidenter</span> <span class='ocrx_word' id='word_1_32' title='bbox 1626 474 1695 503; x_wconf 88' lang='lat' dir='ltr'>os-</span> 
     </span>
     <span class='ocr_line' id='line_1_5' title="bbox 312 529 1696 592; baseline -0.004 -15"><span class='ocrx_word' id='word_1_33' title='bbox 312 533 483 588; x_wconf 88' lang='lat' dir='ltr'>tendit,</span> <span class='ocrx_word' id='word_1_34' title='bbox 514 537 673 592; x_wconf 86' lang='lat' dir='ltr'>Legem</span> <span class='ocrx_word' id='word_1_35' title='bbox 700 548 787 578; x_wconf 89' lang='lat' dir='ltr'>non</span> <span class='ocrx_word' id='word_1_36' title='bbox 810 532 999 590; x_wconf 88' lang='lat' dir='ltr'>potuisse</span> <span class='ocrx_word' id='word_1_37' title='bbox 1032 531 1200 575; x_wconf 86' lang='lat' dir='ltr'>auferre</span> <span class='ocrx_word' id='word_1_38' title='bbox 1226 566 1236 586; x_wconf 98' lang='lat'>,</span> <span class='ocrx_word' id='word_1_39' title='bbox 1262 530 1336 574; x_wconf 86' lang='lat' dir='ltr'>sed</span> <span class='ocrx_word' id='word_1_40' title='bbox 1369 529 1512 589; x_wconf 89' lang='lat' dir='ltr'>potius</span> <span class='ocrx_word' id='word_1_41' title='bbox 1534 530 1696 573; x_wconf 82' lang='lat' dir='ltr'>auxisse</span> 
     </span>
     <span class='ocr_line' id='line_1_6' title="bbox 313 599 1698 664; baseline -0.004 -16"><span class='ocrx_word' id='word_1_42' title='bbox 313 614 539 663; x_wconf 86' lang='lat' dir='ltr'>peccatum</span> <span class='ocrx_word' id='word_1_43' title='bbox 565 639 575 659; x_wconf 90' lang='lat'>,</span> <span class='ocrx_word' id='word_1_44' title='bbox 611 603 731 664; x_wconf 91' lang='lat' dir='ltr'>quod</span> <span class='ocrx_word' id='word_1_45' title='bbox 763 601 929 647; x_wconf 86' lang='lat' dir='ltr'>auferat</span> <span class='ocrx_word' id='word_1_46' title='bbox 962 602 1096 661; x_wconf 82' lang='lat' dir='ltr'>gratia</span> <span class='ocrx_word' id='word_1_47' title='bbox 1128 621 1136 646; x_wconf 75' lang='grc' dir='ltr'>ε</span> <span class='ocrx_word' id='word_1_48' title='bbox 1185 603 1393 660; x_wconf 85' lang='lat' dir='ltr'>quoniam</span> <span class='ocrx_word' id='word_1_49' title='bbox 1427 604 1515 644; x_wconf 85' lang='lat' dir='ltr'>Lex</span> <span class='ocrx_word' id='word_1_50' title='bbox 1541 599 1698 659; x_wconf 75' lang='lat' dir='ltr'>jubere</span> 
     </span>
     <span class='ocr_line' id='line_1_7' title="bbox 312 671 1697 732; baseline -0.004 -13"><span class='ocrx_word' id='word_1_51' title='bbox 312 676 449 729; x_wconf 88' lang='lat' dir='ltr'>novit,</span> <span class='ocrx_word' id='word_1_52' title='bbox 485 676 556 719; x_wconf 88' lang='lat' dir='ltr'>cui</span> <span class='ocrx_word' id='word_1_53' title='bbox 578 674 824 719; x_wconf 85' lang='lat' dir='ltr'>succumbit</span> <span class='ocrx_word' id='word_1_54' title='bbox 852 674 1077 718; x_wconf 87' lang='lat' dir='ltr'>infirmitas</span> <span class='ocrx_word' id='word_1_55' title='bbox 1105 694 1116 731; x_wconf 75' lang='lat'><em>3</em></span> <span class='ocrx_word' id='word_1_56' title='bbox 1150 673 1282 730; x_wconf 80' lang='lat' dir='ltr'>gratia</span> <span class='ocrx_word' id='word_1_57' title='bbox 1301 673 1455 732; x_wconf 86' lang='lat' dir='ltr'>juvare</span> <span class='ocrx_word' id='word_1_58' title='bbox 1476 707 1486 726; x_wconf 85' lang='lat'>,</span> <span class='ocrx_word' id='word_1_59' title='bbox 1511 687 1596 730; x_wconf 87' lang='lat' dir='ltr'>qua</span> <span class='ocrx_word' id='word_1_60' title='bbox 1629 671 1697 714; x_wconf 81' lang='lat' dir='ltr'>in-</span> 
     </span>
     <span class='ocr_line' id='line_1_8' title="bbox 312 741 1699 804; baseline -0.003 -16"><span class='ocrx_word' id='word_1_61' title='bbox 312 744 514 789; x_wconf 85' lang='lat' dir='ltr'>funditur</span> <span class='ocrx_word' id='word_1_62' title='bbox 536 746 735 790; x_wconf 85' lang='lat' dir='ltr'>charitas.</span> <span class='ocrx_word' id='word_1_63' title='bbox 762 747 825 790; x_wconf 83' lang='lat' dir='ltr'>Ne</span> <span class='ocrx_word' id='word_1_64' title='bbox 846 744 941 804; x_wconf 90' lang='lat' dir='ltr'>quis</span> <span class='ocrx_word' id='word_1_65' title='bbox 971 745 1086 788; x_wconf 87' lang='lat' dir='ltr'>enim</span> <span class='ocrx_word' id='word_1_66' title='bbox 1120 752 1298 802; x_wconf 85' lang='lat' dir='ltr'>propter</span> <span class='ocrx_word' id='word_1_67' title='bbox 1326 743 1420 787; x_wconf 84' lang='lat' dir='ltr'>haec</span> <span class='ocrx_word' id='word_1_68' title='bbox 1453 741 1699 785; x_wconf 87' lang='lat' dir='ltr'>testimonia</span> 
     </span>
     <span class='ocr_line' id='line_1_9' title="bbox 311 811 1700 876; baseline -0.004 -16"><span class='ocrx_word' id='word_1_69' title='bbox 311 816 529 876; x_wconf 83' lang='lat' dir='ltr'>vituperet</span> <span class='ocrx_word' id='word_1_70' title='bbox 547 819 722 875; x_wconf 83' lang='lat' dir='ltr'>Legem,</span> <span class='ocrx_word' id='word_1_71' title='bbox 738 827 781 860; x_wconf 92' lang='lat' dir='ltr'>et</span> <span class='ocrx_word' id='word_1_72' title='bbox 793 815 949 859; x_wconf 90' lang='lat' dir='ltr'>malam</span> <span class='ocrx_word' id='word_1_73' title='bbox 966 830 1055 860; x_wconf 90' lang='lat' dir='ltr'>esse</span> <span class='ocrx_word' id='word_1_74' title='bbox 1070 813 1321 869; x_wconf 80' lang='lat' dir='ltr'>contendat,</span> <span class='ocrx_word' id='word_1_75' title='bbox 1342 812 1449 857; x_wconf 88' lang='lat' dir='ltr'>vidit</span> <span class='ocrx_word' id='word_1_76' title='bbox 1467 811 1700 871; x_wconf 83' lang='lat' dir='ltr'>Apostolus</span> 
     </span>
     <span class='ocr_line' id='line_1_10' title="bbox 313 881 1700 945; baseline -0.003 -16"><span class='ocrx_word' id='word_1_77' title='bbox 313 885 425 930; x_wconf 86' lang='lat' dir='ltr'>male</span> <span class='ocrx_word' id='word_1_78' title='bbox 459 886 805 945; x_wconf 82' lang='lat' dir='ltr'>intelligentibus</span> <span class='ocrx_word' id='word_1_79' title='bbox 835 886 943 945; x_wconf 86' lang='lat' dir='ltr'>quid</span> <span class='ocrx_word' id='word_1_80' title='bbox 972 894 1115 945; x_wconf 88' lang='lat' dir='ltr'>posset</span> <span class='ocrx_word' id='word_1_81' title='bbox 1143 898 1368 929; x_wconf 85' lang='lat' dir='ltr'>occurrere</span> <span class='ocrx_word' id='word_1_82' title='bbox 1389 917 1399 937; x_wconf 96' lang='lat'>,</span> <span class='ocrx_word' id='word_1_83' title='bbox 1432 892 1475 927; x_wconf 90' lang='lat' dir='ltr'>et</span> <span class='ocrx_word' id='word_1_84' title='bbox 1504 881 1700 926; x_wconf 89' lang='lat' dir='ltr'>eamdem</span> 
     </span>
     <span class='ocr_line' id='line_1_11' title="bbox 312 953 1701 1017; baseline -0.004 -17"><span class='ocrx_word' id='word_1_85' title='bbox 312 957 394 1000; x_wconf 88' lang='lat' dir='ltr'>sibi</span> <span class='ocrx_word' id='word_1_86' title='bbox 416 957 506 1015; x_wconf 90' lang='lat' dir='ltr'>ipse</span> <span class='ocrx_word' id='word_1_87' title='bbox 536 959 761 1017; x_wconf 82' lang='lat' dir='ltr'>proposuit</span> <span class='ocrx_word' id='word_1_88' title='bbox 791 957 1078 1017; x_wconf 75' lang='lat' dir='ltr'>quaestionem</span> <span class='ocrx_word' id='word_1_89' title='bbox 1117 976 1124 1000; x_wconf 91' lang='lat'>:</span> <span class='ocrx_word' id='word_1_90' title='bbox 1155 974 1175 997; x_wconf 89' lang='lat'>«</span> <span class='ocrx_word' id='word_1_91' title='bbox 1199 954 1315 1008; x_wconf 88' lang='lat' dir='ltr'>Quid</span> <span class='ocrx_word' id='word_1_92' title='bbox 1338 968 1438 1012; x_wconf 88' lang='lat' dir='ltr'>ergo</span> <span class='ocrx_word' id='word_1_93' title='bbox 1461 953 1656 997; x_wconf 84' lang='lat' dir='ltr'>dicemus</span> <span class='ocrx_word' id='word_1_94' title='bbox 1684 953 1701 993; x_wconf 73' lang='lat'>‘2</span> 
     </span>
     <span class='ocr_line' id='line_1_12' title="bbox 316 1025 1702 1087; baseline -0.001 -18"><span class='ocrx_word' id='word_1_95' title='bbox 316 1046 335 1069; x_wconf 88' lang='lat'>»</span> <span class='ocrx_word' id='word_1_96' title='bbox 358 1028 518 1087; x_wconf 86' lang='lat' dir='ltr'>inquit,</span> <span class='ocrx_word' id='word_1_97' title='bbox 544 1032 632 1072; x_wconf 85' lang='lat' dir='ltr'>Lex</span> <span class='ocrx_word' id='word_1_98' title='bbox 659 1038 885 1087; x_wconf 88' lang='lat' dir='ltr'>peccatum</span> <span class='ocrx_word' id='word_1_99' title='bbox 917 1037 979 1072; x_wconf 87' lang='lat' dir='ltr'>est</span> <span class='ocrx_word' id='word_1_100' title='bbox 1001 1030 1018 1071; x_wconf 77' lang='grc' dir='ltr'>Ξ)</span> <span class='ocrx_word' id='word_1_101' title='bbox 1043 1027 1167 1072; x_wconf 84' lang='lat' dir='ltr'>Absit</span> <span class='ocrx_word' id='word_1_102' title='bbox 1202 1046 1209 1071; x_wconf 90' lang='lat'>:</span> <span class='ocrx_word' id='word_1_103' title='bbox 1246 1025 1320 1070; x_wconf 89' lang='lat' dir='ltr'>sed</span> <span class='ocrx_word' id='word_1_104' title='bbox 1354 1033 1579 1084; x_wconf 88' lang='lat' dir='ltr'>peccatum</span> <span class='ocrx_word' id='word_1_105' title='bbox 1612 1037 1702 1068; x_wconf 91' lang='lat' dir='ltr'>non</span> 
     </span>
     <span class='ocr_line' id='line_1_13' title="bbox 316 1095 1699 1158; baseline -0.001 -18"><span class='ocrx_word' id='word_1_106' title='bbox 316 1116 335 1139; x_wconf 89' lang='lat'>»</span> <span class='ocrx_word' id='word_1_107' title='bbox 359 1099 545 1156; x_wconf 85' lang='lat' dir='ltr'>cognovi</span> <span class='ocrx_word' id='word_1_108' title='bbox 567 1100 650 1143; x_wconf 88' lang='lat' dir='ltr'>nisi</span> <span class='ocrx_word' id='word_1_109' title='bbox 667 1115 742 1158; x_wconf 87' lang='lat' dir='ltr'>per</span> <span class='ocrx_word' id='word_1_110' title='bbox 760 1103 918 1158; x_wconf 85' lang='lat' dir='ltr'>Legem</span> <span class='ocrx_word' id='word_1_111' title='bbox 950 1103 981 1141; x_wconf 74' lang='lat'>2.</span> <span class='ocrx_word' id='word_1_112' title='bbox 1007 1117 1026 1139; x_wconf 90' lang='lat'>»</span> <span class='ocrx_word' id='word_1_113' title='bbox 1053 1101 1145 1142; x_wconf 92' lang='lat' dir='ltr'>Hoc</span> <span class='ocrx_word' id='word_1_114' title='bbox 1162 1100 1254 1158; x_wconf 85' lang='lat' dir='ltr'>jam</span> <span class='ocrx_word' id='word_1_115' title='bbox 1276 1097 1472 1156; x_wconf 89' lang='lat' dir='ltr'>superius</span> <span class='ocrx_word' id='word_1_116' title='bbox 1501 1095 1669 1140; x_wconf 80' lang='lat' dir='ltr'>dixerat</span> <span class='ocrx_word' id='word_1_117' title='bbox 1690 1113 1699 1139; x_wconf 75' lang='grc' dir='ltr'>ε</span> 
     </span>
     <span class='ocr_line' id='line_1_14' title="bbox 317 1165 1697 1228; baseline 0.001 -19"><span class='ocrx_word' id='word_1_118' title='bbox 317 1187 336 1209; x_wconf 80' lang='grc' dir='ltr'>α</span> <span class='ocrx_word' id='word_1_119' title='bbox 362 1171 443 1211; x_wconf 89' lang='lat' dir='ltr'>Per</span> <span class='ocrx_word' id='word_1_120' title='bbox 461 1171 622 1227; x_wconf 89' lang='lat' dir='ltr'>Legem</span> <span class='ocrx_word' id='word_1_121' title='bbox 641 1170 757 1213; x_wconf 89' lang='lat' dir='ltr'>enim</span> <span class='ocrx_word' id='word_1_122' title='bbox 786 1169 977 1227; x_wconf 86' lang='lat' dir='ltr'>cognitio</span> <span class='ocrx_word' id='word_1_123' title='bbox 994 1168 1159 1228; x_wconf 88' lang='lat' dir='ltr'>peccati</span> <span class='ocrx_word' id='word_1_124' title='bbox 1182 1169 1213 1211; x_wconf 78' lang='lat'>3.</span> <span class='ocrx_word' id='word_1_125' title='bbox 1243 1187 1262 1209; x_wconf 76' lang='lat' dir='ltr'>n</span> <span class='ocrx_word' id='word_1_126' title='bbox 1282 1170 1379 1213; x_wconf 90' lang='lat' dir='ltr'>Non</span> <span class='ocrx_word' id='word_1_127' title='bbox 1398 1181 1498 1225; x_wconf 85' lang='lat' dir='ltr'>ergo</span> <span class='ocrx_word' id='word_1_128' title='bbox 1521 1165 1697 1220; x_wconf 88' lang='lat' dir='ltr'>ablatio,</span> 
     </span>
     <span class='ocr_line' id='line_1_15' title="bbox 312 1238 607 1297; baseline 0.003 -15"><span class='ocrx_word' id='word_1_129' title='bbox 312 1238 387 1282; x_wconf 92' lang='lat' dir='ltr'>sed</span> <span class='ocrx_word' id='word_1_130' title='bbox 400 1239 607 1297; x_wconf 87' lang='lat' dir='ltr'>cognitio.</span> 
     </span>
    </p>

    <p class='ocr_par' dir='ltr' id='par_1_3' title="bbox 310 1306 1701 2554">
     <span class='ocr_line' id='line_1_16' title="bbox 373 1306 1701 1368; baseline -0.002 -16"><span class='ocrx_word' id='word_1_131' title='bbox 373 1311 489 1354; x_wconf 88' lang='lat' dir='ltr'>XIV.</span> <span class='ocrx_word' id='word_1_132' title='bbox 510 1309 622 1354; x_wconf 89' lang='lat' dir='ltr'>Hinc</span> <span class='ocrx_word' id='word_1_133' title='bbox 641 1319 786 1354; x_wconf 88' lang='lat' dir='ltr'>autem</span> <span class='ocrx_word' id='word_1_134' title='bbox 806 1310 894 1368; x_wconf 85' lang='lat' dir='ltr'>jam</span> <span class='ocrx_word' id='word_1_135' title='bbox 913 1309 1088 1368; x_wconf 80' lang='lat' dir='ltr'>incipit,</span> <span class='ocrx_word' id='word_1_136' title='bbox 1118 1316 1295 1367; x_wconf 89' lang='lat' dir='ltr'>propter</span> <span class='ocrx_word' id='word_1_137' title='bbox 1311 1307 1431 1367; x_wconf 86' lang='lat' dir='ltr'>quod</span> <span class='ocrx_word' id='word_1_138' title='bbox 1453 1307 1532 1350; x_wconf 84' lang='lat' dir='ltr'>ista</span> <span class='ocrx_word' id='word_1_139' title='bbox 1557 1306 1701 1350; x_wconf 90' lang='lat' dir='ltr'>consi-</span> 
     </span>
     <span class='ocr_line' id='line_1_17' title="bbox 313 1379 1699 1440; baseline -0.003 -16"><span class='ocrx_word' id='word_1_140' title='bbox 313 1379 505 1425; x_wconf 86' lang='lat' dir='ltr'>deranda</span> <span class='ocrx_word' id='word_1_141' title='bbox 527 1381 808 1440; x_wconf 85' lang='lat' dir='ltr'>suscepimus,</span> <span class='ocrx_word' id='word_1_142' title='bbox 830 1379 1105 1425; x_wconf 82' lang='lat' dir='ltr'>introducere</span> <span class='ocrx_word' id='word_1_143' title='bbox 1128 1393 1353 1438; x_wconf 84' lang='lat' dir='ltr'>personam</span> <span class='ocrx_word' id='word_1_144' title='bbox 1377 1393 1514 1433; x_wconf 85' lang='lat' dir='ltr'>suam,</span> <span class='ocrx_word' id='word_1_145' title='bbox 1541 1387 1585 1421; x_wconf 91' lang='lat' dir='ltr'>et</span> <span class='ocrx_word' id='word_1_146' title='bbox 1604 1386 1699 1421; x_wconf 87' lang='lat' dir='ltr'>tan-</span> 
     </span>
     <span class='ocr_line' id='line_1_18' title="bbox 312 1449 1699 1510; baseline -0.002 -16"><span class='ocrx_word' id='word_1_147' title='bbox 312 1465 444 1508; x_wconf 82' lang='lat' dir='ltr'>quam</span> <span class='ocrx_word' id='word_1_148' title='bbox 459 1450 513 1494; x_wconf 90' lang='lat' dir='ltr'>de</span> <span class='ocrx_word' id='word_1_149' title='bbox 526 1466 569 1494; x_wconf 91' lang='lat' dir='ltr'>se</span> <span class='ocrx_word' id='word_1_150' title='bbox 588 1451 682 1510; x_wconf 91' lang='lat' dir='ltr'>ipso</span> <span class='ocrx_word' id='word_1_151' title='bbox 697 1449 835 1510; x_wconf 87' lang='lat' dir='ltr'>loqui:</span> <span class='ocrx_word' id='word_1_152' title='bbox 856 1450 933 1494; x_wconf 89' lang='lat' dir='ltr'>ubi</span> <span class='ocrx_word' id='word_1_153' title='bbox 949 1449 1105 1494; x_wconf 91' lang='lat' dir='ltr'>nolunt</span> <span class='ocrx_word' id='word_1_154' title='bbox 1122 1449 1341 1508; x_wconf 85' lang='lat' dir='ltr'>Pelagiani</span> <span class='ocrx_word' id='word_1_155' title='bbox 1358 1449 1498 1507; x_wconf 90' lang='lat' dir='ltr'>ipsum</span> <span class='ocrx_word' id='word_1_156' title='bbox 1511 1450 1699 1507; x_wconf 88' lang='lat' dir='ltr'>Aposto-</span> 
     </span>
     <span class='ocr_line' id='line_1_19' title="bbox 312 1517 1696 1579; baseline 0.001 -18"><span class='ocrx_word' id='word_1_157' title='bbox 312 1517 405 1562; x_wconf 90' lang='lat' dir='ltr'>lum</span> <span class='ocrx_word' id='word_1_158' title='bbox 419 1519 617 1578; x_wconf 86' lang='lat' dir='ltr'>intelligi,</span> <span class='ocrx_word' id='word_1_159' title='bbox 641 1520 715 1563; x_wconf 93' lang='lat' dir='ltr'>sed</span> <span class='ocrx_word' id='word_1_160' title='bbox 730 1519 849 1579; x_wconf 87' lang='lat' dir='ltr'>quod</span> <span class='ocrx_word' id='word_1_161' title='bbox 867 1521 911 1563; x_wconf 91' lang='lat' dir='ltr'>in</span> <span class='ocrx_word' id='word_1_162' title='bbox 931 1535 975 1564; x_wconf 91' lang='lat' dir='ltr'>se</span> <span class='ocrx_word' id='word_1_163' title='bbox 994 1520 1127 1564; x_wconf 91' lang='lat' dir='ltr'>alium</span> <span class='ocrx_word' id='word_1_164' title='bbox 1150 1518 1535 1577; x_wconf 86' lang='lat' dir='ltr'>transfiguraverit,</span> <span class='ocrx_word' id='word_1_165' title='bbox 1558 1517 1602 1561; x_wconf 93' lang='lat' dir='ltr'>id</span> <span class='ocrx_word' id='word_1_166' title='bbox 1617 1527 1696 1573; x_wconf 89' lang='lat' dir='ltr'>est,</span> 
     </span>
     <span class='ocr_line' id='line_1_20' title="bbox 313 1589 1698 1649; baseline -0.001 -17"><span class='ocrx_word' id='word_1_167' title='bbox 313 1589 533 1633; x_wconf 90' lang='lat' dir='ltr'>hominem</span> <span class='ocrx_word' id='word_1_168' title='bbox 554 1591 634 1634; x_wconf 87' lang='lat' dir='ltr'>sub</span> <span class='ocrx_word' id='word_1_169' title='bbox 658 1593 770 1648; x_wconf 88' lang='lat' dir='ltr'>Lege</span> <span class='ocrx_word' id='word_1_170' title='bbox 803 1589 945 1634; x_wconf 84' lang='lat' dir='ltr'>adhuc</span> <span class='ocrx_word' id='word_1_171' title='bbox 964 1591 1151 1649; x_wconf 86' lang='lat' dir='ltr'>positum</span> <span class='ocrx_word' id='word_1_172' title='bbox 1169 1625 1179 1644; x_wconf 85' lang='lat'>‚</span> <span class='ocrx_word' id='word_1_173' title='bbox 1200 1590 1398 1634; x_wconf 86' lang='lat' dir='ltr'>nondum</span> <span class='ocrx_word' id='word_1_174' title='bbox 1422 1604 1498 1648; x_wconf 83' lang='lat' dir='ltr'>per</span> <span class='ocrx_word' id='word_1_175' title='bbox 1519 1589 1698 1648; x_wconf 83' lang='lat' dir='ltr'>gratiam</span> 
     </span>
     <span class='ocr_line' id='line_1_21' title="bbox 312 1658 1699 1720; baseline 0 -18"><span class='ocrx_word' id='word_1_176' title='bbox 312 1658 559 1704; x_wconf 87' lang='lat' dir='ltr'>liberatum.</span> <span class='ocrx_word' id='word_1_177' title='bbox 587 1661 670 1704; x_wconf 90' lang='lat' dir='ltr'>Ubi</span> <span class='ocrx_word' id='word_1_178' title='bbox 693 1660 870 1720; x_wconf 87' lang='lat' dir='ltr'>quidem</span> <span class='ocrx_word' id='word_1_179' title='bbox 897 1662 985 1720; x_wconf 85' lang='lat' dir='ltr'>jam</span> <span class='ocrx_word' id='word_1_180' title='bbox 1018 1661 1182 1705; x_wconf 85' lang='lat' dir='ltr'>debent</span> <span class='ocrx_word' id='word_1_181' title='bbox 1204 1660 1442 1705; x_wconf 83' lang='lat' dir='ltr'>concedere</span> <span class='ocrx_word' id='word_1_182' title='bbox 1461 1694 1471 1714; x_wconf 97' lang='lat'>,</span> <span class='ocrx_word' id='word_1_183' title='bbox 1501 1660 1621 1719; x_wconf 88' lang='lat' dir='ltr'>quod</span> <span class='ocrx_word' id='word_1_184' title='bbox 1654 1659 1699 1702; x_wconf 93' lang='lat' dir='ltr'>in</span> 
     </span>
     <span class='ocr_line' id='line_1_22' title="bbox 312 1729 1696 1790; baseline 0.001 -18"><span class='ocrx_word' id='word_1_185' title='bbox 312 1733 426 1788; x_wconf 90' lang='lat' dir='ltr'>Lege</span> <span class='ocrx_word' id='word_1_186' title='bbox 448 1745 577 1775; x_wconf 90' lang='lat' dir='ltr'>nemo</span> <span class='ocrx_word' id='word_1_187' title='bbox 594 1731 898 1790; x_wconf 71' lang='lat' dir='ltr'>justificatur‘2‚</span> <span class='ocrx_word' id='word_1_188' title='bbox 920 1733 1031 1775; x_wconf 88' lang='lat' dir='ltr'>sicut</span> <span class='ocrx_word' id='word_1_189' title='bbox 1046 1731 1146 1776; x_wconf 89' lang='lat' dir='ltr'>alibi</span> <span class='ocrx_word' id='word_1_190' title='bbox 1166 1730 1536 1790; x_wconf 21' lang='lat' dir='ltr'>idemlApostolus</span> <span class='ocrx_word' id='word_1_191' title='bbox 1555 1729 1659 1774; x_wconf 89' lang='lat' dir='ltr'>dicit</span> <span class='ocrx_word' id='word_1_192' title='bbox 1685 1751 1696 1786; x_wconf 75' lang='lat'>3</span> 
     </span>
     <span class='ocr_line' id='line_1_23' title="bbox 312 1800 1698 1862; baseline 0.001 -19"><span class='ocrx_word' id='word_1_193' title='bbox 312 1802 386 1844; x_wconf 91' lang='lat' dir='ltr'>sed</span> <span class='ocrx_word' id='word_1_194' title='bbox 400 1802 454 1844; x_wconf 76' lang='lat' dir='ltr'>ad</span> <span class='ocrx_word' id='word_1_195' title='bbox 466 1801 759 1860; x_wconf 87' lang='lat' dir='ltr'>cognitionem</span> <span class='ocrx_word' id='word_1_196' title='bbox 776 1803 940 1861; x_wconf 87' lang='lat' dir='ltr'>peccati</span> <span class='ocrx_word' id='word_1_197' title='bbox 954 1838 963 1856; x_wconf 93' lang='lat'>,</span> <span class='ocrx_word' id='word_1_198' title='bbox 982 1812 1021 1846; x_wconf 88' lang='lat' dir='ltr'>et</span> <span class='ocrx_word' id='word_1_199' title='bbox 1035 1802 1089 1847; x_wconf 88' lang='lat' dir='ltr'>ad</span> <span class='ocrx_word' id='word_1_200' title='bbox 1100 1803 1230 1862; x_wconf 88' lang='lat' dir='ltr'>ipsius</span> <span class='ocrx_word' id='word_1_201' title='bbox 1246 1802 1370 1860; x_wconf 90' lang='lat' dir='ltr'>Legis</span> <span class='ocrx_word' id='word_1_202' title='bbox 1386 1800 1698 1860; x_wconf 84' lang='lat' dir='ltr'>praevaricatio-</span> 
     </span>
     <span class='ocr_line' id='line_1_24' title="bbox 312 1872 1698 1932; baseline 0.001 -18"><span class='ocrx_word' id='word_1_203' title='bbox 312 1885 412 1915; x_wconf 89' lang='lat' dir='ltr'>nem</span> <span class='ocrx_word' id='word_1_204' title='bbox 431 1872 572 1916; x_wconf 89' lang='lat' dir='ltr'>valere</span> <span class='ocrx_word' id='word_1_205' title='bbox 588 1876 763 1932; x_wconf 88' lang='lat' dir='ltr'>Legem,</span> <span class='ocrx_word' id='word_1_206' title='bbox 782 1876 838 1930; x_wconf 78' lang='lat' dir='ltr'>ut]</span> <span class='ocrx_word' id='word_1_207' title='bbox 850 1874 1025 1932; x_wconf 88' lang='lat' dir='ltr'>cognito</span> <span class='ocrx_word' id='word_1_208' title='bbox 1044 1882 1260 1932; x_wconf 85' lang='lat' dir='ltr'>auctoque</span> <span class='ocrx_word' id='word_1_209' title='bbox 1274 1881 1451 1932; x_wconf 87' lang='lat' dir='ltr'>peccato</span> <span class='ocrx_word' id='word_1_210' title='bbox 1469 1887 1544 1931; x_wconf 89' lang='lat' dir='ltr'>per</span> <span class='ocrx_word' id='word_1_211' title='bbox 1566 1872 1698 1916; x_wconf 87' lang='lat' dir='ltr'>fidem</span> 
     </span>
     <span class='ocr_line' id='line_1_25' title="bbox 313 1941 1698 2003; baseline 0 -17"><span class='ocrx_word' id='word_1_212' title='bbox 313 1943 445 1999; x_wconf 86' lang='lat' dir='ltr'>gratia</span> <span class='ocrx_word' id='word_1_213' title='bbox 464 1944 826 2003; x_wconf 85' lang='lat' dir='ltr'>requi1·atur.Non</span> <span class='ocrx_word' id='word_1_214' title='bbox 844 1954 989 1989; x_wconf 90' lang='lat' dir='ltr'>autem</span> <span class='ocrx_word' id='word_1_215' title='bbox 1008 1945 1163 1988; x_wconf 88' lang='lat' dir='ltr'>timent</span> <span class='ocrx_word' id='word_1_216' title='bbox 1183 1945 1261 1988; x_wconf 87' lang='lat' dir='ltr'>ista</span> <span class='ocrx_word' id='word_1_217' title='bbox 1276 1944 1330 1988; x_wconf 90' lang='lat' dir='ltr'>de</span> <span class='ocrx_word' id='word_1_218' title='bbox 1348 1943 1557 2002; x_wconf 84' lang='lat' dir='ltr'>Apostolo</span> <span class='ocrx_word' id='word_1_219' title='bbox 1573 1941 1698 1986; x_wconf 86' lang='lat' dir='ltr'>intel-</span> 
     </span>
     <span class='ocr_line' id='line_1_26' title="bbox 310 2011 1696 2074; baseline 0.001 -19"><span class='ocrx_word' id='word_1_220' title='bbox 310 2011 401 2071; x_wconf 85' lang='lat' dir='ltr'>ligi,</span> <span class='ocrx_word' id='word_1_221' title='bbox 418 2031 516 2073; x_wconf 80' lang='lat' dir='ltr'>quae</span> <span class='ocrx_word' id='word_1_222' title='bbox 534 2025 676 2073; x_wconf 82' lang='lat' dir='ltr'>posset</span> <span class='ocrx_word' id='word_1_223' title='bbox 694 2024 736 2059; x_wconf 92' lang='lat' dir='ltr'>et</span> <span class='ocrx_word' id='word_1_224' title='bbox 758 2015 812 2059; x_wconf 89' lang='lat' dir='ltr'>de</span> <span class='ocrx_word' id='word_1_225' title='bbox 830 2015 1057 2074; x_wconf 82' lang='lat' dir='ltr'>praeteritis</span> <span class='ocrx_word' id='word_1_226' title='bbox 1075 2015 1159 2058; x_wconf 87' lang='lat' dir='ltr'>suis</span> <span class='ocrx_word' id='word_1_227' title='bbox 1178 2015 1337 2069; x_wconf 86' lang='lat' dir='ltr'>dicere,</span> <span class='ocrx_word' id='word_1_228' title='bbox 1353 2015 1427 2058; x_wconf 90' lang='lat' dir='ltr'>sed</span> <span class='ocrx_word' id='word_1_229' title='bbox 1450 2029 1498 2058; x_wconf 85' lang='lat' dir='ltr'>ea</span> <span class='ocrx_word' id='word_1_230' title='bbox 1516 2029 1615 2073; x_wconf 82' lang='lat' dir='ltr'>quae</span> <span class='ocrx_word' id='word_1_231' title='bbox 1627 2028 1696 2057; x_wconf 89' lang='lat' dir='ltr'>se-</span> 
     </span>
     <span class='ocr_line' id='line_1_27' title="bbox 311 2085 1693 2145; baseline 0 -18"><span class='ocrx_word' id='word_1_232' title='bbox 311 2094 508 2143; x_wconf 85' lang='lat' dir='ltr'>quuntur</span> <span class='ocrx_word' id='word_1_233' title='bbox 535 2086 703 2130; x_wconf 86' lang='lat' dir='ltr'>timent.</span> <span class='ocrx_word' id='word_1_234' title='bbox 740 2088 819 2130; x_wconf 91' lang='lat' dir='ltr'>Hic</span> <span class='ocrx_word' id='word_1_235' title='bbox 847 2087 960 2130; x_wconf 87' lang='lat' dir='ltr'>enim</span> <span class='ocrx_word' id='word_1_236' title='bbox 990 2106 998 2131; x_wconf 78' lang='lat'>2</span> <span class='ocrx_word' id='word_1_237' title='bbox 1024 2106 1041 2126; x_wconf 94' lang='lat'>«</span> <span class='ocrx_word' id='word_1_238' title='bbox 1064 2086 1468 2145; x_wconf 84' lang='lat' dir='ltr'>Concupiscentiam</span> <span class='ocrx_word' id='word_1_239' title='bbox 1487 2121 1497 2140; x_wconf 70' lang='grc'><em>,</em></span> <span class='ocrx_word' id='word_1_240' title='bbox 1524 2085 1693 2145; x_wconf 87' lang='lat' dir='ltr'>inquit,</span> 
     </span>
     <span class='ocr_line' id='line_1_28' title="bbox 314 2155 1696 2215; baseline 0.003 -21"><span class='ocrx_word' id='word_1_241' title='bbox 314 2172 333 2194; x_wconf 85' lang='lat'>»</span> <span class='ocrx_word' id='word_1_242' title='bbox 354 2155 613 2211; x_wconf 85' lang='lat' dir='ltr'>nesciebam,</span> <span class='ocrx_word' id='word_1_243' title='bbox 634 2156 715 2199; x_wconf 91' lang='lat' dir='ltr'>nisi</span> <span class='ocrx_word' id='word_1_244' title='bbox 732 2159 818 2199; x_wconf 87' lang='lat' dir='ltr'>Lex</span> <span class='ocrx_word' id='word_1_245' title='bbox 837 2156 1021 2200; x_wconf 85' lang='lat' dir='ltr'>diceret:</span> <span class='ocrx_word' id='word_1_246' title='bbox 1042 2159 1138 2201; x_wconf 92' lang='lat' dir='ltr'>Non</span> <span class='ocrx_word' id='word_1_247' title='bbox 1160 2155 1696 2215; x_wconf 87' lang='lat' dir='ltr'>concupisces.Occasione</span> 
     </span>
     <span class='ocr_line' id='line_1_29' title="bbox 314 2226 1696 2286; baseline 0.001 -18"><span class='ocrx_word' id='word_1_248' title='bbox 314 2243 333 2266; x_wconf 66' lang='lat'>&gt;³</span> <span class='ocrx_word' id='word_1_249' title='bbox 359 2235 502 2269; x_wconf 85' lang='lat' dir='ltr'>autern</span> <span class='ocrx_word' id='word_1_250' title='bbox 526 2236 728 2286; x_wconf 87' lang='lat' dir='ltr'>accepta,</span> <span class='ocrx_word' id='word_1_251' title='bbox 754 2236 980 2286; x_wconf 91' lang='lat' dir='ltr'>peccatum</span> <span class='ocrx_word' id='word_1_252' title='bbox 1003 2242 1079 2286; x_wconf 88' lang='lat' dir='ltr'>per</span> <span class='ocrx_word' id='word_1_253' title='bbox 1108 2226 1363 2271; x_wconf 88' lang='lat' dir='ltr'>mandatum</span> <span class='ocrx_word' id='word_1_254' title='bbox 1387 2235 1613 2285; x_wconf 87' lang='lat' dir='ltr'>operatum</span> <span class='ocrx_word' id='word_1_255' title='bbox 1634 2235 1696 2269; x_wconf 86' lang='lat' dir='ltr'>est</span> 
     </span>
     <span class='ocr_line' id='line_1_30' title="bbox 315 2292 1696 2356; baseline 0.003 -20"><span class='ocrx_word' id='word_1_256' title='bbox 315 2314 334 2336; x_wconf 83' lang='lat'>»</span> <span class='ocrx_word' id='word_1_257' title='bbox 355 2296 399 2338; x_wconf 85' lang='lat' dir='ltr'>in</span> <span class='ocrx_word' id='word_1_258' title='bbox 422 2312 489 2339; x_wconf 85' lang='lat' dir='ltr'>mc</span> <span class='ocrx_word' id='word_1_259' title='bbox 516 2311 690 2341; x_wconf 91' lang='lat' dir='ltr'>omnem</span> <span class='ocrx_word' id='word_1_260' title='bbox 715 2297 1127 2356; x_wconf 86' lang='lat' dir='ltr'>concupiscentiam.</span> <span class='ocrx_word' id='word_1_261' title='bbox 1158 2297 1257 2341; x_wconf 85' lang='lat' dir='ltr'>Sine</span> <span class='ocrx_word' id='word_1_262' title='bbox 1278 2300 1392 2355; x_wconf 89' lang='lat' dir='ltr'>Lege</span> <span class='ocrx_word' id='word_1_263' title='bbox 1410 2297 1522 2340; x_wconf 89' lang='lat' dir='ltr'>enim</span> <span class='ocrx_word' id='word_1_264' title='bbox 1542 2292 1696 2355; x_wconf 85' lang='lat' dir='ltr'>pecca-</span> 
     </span>
     <span class='ocr_line' id='line_1_31' title="bbox 315 2365 1696 2426; baseline 0.001 -19"><span class='ocrx_word' id='word_1_265' title='bbox 315 2384 335 2407; x_wconf 79' lang='lat'>»</span> <span class='ocrx_word' id='word_1_266' title='bbox 359 2375 448 2410; x_wconf 91' lang='lat' dir='ltr'>tum</span> <span class='ocrx_word' id='word_1_267' title='bbox 479 2377 702 2411; x_wconf 83' lang='lat' dir='ltr'>mortuum</span> <span class='ocrx_word' id='word_1_268' title='bbox 721 2377 784 2412; x_wconf 85' lang='lat' dir='ltr'>est</span> <span class='ocrx_word' id='word_1_269' title='bbox 815 2388 822 2411; x_wconf 81' lang='lat'>2</span> <span class='ocrx_word' id='word_1_270' title='bbox 850 2383 930 2426; x_wconf 90' lang='lat' dir='ltr'>ego</span> <span class='ocrx_word' id='word_1_271' title='bbox 957 2377 1102 2412; x_wconf 84' lang='lat' dir='ltr'>autem</span> <span class='ocrx_word' id='word_1_272' title='bbox 1123 2367 1320 2412; x_wconf 84' lang='lat' dir='ltr'>vivebam</span> <span class='ocrx_word' id='word_1_273' title='bbox 1351 2365 1587 2426; x_wconf 84' lang='lat' dir='ltr'>aliquando</span> <span class='ocrx_word' id='word_1_274' title='bbox 1607 2367 1696 2410; x_wconf 92' lang='lat' dir='ltr'>sine</span> 
     </span>
     <span class='ocr_line' id='line_1_32' title="bbox 319 2436 1692 2496; baseline 0.002 -19"><span class='ocrx_word' id='word_1_275' title='bbox 319 2455 335 2476; x_wconf 87' lang='lat'>»</span> <span class='ocrx_word' id='word_1_276' title='bbox 359 2439 492 2493; x_wconf 89' lang='lat' dir='ltr'>Lege:</span> <span class='ocrx_word' id='word_1_277' title='bbox 510 2437 767 2481; x_wconf 81' lang='lat' dir='ltr'>adveniente</span> <span class='ocrx_word' id='word_1_278' title='bbox 785 2447 928 2482; x_wconf 82' lang='lat' dir='ltr'>autem</span> <span class='ocrx_word' id='word_1_279' title='bbox 943 2436 1148 2482; x_wconf 85' lang='lat' dir='ltr'>mandato</span> <span class='ocrx_word' id='word_1_280' title='bbox 1171 2446 1396 2496; x_wconf 86' lang='lat' dir='ltr'>peccatum</span> <span class='ocrx_word' id='word_1_281' title='bbox 1421 2436 1571 2481; x_wconf 87' lang='lat' dir='ltr'>revixit</span> <span class='ocrx_word' id='word_1_282' title='bbox 1588 2457 1598 2493; x_wconf 80' lang='lat'>3</span> <span class='ocrx_word' id='word_1_283' title='bbox 1613 2451 1692 2494; x_wconf 88' lang='lat' dir='ltr'>ego</span> 
     </span>
     <span class='ocr_line' id='line_1_33' title="bbox 316 2507 1689 2554; baseline 0.002 -6"><span class='ocrx_word' id='word_1_284' title='bbox 316 2525 335 2548; x_wconf 88' lang='lat'>»</span> <span class='ocrx_word' id='word_1_285' title='bbox 361 2515 505 2550; x_wconf 80' lang='lat' dir='ltr'>autem</span> <span class='ocrx_word' id='word_1_286' title='bbox 525 2517 723 2552; x_wconf 88' lang='lat' dir='ltr'>mortuus</span> <span class='ocrx_word' id='word_1_287' title='bbox 748 2524 858 2553; x_wconf 92' lang='lat' dir='ltr'>sum.</span> <span class='ocrx_word' id='word_1_288' title='bbox 895 2511 950 2552; x_wconf 88' lang='lat' dir='ltr'>Et</span> <span class='ocrx_word' id='word_1_289' title='bbox 971 2509 1199 2554; x_wconf 87' lang='lat' dir='ltr'>inventum</span> <span class='ocrx_word' id='word_1_290' title='bbox 1222 2517 1284 2552; x_wconf 84' lang='lat' dir='ltr'>est</span> <span class='ocrx_word' id='word_1_291' title='bbox 1311 2507 1417 2550; x_wconf 85' lang='lat' dir='ltr'>mihi</span> <span class='ocrx_word' id='word_1_292' title='bbox 1437 2507 1689 2552; x_wconf 86' lang='lat' dir='ltr'>mandatum</span> 
     </span>
    </p>
   </div>
   <div class='ocr_carea' id='block_1_3' title="bbox 363 2591 1582 2638">
    <p class='ocr_par' dir='ltr' id='par_1_4' title="bbox 363 2591 1582 2638">
     <span class='ocr_line' id='line_1_34' title="bbox 363 2591 1582 2638; baseline 0.001 -13"><span class='ocrx_word' id='word_1_293' title='bbox 363 2598 371 2616; x_wconf 90' lang='lat'>¹</span> <span class='ocrx_word' id='word_1_294' title='bbox 390 2595 480 2625; x_wconf 81' lang='lat' dir='ltr'>Rom.</span> <span class='ocrx_word' id='word_1_295' title='bbox 502 2603 556 2635; x_wconf 85' lang='lat' dir='ltr'>vu,</span> <span class='ocrx_word' id='word_1_296' title='bbox 576 2591 608 2636; x_wconf 67' lang='grc'>4,</span> <span class='ocrx_word' id='word_1_297' title='bbox 633 2598 695 2626; x_wconf 87' lang='lat' dir='ltr'>etc.</span> <span class='ocrx_word' id='word_1_298' title='bbox 713 2609 753 2617; x_wconf 88' lang='lat'>—-</span> <span class='ocrx_word' id='word_1_299' title='bbox 768 2601 780 2617; x_wconf 84' lang='lat'>²</span> <span class='ocrx_word' id='word_1_300' title='bbox 808 2592 922 2627; x_wconf 80' lang='lat' dir='ltr'>31bid-</span> <span class='ocrx_word' id='word_1_301' title='bbox 945 2595 1052 2638; x_wconf 71' lang='grc'><strong>7.--4</strong></span> <span class='ocrx_word' id='word_1_302' title='bbox 1081 2595 1125 2626; x_wconf 87' lang='lat' dir='ltr'>Id.</span> <span class='ocrx_word' id='word_1_303' title='bbox 1146 2605 1194 2635; x_wconf 85' lang='grc' dir='ltr'>ιιι,</span> <span class='ocrx_word' id='word_1_304' title='bbox 1215 2602 1266 2627; x_wconf 81' lang='lat'>20.</span> <span class='ocrx_word' id='word_1_305' title='bbox 1281 2591 1350 2617; x_wconf 76' lang='lat'>-5</span> <span class='ocrx_word' id='word_1_306' title='bbox 1375 2592 1443 2626; x_wconf 84' lang='lat' dir='ltr'>Gal.</span> <span class='ocrx_word' id='word_1_307' title='bbox 1464 2592 1509 2634; x_wconf 83' lang='lat' dir='ltr'>in,</span> <span class='ocrx_word' id='word_1_308' title='bbox 1533 2603 1582 2625; x_wconf 85' lang='grc' dir='ltr'>ιι.</span> 
     </span>
    </p>
   </div>
  </div>
 </body>
</html>
