1804 3205
276 214 327 239 nr:
360 214 526 240 Nurum
562 215 610 239 εϊ
642 215 760 240 couci
782 212 1009 249 PISCENTtA,
1049 215 1128 239 ιιι).
1168 215 1213 239 ιι.
1354 205 1429 241 ‘271

53 276 95 320 id
118 286 207 330 cst,
244 277 377 336 ipsam
407 277 627 321 fructuum
653 277 864 322 malorum
900 278 1099 322 arborem
1131 277 1285 321 malam
1323 278 1438 323 unde

51 346 167 391 dicat
193 356 401 391 exortam.
437 349 478 392 Si
509 364 558 391 cx
583 347 754 405 angelo,
779 347 886 406 quid
908 357 1000 392 erat
1021 348 1110 406 ipso
1136 348 1330 405 angelus,
1359 349 1437 392 nisi

53 416 216 461 bonum
235 432 344 476 opus
372 417 475 462 liei?
498 418 540 462 Si
558 433 607 461 ex
633 418 824 470 homine,
847 417 952 478 quid
974 419 1169 477 eratipso
1188 418 1335 472 homo,
1358 419 1437 462 nisi

51 487 215 532 bonum
244 503 354 547 opus
378 489 450 532 Dei
464 490 480 529 ἱ)
506 491 597 533 lmo
619 489 720 548 quia
744 487 944 533 voluntas
963 487 1074 534 mala
1098 488 1252 545 angelo
1279 503 1329 532 ex
1358 504 1438 532 an·-
1461 520 1465 534 «

49 556 161 615 gelo,
181 573 231 602 ex
256 559 431 603 homine
450 559 613 603 homini
628 568 720 603 orta
737 568 816 612 est,
835 560 941 618 quid
957 568 1079 603 erant
1098 559 1190 602 haec
1208 559 1297 602 duo
1315 568 1439 603 ante-

48 644 181 688 quam
207 629 251 673 in
274 630 333 675 eis
356 630 434 674 ista
459 630 569 674 mala
593 629 825 682 orirentur,
852 630 928 674 nisi
958 631 1119 674 bonum
1143 644 1252 688 opus
1278 629 1366 682 Dei,
1394 638 1437 673 et

48 699 163 744 bona
184 710 315 760 atque
340 700 559 745 laudanda
584 703 766 746 natura?
802 704 910 745 Ecce
934 715 1034 759 ergo
1065 716 1114 743 ex
1149 701 1265 745 bono
1298 701 1437 744 oritur

46 769 227 825 malum,
254 787 332 816 nec
356 771 439 816 fuit
461 771 643 816 omnino
667 771 783 815 unde
805 771 903 815 oriri
930 779 1085 830 posset,
1112 771 1190 814 nisi
1211 786 1260 813 ex
1287 770 1401 814 bono
1424 789 1433 814 ;

46 840 180 898 ipsam
201 842 300 886 dico
323 843 593 886 voluntatem
623 841 806 895 malam,
842 856 975 901 quam
1011 840 1184 885 nullum
1221 840 1437 899 praecessit

46 911 207 955 malum
227 932 237 967 3
265 928 352 957 non
370 929 500 972 opera
524 913 634 957 mala
649 949 659 967 ‚
682 928 783 971 quoe
805 928 892 956 non
916 921 1017 956 sunt
1040 912 1118 955 nisi
1141 928 1193 955 ex
1211 911 1436 956 voluntate

46 981 174 1035 mala,
202 992 408 1042 tanquam
433 1000 484 1028 ex
507 984 659 1028 arbore
683 984 810 1027 mala.
835 986 920 1027 Nec
948 983 1047 1026 ideo
1077 992 1220 1026 tamen
1244 997 1295 1026 ex
1320 982 1459 1026 hono:

45 1053 190 1110 potuit
209 1055 308 1098 oriri
332 1056 531 1098 voluntas
550 1054 661 1098 mala
684 1055 782 1113 quia
808 1054 975 1098 bonum
999 1053 1162 1097 factum
1189 1062 1253 1096 est
1275 1068 1297 1096 a
1321 1053 1437 1097 bono

46 1124 135 1166 Deo
151 1117 254 1187 {qod
273 1125 373 1183 quia
396 1125 450 1169 de
467 1124 607 1168 nihilo
632 1124 795 1168 tactum
827 1133 912 1178 est,
956 1139 1044 1168 non
1076 1123 1131 1166 de
1160 1111 1295 1182 Deos2
1320 1123 1437 1176 Quid
1485 1119 1500 1182 J
1540 1132 1543 1139 ’

45 1207 148 1250 ergo
173 1202 237 1237 est
261 1193 380 1253 quod
407 1194 512 1238 dicit
545 1213 552 1238 :
590 1214 610 1236 «
638 1195 681 1239 Si
706 1203 859 1239 natura
882 1209 991 1252 opus
1015 1202 1077 1237 est
1108 1194 1196 1245 Dei,
1223 1208 1299 1252 per
1326 1208 1436 1251 opus

45 1263 121 1306 Dei
147 1278 257 1322 opus
278 1263 443 1308 diaboli
464 1265 642 1308 transire
664 1280 752 1308 non
779 1265 962 1308 sinitur?
987 1283 1005 1304 »
1031 1266 1186 1309 Nonne
1219 1279 1328 1322 opus
1345 1264 1434 1308 dia-

45 1333 151 1386 boli,
173 1334 351 1393 quando
373 1336 558 1393 primum
584 1335 629 1379 in
659 1339 832 1392 augeio,
854 1336 929 1395 qui
953 1335 1152 1379 diabolus
1183 1334 1322 1380 factus
1351 1345 1430 1388 est,

44 1411 188 1447 ortum
211 1414 289 1458 est,
314 1405 359 1448 in
381 1420 511 1463 opere
537 1405 613 1448 Dei
635 1414 778 1449 ortum
805 1408 896 1449 est?
915 1408 1188 1464 Quapropter
1211 1406 1246 1450 si
1271 1406 1434 1450 malum

43 1474 159 1533 quod
184 1477 362 1520 omnino
386 1492 599 1535 nusquam
625 1486 732 1527 erat,
755 1477 799 1520 in
824 1477 895 1520 Dei
911 1492 1041 1535 opere
1061 1478 1162 1521 oriri
1179 1478 1336 1536 potuit,
1356 1493 1434 1521 cur

44 1544 207 1589 malum
230 1546 349 1605 quod
377 1546 536 1591 alicubi
554 1548 643 1606 jam
668 1556 774 1601 erat,
800 1563 876 1606 per
898 1563 1007 1606 opus
1039 1549 1110 1591 Dei
1138 1548 1315 1591 transire
1345 1563 1434 1591 non

41 1617 201 1675 potuit,
218 1619 455 1676 praesertim
474 1633 573 1662 cum
591 1618 683 1676 ipso
696 1619 831 1662 verbo
845 1627 996 1662 utatur
1007 1618 1253 1677 Apostolus,
1266 1619 1429 1673 dicens,

46 1705 66 1728 «
87 1689 143 1730 Et
164 1687 221 1731 ita
245 1687 289 1730 in
308 1703 456 1731 omnes
474 1689 670 1732 homines
691 1689 987 1747 pertransii&
1008 1708 1026 1730 n
1052 1689 1276 1748 Numquid
1297 1690 1431 1734 homi-

42 1771 117 1801 nes
139 1773 226 1802 non
247 1768 349 1802 sunt
365 1774 474 1818 opus
501 1759 606 1802 Dei?
626 1760 875 1804 Pei-transiit
891 1775 991 1817 ergo
1009 1769 1235 1818 peccatum
1259 1775 1332 1818 per
1352 1760 1431 1803 ho-

42 1828 196 1882 mines,
221 1828 304 1872 hoc
326 1838 407 1882 est,
433 1844 542 1886 opus
563 1827 726 1872 diaboli
752 1845 826 1888 per
847 1845 956 1888 opus
983 1830 1056 1873 Dei
1082 1848 1090 1873 ε
1119 1839 1250 1888 atque
1276 1840 1324 1873 ut
1347 1830 1432 1873 alio
1469 1838 1501 1858 ⁷*-

43 1896 174 1941 modo
208 1897 397 1956 idipsum
428 1897 586 1952 dicam,
621 1914 730 1956 opus
756 1899 899 1957 operis
929 1900 1002 1942 Dei
1036 1914 1111 1957 per
1129 1914 1237 1957 opus
1259 1889 1433 1952 Deisffl
1485 1889 1554 1961 41⁷2

43 1965 140 2011 ideo
159 1970 273 2012 Deus
289 1978 353 2012 est
374 1967 490 2012 solus
511 1968 794 2012 immutabilis
812 1978 854 2012 et
870 1968 1176 2026 potentissimae
1198 1952 1447 2025 bonitatisi]
1498 1968 1501 1973 ’
1535 1992 1557 2007 :v
1620 1999 1622 2001 -

43 2038 119 2096 qui
145 2047 189 2082 et
221 2048 452 2098 antequam
486 2048 595 2083 esset
623 2038 761 2083 ullum
795 2039 980 2093 malum,
1019 2040 1131 2084 bona
1163 2055 1290 2098 opera
1330 2039 1434 2084 feeit

44 2109 205 2162 omnia,
239 2118 282 2153 et
318 2109 372 2153 de
405 2109 525 2153 malis
553 2125 653 2169 quse
678 2111 722 2153 in
744 2110 868 2154 bonis
895 2110 951 2154 ab
972 2126 1023 2154 eo
1045 2109 1168 2155 factis
1189 2120 1282 2155 orta
1310 2120 1428 2163 sunt,

43 2179 156 2224 bene
178 2190 382 2239 operatur
399 2196 475 2240 per
492 2182 652 2225 omnia.

102 2252 259 2294 XLIX.
300 2270 320 2292 «
344 2254 393 2294 In
412 2266 516 2305 uuo,
535 2251 693 2310 inquit,
710 2251 995 2310 hominejure
1008 2252 1280 2310 vituperatur
1295 2251 1432 2294 inten-

46 2320 122 2373 tio,
145 2328 188 2363 et
205 2321 327 2379 origo
348 2320 568 2374 laudatur,
587 2323 687 2380 quia
711 2319 801 2364 duo
817 2331 918 2365 sunt
932 2337 1031 2380 quae
1049 2322 1274 2366 contrariis
1295 2321 1433 2380 appli-

45 2399 199 2434 centur
233 2410 242 2435 :
278 2391 322 2434 iu
360 2390 541 2449 parvulo
575 2400 722 2434 autem
757 2406 892 2434 unum
933 2400 1017 2445 est,
1057 2400 1209 2435 natura
1240 2395 1460 2446 tantum‚s

46 2459 148 2519 quia
170 2459 370 2504 voluntas
396 2475 485 2505 non
509 2470 586 2505 est.
616 2459 729 2504 Illud
754 2475 855 2518 ergo
879 2475 1040 2516 unum,
1057 2461 1225 2521 inquit,
1251 2471 1326 2506 aut
1342 2465 1432 2506 Deo

95 2550 103 2567 ¹
123 2544 200 2577 vide
214 2543 270 2576 lib.
291 2555 310 2577 v
328 2547 425 2587 Oper.
445 2545 573 2587 imperf.
592 2555 665 2587 cap.
690 2545 744 2585 31,
769 2543 824 2586 33,
845 2545 899 2586 38,
919 2549 984 2578 ebc-
999 2552 1062 2570 —2
1083 2548 1173 2579 Rom.
1197 2557 1231 2585 v,
1257 2556 1307 2578 12.

1488 1322 1507 1329 ,φ

1488 1827 1494 1835 ι
