1784 3205
334 236 417 275 350
768 245 801 272 S.
838 246 1068 273 AUGUSTINI
1102 246 1282 273 EPISGOP!

331 322 382 357 ut
410 312 681 358 revivisceret
712 310 879 355 reddita
908 319 996 365 est,
1032 309 1140 369 quid
1170 309 1224 354 ad
1253 324 1344 353 rem
1376 308 1565 369 pertinet
1599 309 1718 369 quod

330 384 495 439 dixisti,
526 403 546 426 «
571 383 681 428 nihil
715 382 870 427 Elisaeo
891 381 1021 425 fuisse
1043 380 1308 425 diminutum
1325 415 1335 435 ,
1364 398 1384 421 ·»
1409 381 1532 439 quasi
1563 379 1616 423 ab
1644 379 1718 425 illo

330 454 493 515 aliquid
537 456 758 508 transisse,
797 453 915 497 unde
949 453 1139 506 viveret,
1179 452 1381 496 credatur
1422 452 1467 494 in
1504 452 1718 510 puerum?

328 527 457 579 Quod
474 529 508 571 si
532 536 759 585 propterea
783 525 948 568 dictum
972 533 1057 579 est,
1082 524 1184 583 qnia
1204 524 1326 568 flavit
1348 532 1390 566 ct
1411 524 1579 581 integer
1599 538 1717 566 man-

327 597 412 654 sit,
437 597 544 657 quid
572 613 680 656 opus
710 605 800 639 erat
829 605 874 640 ut
907 595 990 639 hoc
1013 596 1066 638 de
1094 593 1251 638 Elisaeo
1279 602 1501 638 mortuum
1532 593 1716 637 resusci-

328 676 446 710 tante
467 666 631 710 diceres
651 702 661 720 ,
687 665 806 726 quod
837 666 892 709 dc
914 666 1067 726 quovis
1097 665 1231 708 flante
1264 673 1307 708 et
1329 663 1547 707 neminem
1578 663 1717 707 susci-

328 745 445 779 tante
467 736 608 780 dicere
630 736 914 780 nihilominus
935 737 1106 794 posses?
1130 738 1309 778 lncaute
1331 750 1432 777 sanc
1448 733 1621 778 locutus
1642 748 1685 776 es
1703 767 1714 788 ,

324 808 449 863 (cum
473 808 583 850 absit
606 816 654 851 ut
677 806 825 851 credas
854 806 1006 850 flatum
1032 804 1173 849 Elisaei
1195 806 1362 849 factum
1388 804 1516 848 fuisse
1540 804 1715 848 revivis-

325 877 459 920 centis
491 877 681 921 animam
715 878 900 936 pueri3)
930 875 1051 936 quod
1080 876 1267 934 primum
1301 876 1378 919 Dei
1417 874 1583 919 factum
1604 909 1615 929 ,
1659 874 1714 918 ab

326 948 446 992 istius
487 949 714 1007 Prophetae
747 948 864 992 facto
888 949 970 992 hoc
998 948 1156 992 distare
1183 945 1376 1001 voluisti,
1402 946 1522 1007 quod
1553 945 1626 989 ille
1647 960 1716 989 se-

326 1017 412 1061 mel
427 1053 438 1071 ,
471 1019 550 1062 iste
568 1028 633 1062 ter
649 1019 831 1063 flaverit.
860 1019 1009 1063 Dixisti
1033 1019 1195 1078 quippe
1221 1037 1241 1060 «
1265 1017 1469 1062 Elisaeum
1492 1017 1539 1060 in
1560 1015 1716 1060 faciem

327 1088 524 1133 defuncti
546 1089 622 1134 filii
649 1089 763 1134 illius
789 1089 1042 1144 Sunamitis,
1069 1089 1125 1132 acl
1145 1090 1278 1132 instar
1300 1089 1518 1147 primaevae
1541 1087 1717 1144 originis

326 1159 579 1204 insufflasse.
605 1164 661 1205 Et
682 1177 782 1205 cum
804 1170 1001 1205 emortua
1024 1160 1239 1213 membra,
1264 1161 1406 1219 inquis
1422 1195 1432 1214 ,
1459 1161 1504 1202 in
1523 1160 1715 1216 vigorem

327 1231 556 1289 pristinum
579 1231 844 1275 redanimata
862 1266 872 1285 ,
901 1247 975 1290 per
998 1231 1181 1274 halitum
1205 1231 1434 1288 Prophetae
1456 1230 1601 1273 divina
1624 1229 1715 1274 vir-

327 1310 395 1345 tus
418 1302 695 1356 accenderet,
718 1302 827 1345 nihil
844 1301 1000 1346 Elisaeo
1022 1299 1154 1344 fuerit
1169 1300 1449 1344 imminutum
1463 1334 1473 1354 ,
1501 1314 1576 1358 per
1593 1300 1716 1358 cujus

328 1372 481 1416 flatum
518 1388 674 1432 corpus
704 1382 952 1417 emortuum
988 1372 1224 1416 redivivam
1261 1371 1447 1415 animam
1478 1369 1640 1429 recepit
1672 1378 1716 1414 et

326 1444 524 1502 spiritum
548 1464 567 1504 >:
611 1445 692 1489 nisi
720 1444 839 1503 quod
872 1443 1003 1488 semel
1036 1443 1245 1488 Dominus
1276 1443 1321 1486 in
1350 1441 1502 1486 faciem
1526 1441 1714 1486 hominis

327 1515 562 1560 insufflavit
597 1524 640 1559 et
671 1515 796 1569 vixit,
827 1515 951 1558 tertio
981 1514 1161 1558 Elisaeus
1185 1515 1231 1557 in
1257 1512 1411 1558 faciem
1437 1513 1596 1557 mortui
1630 1512 1713 1572 spi-

328 1585 439 1629 ravit
465 1594 508 1628 et
531 1586 697 1630 revixit.
729 1603 748 1626 »
777 1585 844 1630 Sic
866 1594 1022 1629 sonant
1050 1594 1125 1629 tua
1148 1585 1279 1629 verba
1307 1585 1410 1635 ista,
1434 1583 1555 1643 quasi
1577 1582 1714 1628 flandi

329 1664 499 1699 tantum
532 1671 738 1700 numerus
774 1655 1047 1710 interfuerit,
1079 1665 1129 1699 ut
1160 1672 1249 1699 non
1283 1655 1404 1715 quod
1432 1654 1534 1699 fecit
1569 1657 1709 1709 Deus,

327 1726 455 1770 etiam
487 1728 702 1786 Propheta
733 1727 883 1771 fecisse
911 1726 1128 1770 credatur.
1162 1729 1217 1770 Et
1239 1727 1321 1770 hoc
1346 1740 1448 1783 ergo
1475 1724 1712 1769 emendan-

326 1796 432 1840 dum
456 1806 534 1841 est.
563 1801 665 1842 Tam
699 1798 887 1842 multum
920 1798 1081 1856 quippe
1109 1796 1308 1841 interfuit
1329 1798 1441 1840 inter
1463 1795 1574 1840 illud
1602 1810 1712 1854 opus

326 1867 424 1921 Dei,
448 1877 490 1911 et
512 1869 595 1912 hoc
618 1868 761 1913 Elisaei
778 1903 789 1923 ,
814 1878 864 1912 ut
884 1867 957 1912 ilie
973 1868 1145 1912 flaverit·
1160 1866 1314 1911 flatum
1333 1867 1433 1911 vitae
1449 1901 1459 1921 ,
1484 1881 1572 1926 quo
1589 1866 1710 1910 fieret

324 1938 456 1983 homo
483 1940 528 1983 in
552 1940 740 1984 animam
771 1940 1013 1996 viventem,
1043 1939 1122 1983 iste
1144 1948 1289 1983 autem
1322 1938 1491 1983 flaverit
1522 1937 1676 1981 flatum
1694 1970 1705 1991 ,

324 2024 467 2068 neque
497 2010 755 2055 sentientem
790 2025 933 2070 neque
963 2010 1203 2063 viventem,
1241 2009 1314 2054 sed
1350 2007 1515 2068 aliquid
1543 2008 1709 2067 signifi-

324 2079 451 2122 candi
485 2081 618 2138 gratia
654 2082 930 2139 figurantem.
973 2081 1170 2140 Denique
1205 2090 1255 2124 ut
1287 2095 1395 2140 puer
1422 2080 1500 2123 iste
1531 2078 1710 2124 revivis-

321 2158 436 2193 ceret
450 2165 539 2194 non
557 2165 656 2194 eum
676 2150 909 2194 animando
929 2151 1142 2208 Propheta
1162 2150 1285 2205 fecit,
1308 2150 1382 2194 sed
1400 2165 1498 2195 eum
1517 2147 1704 2193 amando

321 2228 369 2263 ut
408 2220 490 2264 hoc
522 2224 634 2265 Deus
669 2220 831 2265 faceret
859 2221 1120 2279 impetravit.
1151 2219 1281 2272 Quod
1310 2228 1455 2264 autem
1487 2219 1613 2263 illum
1642 2228 1706 2263 ter

321 2291 512 2335 sufflasse
538 2290 642 2336 dicis
658 2326 668 2346 ,
695 2301 770 2335 aut
804 2291 1032 2345 memoria,
1069 2291 1178 2335 sicut
1209 2291 1301 2333 fieri
1314 2290 1458 2345 solet,
1484 2298 1559 2333 aut
1581 2303 1706 2333 men-

321 2361 478 2405 dositas
506 2361 666 2406 codicis
692 2371 733 2406 te
762 2361 932 2406 fefellit.
964 2362 1080 2414 Quid
1103 2361 1251 2420 plura?
1285 2364 1382 2407 Non
1409 2370 1511 2405 sunt
1541 2359 1620 2404 tibi
1648 2358 1705 2404 ad

319 2431 403 2475 hoc
421 2433 701 2477 astruendum
724 2433 867 2492 aliqua
882 2432 1078 2492 exempla
1101 2440 1144 2476 et
1166 2440 1420 2490 argumenta
1448 2430 1698 2491 quaerenda,

320 2503 394 2546 sed
426 2503 569 2562 potius
596 2505 868 2548 emendanda
896 2513 940 2548 et
973 2503 1181 2548 mutanda
1212 2503 1440 2547 sententia.
1475 2502 1573 2549 Noli
1600 2516 1701 2560 ergo

318 2571 516 2630 credere,
543 2572 632 2619 noli
653 2589 755 2633 ergo
772 2574 936 2630 dicere,
960 2574 1051 2620 noli
1072 2574 1227 2620 docere
1241 2608 1252 2630 ,
1281 2573 1440 2635 «quod
1461 2589 1550 2619 non
1566 2574 1622 2618 de
1638 2575 1699 2618 ni-
