1784 3205
351 210 433 250 462
785 228 817 254 s.
853 227 1084 260 Aue-usum
1116 233 1295 262 muscum

345 301 441 330 mus
475 288 596 347 quod
629 292 823 350 praecipit
858 294 1012 346 nobis;
1042 296 1087 340 in
1118 313 1204 357 qua
1232 299 1266 342 si
1292 314 1370 344 nos
1401 315 1490 344 non
1518 303 1728 359 praevenit

345 357 486 413 Deus,
513 373 602 403 non
632 359 773 405 solum
807 377 896 408 non
918 366 1164 423 perficitur,
1198 370 1273 413 sed
1303 385 1382 414 nec
1416 371 1647 416 inchoatur
1675 387 1725 416 ex

345 427 483 471 nobis.
512 429 554 472 Si
577 431 691 473 enim
720 431 810 474 sine
831 431 906 477 illo
929 436 1037 480 nihil
1060 452 1287 496 possumus
1309 439 1451 485 facere
1466 443 1503 496 1,
1531 440 1728 500 profecto

343 512 422 542 nec
443 497 658 557 incipere,
684 517 763 545 nec
787 504 992 560 perficere
1018 525 1028 551 2
1052 508 1154 567 quia
1179 518 1228 553 ut
1253 509 1508 569 incipiamus
1525 547 1536 566 ‚
1562 512 1728 557 dictum

343 577 433 612 est:
459 586 479 611 ι(
498 570 789 617 Misericordia
810 574 900 633 ejus
922 579 1157 634 praeveniet
1178 583 1275 623 me2
1289 614 1300 635 ‚
1325 598 1344 621 »
1367 590 1415 625 ut
1434 582 1726 640 perficiamUS‚

341 637 508 683 dictum
530 650 592 685 est
613 660 622 685 :
654 661 673 684 «
693 644 983 690 Misericordia
1006 648 1097 707 ejus
1118 651 1410 710 subsequetur
1433 654 1546 697 me3.
1572 671 1592 695 »

400 712 543 755 XXII.
579 713 697 766 Quid
714 725 778 760 est
800 731 901 774 ergo
915 751 926 771 ‚
952 719 1070 777 quod
1094 720 1140 764 in
1161 723 1529 781 consequentibus
1545 758 1555 778 ‚
1581 724 1659 768 ubi
1679 739 1730 769 ea

344 796 443 840 quae
475 782 555 841 ipsi
588 786 781 830 sentiunt
814 800 1180 846 commemorant,
1220 791 1376 837 dicunt
1412 809 1456 838 se
1496 794 1726 849 confiteri,

348 870 369 893 α
393 852 572 909 gratiam
594 871 770 916 quoque
790 859 858 918 adj
868 875 997 903 uvare
1018 862 1361 923 uniuscujusque
1383 864 1550 909 bonum
1569 881 1731 924 propo-

344 923 495 978 situm,
515 940 605 969 non
625 935 768 971 tamen
786 928 1015 974 reluctanti
1033 932 1226 977 studium
1245 934 1415 980 virtutis
1429 935 1688 980 immittere?
1705 954 1725 978 »

346 994 438 1036 Hoc
461 996 622 1054 quippe
644 997 703 1041 ita
726 996 900 1055 dicunt,
932 1001 1053 1046 velut
1085 1003 1217 1048 homo
1247 1020 1270 1048 a
1297 1020 1342 1049 se
1366 995 1460 1064 ipso
1490 1006 1581 1050 sine
1604 1006 1730 1066 adju-

344 1063 453 1106 torio
476 1066 552 1108 Dei
574 1067 729 1112 habeat
750 1072 1019 1128 propositum
1043 1074 1206 1118 bonum
1231 1074 1517 1136 studiumque
1536 1077 1725 1133 Virtutis,

345 1147 433 1190 quo
456 1135 609 1179 merito
629 1138 902 1195 praecedente
918 1141 1076 1200 dignus
1093 1144 1146 1187 sit
1167 1145 1363 1204 adjuvari
1384 1148 1459 1190 Dei
1478 1148 1612 1206 gratia
1631 1148 1730 1192 sub-

345 1214 568 1262 sequente.
600 1209 761 1252 Putant
794 1211 906 1252 enim
938 1211 1119 1256 tortasse
1148 1216 1206 1258 ita
1241 1215 1396 1260 dixisse
1431 1217 1690 1275 Apostolum
1716 1237 1726 1263 ι

349 1293 369 1315 «
396 1275 562 1320 Scimus
594 1278 697 1337 quia
729 1278 1012 1338 diligentibus
1050 1287 1186 1328 Deum
1216 1286 1362 1330 omnia
1398 1297 1653 1344 cooperatur
1684 1288 1730 1333 in

350 1366 366 1386 »
393 1346 582 1403 bonum,
615 1349 664 1392 iis
696 1351 770 1410 qui
793 1353 1034 1397 secundum
1057 1357 1326 1414 propositum
1352 1359 1493 1402 vocati
1514 1360 1644 1403 sunt4
1666 1378 1675 1405 :
1704 1377 1725 1401 »

344 1425 392 1460 ut
416 1420 685 1478 propositum
706 1422 892 1466 hominis
922 1423 1053 1469 vellet
1079 1426 1284 1485 intelligi,
1315 1428 1435 1488 quod
1459 1431 1730 1489 propositum

345 1495 553 1548 tanquam
575 1491 741 1536 bonum
764 1495 969 1539 meritum
991 1507 1196 1556 sequatur
1218 1500 1512 1545 misericordia
1535 1501 1729 1546 vocantis

345 1557 422 1601 Dei
455 1578 464 1602 2
488 1560 737 1618 ignorantes
761 1563 858 1608 ideo
882 1564 1048 1609 dictum
1071 1583 1181 1624 esse,
1207 1570 1283 1628 qui
1305 1570 1546 1615 secundum
1569 1587 1732 1631 propo·

345 1629 475 1672 situm
499 1633 642 1675 vocati
675 1643 803 1689 sunt,
830 1644 880 1678 ut
913 1637 1011 1691 Dei,
1036 1653 1125 1682 non
1148 1640 1333 1685 hominis
1360 1644 1630 1702 propositum
1659 1644 1730 1688 in-

346 1698 587 1759 telligatur,
620 1719 708 1762 quo
729 1720 800 1748 eos
829 1721 940 1765 quos
969 1710 1180 1765 praescivit
1202 1721 1244 1755 et
1271 1714 1592 1770 praedestinavit
1619 1730 1728 1759 con-

342 1768 501 1815 formes
515 1772 713 1832 imaginis
727 1774 822 1818 Filii
837 1776 919 1831 sui,
935 1776 1064 1836 elegit
1079 1789 1177 1824 ante
1192 1781 1342 1826 mundi
1351 1784 1723 1830 constitutionem.

344 1845 441 1889 Non
462 1846 577 1889 enim
595 1862 744 1891 omnes
762 1849 902 1892 vocati
918 1851 931 1874 ⁵
950 1885 961 1904 ‚
985 1852 1227 1896 secundum
1244 1855 1511 1914 propositum
1532 1866 1635 1900 sunt
1649 1873 1729 1902 vo-
1757 1902 1761 1905 .

345 1915 428 1958 cati
455 1935 464 1960 2
496 1918 703 1976 quoniam
735 1918 863 1963 multi
892 1923 1055 1977 vocati,
1084 1926 1211 1982 pauci
1243 1925 1383 1970 electi.
1416 1928 1503 1985 Ipsi
1531 1942 1634 1986 ergo
1662 1942 1730 1972 se-

344 1986 538 2031 cundum
556 1991 824 2048 propositum
843 1994 1006 2048 vocati,
1027 1995 1103 2052 qui
1117 1993 1242 2039 electi
1257 2007 1356 2040 ante
1372 1998 1728 2042 constitutionem

344 2056 512 2101 mundi.
539 2062 600 2102 De
630 2060 712 2104 hoc
742 2063 965 2121 proposito
994 2064 1070 2107 Dei
1094 2064 1262 2109 dictum
1287 2075 1351 2110 est
1377 2076 1421 2110 et
1440 2066 1576 2122 illud,
1606 2066 1729 2127 quod

337 2125 427 2184 Jam
456 2131 791 2174 commemoravi
820 2132 874 2175 de
902 2133 1080 2190 geminis
1108 2136 1225 2179 Esaii
1248 2145 1290 2180 et
1319 2138 1456 2181 Jacob
1483 2156 1492 2183 ε
1529 2157 1549 2180 «
1581 2139 1638 2182 Ut
1660 2153 1727 2182 se-

346 2216 366 2239 »
392 2199 586 2243 cundum
616 2201 872 2246 electionem
897 2206 1167 2262 propositum
1196 2208 1273 2250 Dei
1306 2218 1530 2263 maneret,
1561 2225 1651 2253 non
1674 2224 1726 2253 ex

347 2285 368 2309 »
395 2270 621 2327 operibus,
646 2264 721 2316 sed
745 2288 794 2316 ex
816 2284 998 2318 vocante
1017 2274 1181 2320 dictum
1200 2287 1289 2335 est3
1314 2279 1390 2338 qui
1413 2282 1550 2338 major
1570 2274 1727 2325 serviet

348 2357 366 2380 »
394 2341 549 2385 minori
566 2344 596 2386 ⁶.
622 2362 641 2384 »
670 2347 762 2388 Hoc
789 2347 1058 2404 propositum
1082 2348 1160 2392 Dei
1180 2358 1222 2393 et
1251 2350 1326 2394 illo
1358 2361 1725 2396 commemoratur

342 2409 460 2467 loco,
489 2412 635 2459 ubi‘ad
659 2418 933 2462 Timotheum
955 2420 1144 2466 scribens
1167 2422 1225 2466 ait
1245 2440 1254 2467 z
1283 2441 1303 2464 «
1323 2422 1554 2470 Collabora
1575 2427 1724 2469 Evan-

393 2519 401 2535 ¹
416 2515 508 2547 Joan.
529 2526 583 2557 xv,
603 2517 634 2548 5.
648 2534 689 2540 -
705 2525 717 2540 2
736 2518 816 2551 Psal.
832 2530 924 2560 Lviu,
946 2531 997 2554 11.
1011 2537 1053 2545 —
1069 2520 1084 2546 3
1101 2523 1147 2556 Id.
1166 2533 1250 2566 xxn,
1272 2523 1305 2558 6.
1324 2540 1364 2549 -
1376 2523 1394 2555 4
1410 2527 1502 2561 Rom·
1523 2536 1594 2568 vm,
1612 2525 1667 2562 28.
1682 2515 1724 2551 -Ᾰ-

340 2566 356 2591 5
377 2570 490 2605 Matth.
508 2583 562 2615 xx,
588 2573 639 2607 16.
654 2591 696 2600 —
711 2574 727 2599 θ’
751 2577 843 2611 Rom.
864 2588 910 2619 ix,
931 2588 984 2612 11.
