1804 3205
300 211 461 238 comni
498 209 604 237 Dt'As
637 211 765 239 misr.
803 212 1031 239 ramum.
1071 214 1150 239 mn.
1191 215 1219 238 ι.
1375 203 1451 241 411

66 275 300 321 Dominum
329 286 522 319 nostrum
555 295 563 320 ι
594 297 613 317 «
641 278 782 320 Omne
810 278 926 321 enim
956 277 1073 337 quod
1101 294 1187 321 non
1218 288 1277 321 cst
1302 295 1350 322 ox
1378 281 1461 322 fule

66 356 296 407 peccatum
321 355 383 390 cst
411 349 439 389 ¹.
473 367 490 387 υ
520 353 580 391 Ac
607 363 681 406 per
706 348 787 392 hoc
811 348 924 392 bona
947 347 1148 393 voluntas
1169 365 1266 408 qua:
1289 366 1331 392 se
1360 351 1459 393 abs-

63 418 196 462 trahit
213 433 235 462 a
253 427 446 477 peccato,
470 417 607 462 fidelis
627 427 718 476 cst3
748 438 764 458 «
793 420 899 472 Quia
921 421 1062 480 justus
1084 434 1134 462 ex
1157 420 1242 463 fide
1263 421 1366 464 vivit
1381 425 1412 463 ¹².
1437 440 1456 462 n

63 488 130 533 Ad
154 486 286 531 fidem
309 498 456 532 autem
487 489 673 548 pertinet
697 490 874 533 credere
896 490 939 533 in
961 489 1224 535 Christum⁵³.
1254 492 1307 533 Et
1333 506 1461 535 nemo

62 567 204 618 potest
229 558 405 602 credere
436 561 482 603 in
515 575 632 614 cum,
670 561 752 604 hoc
781 570 860 615 est,
894 560 949 606 ad
977 575 1096 615 eum,
1131 561 1210 604 nisi
1246 559 1375 604 suerit
1401 560 1460 605 illi

61 629 229 674 datum.
252 632 388 674 Nemo
405 630 537 690 igitur
555 639 696 690 potest
712 631 876 675 habere
894 632 1165 677 voluntatem
1179 634 1358 692 justam,
1380 633 1459 676 nisi

60 700 192 744 nullis
207 700 554 760 praecedentibus
571 703 732 746 meritis
749 704 965 762 acceperit
981 718 1145 758 veram,
1165 704 1247 747 hoc
1264 712 1342 758 est,
1364 719 1460 761 gra-

61 770 216 815 tuitam
242 771 430 830 desuper
450 773 648 830 gratiam.

119 843 241 885 VIII.
281 844 373 886 IIoc
398 842 467 886 isti
499 842 659 887 nolunt
686 842 789 887 elati
817 852 859 887 et
887 843 1086 903 superbi,
1123 859 1203 887 nce
1233 844 1460 902 purgando

61 909 313 956 defensores
328 949 338 967 ‚
365 913 439 958 sed
464 913 717 958 extollendo
738 915 1076 973 praecipitatores
1097 913 1221 957 liberi
1240 914 1405 957 arbitrii
1425 915 1456 959 ⁴.

61 982 148 1035 Qui
174 998 264 1027 non
293 984 350 1028 ol)
377 983 502 1028 aliud
524 985 647 1028 nobis
667 985 762 1028 haec
785 984 1030 1028 dicentibus
1054 983 1354 1040 indignantur,
1380 983 1459 1027 nisi

60 1054 166 1113 quia
190 1053 363 1112 gloriari
386 1055 434 1098 in
461 1056 648 1099 Domino
672 1055 979 1113 dedignantur.
1016 1054 1177 1098 Timuit
1206 1063 1350 1098 tamen
1379 1058 1458 1098 Pe-

59 1122 196 1182 lagius
218 1125 465 1184 episcopale
486 1124 698 1185 judicium
725 1125 1002 1169 Palaestinum
1029 1144 1037 1168 :
1062 1134 1222 1168 etcum
1248 1126 1285 1168 ei
1311 1125 1460 1170 fuisset

57 1195 299 1254 objectum,
320 1194 444 1255 quod
459 1195 621 1239 diceret
640 1196 819 1254 gratiam
842 1196 914 1239 Dei
932 1194 1172 1239 secundum
1192 1196 1340 1239 merita
1361 1211 1458 1240 nos·

60 1274 123 1310 tra
147 1265 263 1323 dai-ig
294 1266 470 1324 negavit
499 1281 543 1310 se
575 1265 733 1319 dicere,
759 1276 802 1310 et
824 1281 895 1310 eos
915 1266 991 1326 qui
1012 1267 1094 1310 hoc
1116 1265 1327 1320 dicerent,
1355 1282 1458 1310 ana-

58 1337 386 1381 thematizando
409 1335 646 1382 damnavit.
669 1340 757 1383 Nec
775 1336 893 1381 aliud
915 1346 1060 1381 tamen
1083 1336 1318 1380 defendere
1340 1338 1457 1381 inve-

57 1407 176 1453 nitur
198 1408 243 1451 in
265 1406 403 1463 libris,
432 1423 542 1468 quos
564 1407 843 1467 postmodum
868 1408 1037 1468 scripsit
1056 1429 1067 1465 3
1092 1407 1291 1452 fraudem
1314 1423 1358 1451 sc
1382 1424 1456 1467 pu-

56 1487 153 1523 tans
167 1478 735 1539 hominibusjudicantibus
753 1478 903 1523 fecisse
920 1477 1198 1532 mentiendo,
1220 1487 1295 1522 aut
1313 1479 1456 1523 nescio

56 1548 281 1611 quomodo
302 1565 430 1594 suum
455 1565 628 1594 sensum
652 1550 796 1594 verbis
821 1549 1036 1608 ambiguis
1059 1548 1328 1608 obtegendo.

116 1623 194 1664 lx.
223 1621 308 1666 Sed
324 1622 412 1681 jam
436 1620 660 1666 videamus
683 1619 804 1681 quod
826 1621 1043 1681 sequitur:
1070 1639 1090 1662 «
1114 1620 1276 1664 Dicunt
1298 1619 1453 1674 etiam,

58 1691 231 1750 inquit,
263 1691 363 1736 istas
391 1707 491 1751 quae
515 1691 646 1736 modo
671 1700 862 1750 aguntur
884 1691 1058 1749 nuptias
1081 1706 1103 1733 a
1128 1693 1218 1734 Deo
1239 1689 1455 1733 institutas

58 1777 148 1806 non
166 1760 298 1806 fuisse
319 1781 327 1806 :
349 1761 472 1821 quod
489 1762 533 1805 in
549 1761 661 1806 libro
678 1761 911 1820 Augustini
929 1760 1087 1819 legitur
1101 1763 1133 1815 ⁵,
1155 1768 1305 1804 contra
1323 1774 1454 1819 quem

58 1847 137 1891 ego
157 1832 290 1877 modo
311 1842 500 1892 quatuor
517 1831 677 1876 libellis
698 1830 916 1890 respondi.
937 1832 1070 1890 Cujus
1088 1830 1321 1889 Augustini
1341 1829 1454 1874 dicta

56 1903 222 1948 inimici
246 1903 382 1947 nostri
405 1904 450 1946 in
473 1903 664 1947 veritatis
689 1901 840 1947 odium
864 1910 1162 1960 susceperunt.
1188 1901 1262 1944 His
1281 1902 1370 1959 ejus
1389 1916 1456 1944 ca-

56 1974 402 2019 lumniosissimis
426 1973 566 2019 verbis
589 1973 776 2018 breviter
798 1971 925 2017 video
949 1971 1303 2031 respondendum
1326 1972 1455 2031 :quia

56 2047 214 2105 repetit
245 2060 294 2090 ea
321 2055 496 2105 postea,
528 2045 603 2089 ubi
635 2043 732 2089 vult
758 2045 848 2103 ipse
875 2044 1095 2088 insinuare
1112 2078 1122 2097 ,
1153 2044 1275 2103 quasi
1304 2052 1453 2087 contra

56 2126 202 2162 nostra
221 2117 290 2162 isti
308 2117 414 2177 quid
433 2116 594 2161 dicant.
612 2117 676 2160 Ibi
694 2131 794 2161 cum
814 2116 906 2172 illo,
923 2124 1138 2176 quantum
1158 2130 1220 2158 res
1236 2114 1455 2173 postulare

57 2187 292 2242 videbitur,
327 2188 514 2233 Domino
542 2186 778 2248 adjuvante
806 2187 1064 2231 certandum
1088 2196 1167 2230 est.
1199 2188 1324 2231 Nune
1352 2199 1455 2242 ergo

56 2258 326 2319 respondeo,
352 2275 375 2304 a
398 2262 488 2303 Deo
510 2259 686 2318 nuptias
708 2258 941 2312 institutas,
963 2266 1006 2300 et
1025 2266 1146 2311 tunc,
1165 2255 1344 2316 quando
1359 2254 1453 2299 dic-

57 2339 152 2376 tum
174 2339 264 2375 est:
288 2349 309 2373 «
329 2333 562 2390 Propterea
580 2329 797 2389 relinquet
814 2330 948 2373 homo
967 2337 1132 2387 patrem
1151 2342 1279 2371 suum
1298 2336 1341 2371 et
1362 2342 1454 2370 ma-

105 2455 115 2472 ¹
136 2451 228 2482 Rom.
261 2460 338 2488 xiv,
361 2449 404 2482 23
434 2466 474 2472 —
491 2456 503 2471 2
537 2449 573 2482 Id
602 2460 636 2490 v,
659 2457 710 2487 12,
739 2453 770 2480 et
792 2448 911 2479 IIabac.
935 2459 968 2487 n,
991 2447 1045 2478 ‘25-
1063 2445 1132 2469 —3
1162 2449 1252 2478 Rom.
1287 2457 1310 2486 1,
1345 2456 1394 2485 17.
1414 2461 1454 2466 —

59 2504 76 2535 4
96 2505 175 2538 Vide
199 2505 254 2537 lib.
273 2507 314 2539 de
340 2506 441 2541 Gestis
460 2506 588 2548 Pelagii,
606 2516 679 2547 cap.
711 2506 760 2545 14.
776 2522 816 2527 -—
832 2503 846 2527 5
865 2504 1019 2546 Loquitur
1038 2504 1078 2535 de
1103 2503 1159 2535 lib.
1188 2515 1197 2534 1
1222 2503 1262 2535 de
1283 2501 1403 2543 Nuptiis
1422 2505 1453 2532 et

57 2562 247 2604 Concupisc.
