1784 3205
317 245 397 281 110
744 251 777 278 s.
812 251 1042 278 Aueus'nm
1075 250 1255 277 EPISCOH

374 335 406 363 (ι
434 335 485 363 se
510 316 898 363 commendatmn
926 314 1150 374 jactabat
1162 335 1182 368 5
1215 322 1261 358 ec
1288 311 1390 357 lzcec·
1418 310 1477 355 (le
1504 311 1606 372 lege
1634 324 1696 355 ae

371 388 608 442 doctrina,
639 402 721 431 seu
753 385 811 430 (le
841 384 1005 429 divina
1035 382 1323 430 revelatione
1348 397 1408 426 ao
1429 380 1487 425 de
1517 378 1699 424 Christi

373 458 607 518 exemplo,
633 473 738 516 (sate
759 455 829 501 (cd
844 455 1114 500 doctrinam
1136 470 1270 513 seque
1295 460 1591 506 revocantur,
1613 458 1698 494 ctat

375 529 433 573 (le
456 537 768 589 peecatorum
799 526 1074 570 remissione
1110 524 1419 583 interpretari
1444 537 1584 582 posse
1618 518 1700 564 cle-

381 608 647 653 nzonstrat‚·
662 614 749 642 nee
771 614 1009 657 apparere
1031 597 1238 650 omnino,
1267 612 1332 639 an
1360 611 1469 638 vere
1485 593 1703 638 christia-

381 686 496 714 nam
517 671 748 731 gratiam,
772 667 826 712 id
845 677 929 723 est,
949 666 1210 728 adjutor-ium
1228 666 1338 709 bene
1353 665 1507 722 agendi
1525 664 1703 723 adjunc-

384 749 474 782 tum
498 749 666 783 naturae
687 748 818 798 atque
839 738 1051 782 doetrinae
1073 752 1149 795 per
1165 736 1489 794 inspirationem
1514 735 1703 790 flagran-

384 809 555 853 tissimae
584 818 626 852 et
651 809 1016 852 luminosisssimae
1045 807 1265 850 eharitatis
1295 815 1531 867 agnoscat
1555 803 1706 849 Pela-

381 880 488 941 gius
508 897 518 923 :
545 881 627 937 (μα’
642 888 884 938 postremo
905 876 1232 932 Ambrosium,
1254 885 1502 936 tantopere
1523 874 1586 919 ab
1605 876 1707 934 ipso

387 949 654 1006 Iamlamm,
674 948 916 1009 praeclara
936 947 1160 1007 qucedam
1177 948 1225 991 in
1248 945 1710 992 commendationem

387 1021 557 1069 divense
572 1023 747 1084 glatire
769 1020 1005 1067 dicentem
1027 1018 1449 1082 ccudz'rejubetur¹.

904 1197 1099 1216 ⁴05—-

356 1382 363 1385 .
395 1341 426 1380 Ι.
462 1339 712 1390 ΩυΑΝπΜῖ
739 1336 793 1380 de
816 1346 955 1381 vestra
989 1337 1203 1396 corporali
1227 1345 1270 1380 et
1292 1335 1474 1379 maxime
1502 1331 1716 1393 spirituali

332 1407 469 1451 salute
492 1408 772 1465 gaudeamus,
799 1408 1072 1452 sincerissimi
1101 1406 1269 1461 fratres,
1300 1405 1446 1450 dilecti
1476 1421 1499 1449 a
1526 1408 1616 1449 Deo
1639 1402 1717 1448 Al-

332 1478 433 1522 bina
455 1481 535 1536 (8),
560 1479 756 1533 Piniane,
783 1488 825 1522 et
846 1479 1049 1533 Melania,
1075 1479 1176 1538 quia
1200 1478 1320 1522 effari
1343 1493 1431 1522 non
1462 1491 1714 1535 possumus,

333 1549 456 1593 vobis
477 1548 755 1606 cogitandum
784 1549 1140 1608 credendumque
1170 1548 1496 1602 committimus,
1522 1556 1572 1591 ut
1593 1562 1641 1590 ea
1663 1546 1718 1589 de

334 1619 491 1678 quibus
534 1635 610 1663 nos
647 1619 938 1674 consuluistis,
976 1620 1119 1678 potius
1154 1620 1245 1679 jam
1284 1619 1530 1678 loquamur.
1575 1616 1717 1660 Festi-

334 1700 465 1734 nante
483 1691 642 1734 etenim
665 1691 879 1750 perlatore
901 1691 1014 1734 inter
1035 1691 1349 1749 occupationes·
1370 1698 1550 1743 nostras,
1578 1687 1718 1732 multo

335 1761 450 1819 apud
485 1762 789 1819 Carthaginem
831 1776 962 1820 quam
1003 1761 1271 1820 ubicumque
1326 1759 1429 1803 alibi
1469 1758 1687 1803 densiores
1703 1792 1715 1813 ,
1781 1790 1783 1813 3

333 1842 546 1891 quantum
589 1836 702 1877 Deus
745 1833 908 1877 donare
955 1831 1157 1890 dignatus
1187 1841 1251 1876 est
1293 1840 1342 1875 ut
1382 1831 1604 1891 potuimus
1637 1830 1727 1875 ista=

335 1903 608 1948 dietavimus.
1782 1904 1784 1908 '

396 1977 455 2016 II.
482 1973 713 2032 Scripsistis
728 1973 849 2027 mihi,
867 1988 968 2016 eum
987 1972 1160 2031 Pelagio
1173 1987 1248 2017 vos
1266 1972 1415 2031 egisse,
1435 1981 1484 2016 ut
1498 1986 1722 2031 quaeeum-
1782 2018 1784 2021 .

335 2058 420 2103 que
438 2042 641 2088 adversus
664 2058 765 2087 eum
781 2042 1046 2098 dicerentur,
1067 2043 1226 2102 scripto
1243 2041 1469 2086 damnaret
1496 2061 1504 2086 ;
1530 2057 1721 2102 eumque

338 2113 490 2157 dixisse
516 2113 792 2158 audientibus
814 2114 935 2158 vobis
962 2132 971 2158 ε
1000 2132 1019 2153 «
1046 2114 1291 2157 Anathemo
1320 2113 1395 2172 qui
1415 2112 1486 2157 vel
1508 2112 1638 2157 sentit
1653 2111 1723 2157 vel
1782 2112 1784 2148 f

338 2184 487 2239 dieitss,
515 2185 693 2244 gratiam
727 2185 803 2228 Dei
824 2201 910 2245 qua
939 2185 1135 2230 Christus
1158 2185 1276 2228 venit
1300 2185 1345 2228 in
1365 2185 1485 2228 hune
1505 2183 1723 2228 mundum
1781 2189 1784 2211 ἒ

340 2265 584 2313 peccatores
605 2255 744 2300 salvos
770 2256 935 2311 faeere,
965 2271 1053 2301 non
1084 2256 1222 2300 solum
1254 2271 1329 2315 per
1354 2254 1545 2315 singulas
1573 2255 1721 2309 horaS,
1782 2265 1784 2272 ·

342 2335 416 2369 aut
437 2342 513 2385 per
534 2327 703 2386 singula
730 2336 976 2383 momenta,
1009 2328 1083 2372 sed
1112 2328 1242 2371 etiam
1277 2343 1353 2386 per
1381 2326 1573 2386 singulos
1605 2334 1725 2370 actus
1782 2352 1784 2389 3

340 2405 506 2442 nostros
519 2413 606 2442 non
620 2413 709 2442 esse
726 2398 1007 2443 neeessariam
1025 2408 1068 2443 et
1084 2398 1160 2458 qui
1173 2399 1286 2442 hane
1299 2407 1513 2442 conantur
1529 2396 1717 2452 auferre,
1782 2415 1784 2418 ⁴

389 2530 397 2547 ¹
423 2525 502 2557 Vide
530 2528 673 2558 Retract.
702 2525 759 2557 lib.
781 2536 821 2565 n,
840 2536 913 2568 cap.
940 2524 994 2558 50.
1011 2541 1052 2547 ——
1068 2532 1080 2548 ²
1100 2524 1179 2558 Vide
1195 2528 1233 2557 D.
1251 2523 1389 2562 Guillon,
1411 2527 1491 2558 tom.
1525 2533 1614 2565 xxu,
1643 2532 1718 2565 pag.

349 2579 505 2620 137-140.
530 2579 597 2603 —3
622 2592 633 2612 1
653 2580 733 2612 Tim.
757 2592 778 2620 ι,
799 2580 848 2612 15.
