1804 3205
443 246 520 272 Lis.
559 248 586 272 1.
627 249 677 274 uu
709 251 864 279 canu
895 254 1075 283 cnius‘n.
1374 253 1452 292 147

70 301 324 359 suspendat,
356 307 484 368 eique
523 310 788 360 adhaercndo
829 317 992 377 jugiter
1032 335 1145 366 unus
1161 357 1171 377 ,
1211 327 1452 374 secundum

69 371 323 429 Apostolum
340 413 350 432 ‚
379 394 477 424 cum
501 396 552 427 eo
575 384 648 429 liat
667 387 857 445 spiritus,
884 392 996 435 Deus
1019 407 1149 452 quem
1172 395 1268 441 vult
1284 397 1434 458 religio

66 455 161 487 sum
193 445 323 494 facit:
350 459 392 495 et
410 452 492 498 hoc
522 462 660 501 totum
691 459 823 505 horno
851 462 931 507 nisi
955 463 1178 525 religiosus
1209 483 1296 514 non
1329 471 1447 517 lacit.

64 515 339 578 Quapropter
358 523 435 568 nisi
454 541 476 569 a
492 529 580 572 Deo
601 529 691 585 siat,
712 540 760 575 ut
776 532 858 578 hoc
878 533 1021 591 saciat,
1042 539 1138 598 quis
1159 540 1242 585 hoc
1267 540 1393 587 facit?

125 590 218 632 LII.
244 592 325 636 Sed
344 595 443 654 quia
463 597 539 641 ista
564 602 746 659 quaestio
767 604 843 647 ubi
867 604 921 649 de
946 607 1125 654 arbitrio
1148 610 1386 659 voluntatis
1408 624 1452 659 et

64 659 138 701 Dei
160 662 293 717 gratia
316 662 584 724 disputatur,
618 671 675 716 ita
705 683 767 718 est
799 675 851 719 ad
876 675 1208 726 discernendum
1233 683 1445 741 difficilis,

62 737 110 773 ut
127 734 307 789 quando
330 734 582 784 defenditur
599 741 783 788 liberum
805 746 1029 794 arbitrium
1044 786 1054 806 ,
1075 753 1221 811 negari
1251 756 1327 799 Dei
1351 771 1450 814 gra·

63 799 118 843 tia
138 800 360 863 videatur3
381 809 559 868 quando
582 821 727 858 autem
758 818 959 862 asseritur
981 821 1057 864 Dei
1082 824 1238 881 gratia,
1260 824 1447 871 liberum

59 869 286 918 arbitrium
312 886 488 935 putetur
511 881 670 927 aufferri
702 904 710 929 :
735 896 875 945 potest
898 889 1099 950 Pelagius
1123 894 1183 938 ita
1205 909 1250 938 se
1270 894 1447 941 latebris

57 941 331 990 obscuritatis
351 948 479 1009 hujus
498 952 732 1010 involvere,
751 965 799 1000 ut
819 959 946 1002 etiam
963 960 1012 1004 iis
1025 976 1125 1020 quae
1140 978 1162 1006 a
1179 974 1329 1010 sancto
1341 968 1448 1010 Am-

58 1012 201 1059 brosio
225 1020 462 1079 conscripta
488 1025 736 1081 posuimus,
762 1030 1007 1074 consentire
1023 1046 1067 1075 sc
1085 1032 1251 1094 dicat¹3
1276 1045 1319 1081 et
1335 1052 1383 1082 ea
1403 1053 1446 1081 se

54 1098 231 1146 quoque
252 1090 410 1134 sentire
432 1094 695 1153 proclamet,
717 1113 974 1161 semperque
997 1104 1202 1164 sensisse3
1234 1115 1365 1168 atque
1389 1109 1445 1154 ita

54 1153 222 1214 singula
244 1169 427 1205 conetur
446 1178 679 1224 exponere,
705 1177 754 1213 ut
776 1171 905 1214 etiam
923 1173 1014 1232 ejus
1037 1177 1265 1221 sententiae
1280 1193 1444 1223 conve-

54 1225 147 1270 nire
168 1228 416 1277 credantur.
440 1238 711 1297 Quapropter
733 1250 945 1300 quantum
976 1246 1131 1290 attinet
1159 1248 1213 1292 ad
1234 1249 1360 1293 istam
1388 1251 1444 1294 de

53 1296 198 1342 divina
223 1302 357 1358 gratia
381 1312 423 1347 ct
446 1305 661 1365 adjutorio
674 1312 976 1369 quaestionem,
1003 1315 1083 1360 tria
1099 1316 1169 1361 illa
1195 1335 1294 1378 quae
1313 1336 1440 1380 aper-

55 1367 212 1413 tissime
234 1370 428 1418 distinxit
451 1379 677 1434 atteudite,
705 1395 849 1439 posse,
864 1384 988 1440 velle,
1010 1401 1115 1442 esse,
1134 1388 1178 1432 id
1198 1399 1277 1444 est,
1304 1393 1441 1450 possi·

51 1435 264 1484 bilitatcm
282 1477 292 1496 ,
318 1443 586 1491 voluntatem
605 1483 614 1501 ‚
637 1451 868 1496 actionem.
897 1455 939 1498 Si
955 1470 1056 1514 ergo
1079 1461 1346 1504 consenserit
1364 1477 1441 1505 ηοω

50 1507 137 1563 bis,
176 1526 265 1555 non
295 1514 428 1558 solam
463 1519 791 1576 possibilitatem
820 1524 864 1566 in
898 1525 1098 1583 homine,
1136 1530 1266 1574 etiam
1297 1532 1330 1575 si
1361 1547 1440 1577 nec

50 1577 177 1635 velit,
213 1596 293 1627 nec
323 1593 421 1644 agat
449 1586 588 1643 benc,
625 1590 699 1634 sed
723 1591 856 1651 ipsam
886 1610 1063 1656 quoque
1091 1599 1358 1646 voluntatem
1395 1612 1438 1647 et

50 1648 287 1707 actionem,
313 1654 354 1698 id
379 1665 457 1711 est,
481 1666 529 1701 ut
550 1658 661 1703 liene
684 1661 868 1707 velimus
891 1674 934 1709 et
956 1665 1069 1711 bene
1097 1684 1273 1727 agamus
1295 1706 1304 1726 ,
1339 1688 1438 1733 quae

48 1734 136 1764 non
159 1733 260 1767 sunt
282 1725 325 1768 in
345 1726 522 1772 homine
538 1765 548 1783 ,
576 1731 655 1774 nisi
678 1733 856 1791 quando
878 1735 989 1780 bene
1005 1738 1098 1783 vult
1121 1750 1163 1785 et
1185 1741 1297 1787 bene
1317 1744 1403 1802 agit
1425 1763 1433 1788 :

46 1790 104 1845 si,
126 1801 174 1836 ut
196 1794 284 1838 dixi
300 1832 309 1850 ,
335 1801 616 1857 consenserit,
639 1803 767 1847 otiam
786 1805 923 1864 ipsam
946 1809 1218 1856 voluntatem
1239 1822 1283 1857 et
1305 1814 1436 1859 actio—

45 1876 144 1905 nem
159 1863 365 1911 divinitus
384 1869 601 1930 adjuvari,
628 1882 670 1916 et
692 1875 749 1918 sic
774 1876 990 1936 adjuvari,
1017 1889 1066 1923 ut
1087 1881 1178 1925 sine
1205 1881 1281 1926 illo
1307 1884 1434 1944 adju-

44 1934 155 1978 torio
178 1936 285 1980 nihil
311 1938 420 1983 bene
437 1940 620 1987 velimus
639 1953 681 1988 et
705 1961 906 2005 agamuS,
935 1964 1118 2010 eamque
1137 1967 1227 1997 esse
1251 1955 1429 2012 gratiam

43 2004 120 2047 Dei
141 2020 218 2064 per
241 2010 389 2053 Jesum
407 2012 626 2057 Christum
648 2017 882 2062 Dominum
904 2030 1101 2065 nostrum
1118 2024 1150 2076 ²,
1175 2023 1220 2067 in
1242 2040 1330 2084 qua
1352 2041 1430 2071 nos

41 2089 116 2118 sua
141 2092 228 2122 non
261 2089 405 2125 nostra
431 2084 599 2142 justitia
623 2087 760 2146 justos
784 2089 912 2145 tacit,
940 2101 989 2135 ut
1013 2108 1061 2136 ea
1084 2094 1136 2138 sit
1159 2109 1258 2139 vera
1281 2105 1428 2141 nostra

33 2145 198 2204 justitia
215 2183 226 2203 ,
251 2165 350 2209 quae
374 2153 498 2198 nobis
529 2156 582 2199 ab
611 2155 687 2201 illo
704 2167 790 2217 est,
820 2161 929 2205 nihil
953 2161 1008 2206 de
1034 2163 1250 2225 adjutorio
1279 2169 1427 2225 gratiae

39 2215 137 2271 Dei,
163 2227 378 2278 quantum
408 2222 615 2281 arbitror,
636 2227 751 2271 inter
774 2245 853 2275 nos
877 2234 1180 2279 controversiae
1205 2235 1425 2296 relinque·

39 2293 125 2329 tur.

96 2359 214 2401 LIII.
244 2358 358 2404 Illud
383 2370 527 2407 autem
555 2375 732 2425 propter
760 2370 879 2428 quod
910 2371 970 2416 sic
997 2372 1193 2418 laudavit
1225 2385 1420 2422 sanctum

38 2426 331 2485 Ambrosium,
356 2431 456 2491 quia
476 2432 640 2478 scilicet
666 2435 709 2479 in
727 2437 893 2497 scriptis
915 2441 1005 2500 ejus
1023 2442 1191 2489 invenit
1208 2459 1258 2489 ex
1274 2445 1394 2491 laudi
1408 2474 1420 2481 ·

87 2521 94 2537 ¹
119 2516 196 2549 Vide
209 2517 265 2550 lib.
285 2530 316 2551 iv
333 2526 443 2554 contra
458 2523 572 2555 Julian.
596 2536 665 2567 cap.
687 2528 717 2558 8.
735 2543 772 2549 ·—
789 2534 801 2550 ²
822 2529 912 2560 Rom.
932 2541 990 2571 vu,
1011 2532 1064 2565 25,

1169 2590 1224 2626 10.
