1804 3205
531 225 582 250 υν,
613 226 753 252 (ιιι-ενι»-
788 224 972 251 PELAcu.
1386 216 1434 250 (57

58 289 129 333 illa
151 291 464 333 examinatione
488 299 687 347 purgato,
713 298 754 332 et
777 298 892 333 certe
915 288 1211 347 apudjudices
1231 289 1442 332 duntaxat

58 359 252 403 homines
273 359 473 404 absoluto
490 394 500 413 ,
524 360 634 403 hunc
661 360 776 403 [alim
802 360 1020 412 haeresim,
1046 375 1176 418 quam
1199 368 1240 402 ct
1266 359 1442 402 uim-ius

55 429 175 487 gredi
201 439 244 474 et
267 431 386 490 pejus
409 431 617 490 proficere
638 431 841 485 nolimus,
871 431 962 475 sine
989 429 1128 474 dubio
1150 445 1240 474 esse
1261 429 1443 474 damna-

56 509 162 545 tam.

116 573 278 616 XXIII.
316 572 444 616 Enim
465 581 709 632 sequuntur
730 573 902 632 objecta
927 571 1120 630 Pelagio,
1145 587 1243 630 quae
1264 571 1308 614 in
1337 570 1445 615 doc-

59 641 170 686 trina
203 641 399 687 Coelestii
421 641 623 701 discipuli
646 644 737 703 ejus
765 642 1016 687 referuntur
1038 642 1229 686 inventa.
1260 659 1281 684 α
1305 641 1447 685 Adam

58 712 283 758 mortalem
316 712 504 768 factum,
529 714 609 773 qui
637 714 726 759 Sive
755 722 975 773 peccaret,
999 714 1085 758 sive
1111 728 1202 758 non
1222 720 1444 772 peccaret,

59 784 294 828 moriturus
310 793 433 828 esset.
451 785 666 838 Quoniam
683 794 912 845 peccatum
930 786 1038 829 Adae
1053 785 1193 844 ipsum
1210 782 1352 828 solum
1369 782 1447 826 lae-

56 855 174 908 serit,
196 865 239 899 et
261 871 349 900 non
368 870 503 914 genus
522 856 779 901 humanum.
807 856 1019 910 Quoniam
1046 860 1134 901 Lex
1155 856 1214 900 sic
1235 855 1370 898 mittit
1392 853 1447 898 ad

56 939 256 983 regnum,
281 926 651 984 quemadmodum
674 927 977 985 Evangelium.
1004 927 1221 979 Quoniam
1243 934 1343 969 ante
1366 923 1448 967 ad-

56 1005 234 1040 ventum
259 997 420 1041 Christi
451 995 631 1042 fuerunt
666 985 861 1042 homines
893 998 986 1041 sine
1011 1006 1202 1056 peccato.
1229 995 1449 1049 Quoniam

57 1066 243 1111 infantes
259 1082 399 1128 nuper
414 1069 502 1112 nati
518 1069 563 1112 in
577 1068 652 1113 illo
667 1078 783 1113 statu
796 1077 915 1121 sunt,
932 1069 977 1112 in
990 1083 1079 1128 quo
1092 1067 1231 1112 Adam
1248 1066 1334 1111 fuit
1348 1075 1448 1110 ante

56 1138 471 1196 praevaricationem.
491 1139 708 1192 Quoniam
726 1154 868 1199 neque
888 1155 965 1199 per
987 1149 1172 1183 mortem
1190 1137 1260 1182 vel
1280 1152 1448 1196 praeva-

57 1208 311 1254 ricationem
334 1209 442 1254 Adae
464 1225 594 1254 omne
629 1226 764 1269 genus
792 1211 1022 1255 hominum
1047 1210 1274 1264 moriatur,
1306 1221 1452 1266 neque

58 1294 134 1338 per
156 1281 512 1325 resurrectionem
541 1281 702 1326 Christi
732 1297 862 1326 omne
885 1296 1022 1339 genus
1052 1281 1281 1324 hominum
1307 1293 1448 1322 resur-

59 1360 146 1408 gat.
178 1368 197 1390 »
224 1352 329 1394 Haec
350 1351 409 1395 ita
432 1351 601 1409 objecta
624 1360 742 1405 sunt,
770 1361 819 1394 ut
849 1350 979 1394 etiam
1002 1350 1120 1408 apud
1142 1348 1450 1405 Carthaginem

59 1435 81 1464 a
100 1421 327 1464 sanctitate
356 1430 428 1465 tua
449 1430 492 1465 et
515 1422 570 1464 ab
593 1421 684 1465 aliis
707 1430 850 1465 tecum
873 1421 1084 1480 episcopis
1106 1419 1355 1464 dicerentur
1370 1433 1452 1461 au-

59 1490 167 1535 dita¹
189 1501 321 1550 atque
338 1491 557 1536 damnata.
582 1492 665 1536 Ubi
682 1492 877 1551 quidem,
897 1501 947 1536 ut
968 1491 1136 1545 recolis,
1158 1491 1249 1550 ipse
1263 1505 1353 1534 non
1367 1488 1447 1542 lui,

59 1562 135 1605 sed
160 1571 305 1621 postea
335 1577 436 1606 cum
464 1562 674 1606 venissem
708 1563 1041 1622 Carthaginem,
1066 1561 1219 1606 eadem
1243 1569 1361 1620 gesta
1382 1574 1449 1602 re-

60 1631 226 1685 censui,
259 1647 310 1675 ex
338 1632 501 1692 quihus
528 1631 672 1692 aliqua
702 1633 878 1676 memini
903 1651 912 1676 :
939 1632 1015 1677 sed
1041 1632 1185 1676 nescio
1216 1639 1365 1675 utrum
1392 1628 1452 1672 eis

62 1701 155 1746 haec
177 1702 321 1746 omnia
345 1711 587 1746 teneantur.
614 1702 731 1755 Quid
753 1712 899 1747 autem
913 1703 1109 1757 interest,
1132 1711 1282 1746 utrum
1305 1700 1452 1759 aliqua

61 1772 169 1816 inibi
189 1788 280 1817 non
300 1772 385 1818 sint
413 1771 525 1817 forte
545 1782 898 1828 commemorata,
925 1782 969 1817 et
992 1772 1091 1818 ideo
1117 1789 1198 1817 nec
1220 1771 1449 1824 damnata,

62 1857 163 1886 cum
183 1852 351 1888 constet
368 1859 458 1888 esse
479 1843 754 1887 damnanda?
773 1843 937 1887 Deinde
959 1844 1128 1903 objecta
1150 1846 1282 1887 sunt²
1304 1852 1348 1886 et
1369 1842 1450 1886 alia

63 1913 267 1973 quaedam
286 1914 493 1972 capitula,
511 1913 923 1957 commemoratione
942 1914 1025 1957 mei
1048 1914 1234 1958 nominis
1256 1912 1451 1971 interpo-

63 1983 158 2037 sita,
184 1999 283 2042 quae
311 1983 418 2027 mihi
448 1981 502 2026 de
526 1981 666 2027 Sicilia
692 1983 817 2026 missa
845 1981 1036 2037 fuerant,
1069 1998 1170 2026 cum
1205 1982 1267 2026 ibi
1298 1981 1451 2025 fratres

64 2053 264 2098 catholici
281 2053 531 2113 hujusmodi
548 2053 862 2112 quaestionibus
877 2054 1175 2109 turbarentur,
1197 2053 1359 2113 quibus
1375 2067 1452 2112 per

63 2124 225 2168 librum
244 2124 298 2168 ad
318 2124 529 2168 Hilarium
551 2125 760 2183 scriptum
774 2127 808 2178 3,
829 2125 971 2183 quiea
990 2125 1097 2168 mihi
1115 2125 1160 2168 in
1177 2123 1359 2183 epistola
1375 2138 1453 2167 sua

64 2197 294 2241 consulens
318 2195 508 2249 miserat,
529 2196 629 2239 satis
646 2195 927 2249 sufficienter,
949 2205 999 2239 ut
1021 2195 1127 2239 mihi
1150 2195 1339 2249 videtur,
1360 2209 1451 2238 res-

65 2266 216 2326 pondi.
242 2269 307 2311 Ita
323 2276 423 2311 sunt
441 2275 585 2310 autem
618 2285 627 2311 ε
658 2285 678 2307 «
699 2270 826 2310 Posse
847 2267 1067 2310 hominem
1086 2267 1178 2310 sine
1199 2274 1393 2325 peccato,
1418 2265 1452 2309 si

66 2335 185 2391 velit,
210 2351 313 2381 esse.
341 2336 550 2390 Infantes,
581 2337 659 2380 etsi
688 2351 777 2380 non
798 2337 1094 2395 baptizentur,
1133 2335 1294 2379 habere
1318 2336 1453 2380 vitam

66 2417 289 2453 aeternam--
313 2407 474 2452 Divites
495 2407 755 2467 baptizatOS,
782 2407 862 2451 nisi
885 2407 1089 2451 omnibus
1110 2406 1449 2459 abrenuntient,

115 2516 126 2531 ¹
152 2508 270 2542 Confer
285 2508 342 2541 lib.
362 2510 403 2542 de
428 2511 566 2542 Peccato
581 2508 739 2551 originali,
754 2519 827 2551 cap.
853 2521 863 2540 ι
878 2521 903 2540 ι.
918 2527 958 2532 -
972 2515 985 2532 ²
1003 2509 1083 2541 Ibid.
1101 2526 1141 2532 —
1156 2507 1169 2531 3
1188 2509 1278 2550 Epist
1298 2508 1393 2547 crvii,
1413 2507 1452 2539 ad

70 2564 223 2598 Hilarium
237 2565 370 2607 scripta.

1230 2628 1267 2654 ἱ).
