1804 3205
267 231 429 259 comma
464 234 567 260 nius
603 232 731 260 arist.
770 230 995 260 ramnum.
1036 233 1116 259 ιω.
1158 235 1202 259 ιι.
1349 222 1425 261 461

46 305 131 342 tate
165 298 384 342 hominem
416 300 563 344 dicant
596 316 641 345 os
667 301 858 359 aperire,
895 300 1005 344 labia
1045 301 1229 344 hominis
1264 304 1397 344 Deum
1416 304 1433 344 Ξ)

43 369 303 428 Quanquam
341 372 453 414 Deus
482 369 575 415 illos
611 380 653 415 et
685 372 739 414 ab
774 372 851 415 hac
881 369 1145 415 absurditate
1173 371 1429 429 compescit,

43 439 118 482 ubi
137 438 191 482 ad
215 442 395 496 Moysen
418 441 632 486 famulum
661 457 787 486 suum
819 442 923 487 dicit
956 462 964 487 :
1005 461 1025 484 «
1053 445 1145 500 Ego
1168 442 1355 502 aperiam
1388 457 1433 486 os

44 527 64 550 »
91 518 240 565 tuum,
278 520 320 555 et
349 512 560 557 instruam
591 522 632 557 te
660 530 760 572 quse
798 512 956 558 debeas
993 513 1157 573 loqui¹.
1194 531 1213 554 »
1250 516 1297 557 ln
1333 528 1432 557 sen-

44 581 174 625 tentia
208 597 311 641 crgo
344 582 416 626 illa
451 584 524 627 ubi
563 584 723 628 dicitur
755 602 762 628 :
805 603 821 626 ε(
855 583 984 643 Aperi
1007 599 1078 638 os,
1104 591 1146 627 et
1180 582 1430 642 adimplebo

44 669 64 691 »
92 651 229 703 illud;
253 671 273 694 »
299 655 420 713 quasi
450 670 588 698 unum
619 671 771 700 eorum
795 655 968 700 videtur
998 654 1053 700 ad
1080 655 1299 699 hominem
1328 670 1428 714 per-

42 721 205 778 tinere,
244 723 429 768 alterum
458 725 512 769 ad
549 729 686 770 Deum
724 746 732 771 ;
773 729 820 769 ln
852 726 930 771 hac
959 734 1104 770 autem
1134 725 1211 768 ubi
1238 725 1425 769 dicitur:

44 810 64 835 «
90 796 183 852 Ego
205 796 392 854 aperiam
417 811 462 841 os
486 805 610 841 tuum
626 833 636 851 ‚
660 807 703 842 et
729 799 938 842 instruam
962 807 1028 855 te3
1062 816 1081 838 n
1116 805 1353 856 utrumque
1376 796 1430 839 ad

42 866 192 908 Deum.
221 867 364 918 Quare
387 867 498 922 hoc,
534 869 612 912 nisi
642 869 743 928 quia
773 868 816 912 in
845 883 932 912 uno
962 868 1140 913 istorum
1172 876 1432 926 cooperatur

42 934 207 980 homini
229 936 403 982 facienti
422 974 432 993 ,
458 938 643 983 alterum
661 938 775 983 solus
798 941 930 984 facit?

100 1008 220 1050 XXI.
258 1011 533 1068 Quapropter
566 1009 702 1054 multa
733 1013 846 1054 Deus
880 1009 983 1054 facit
1014 1010 1059 1052 in
1083 1009 1257 1053 homine
1289 1009 1426 1062 bona,

38 1092 138 1136 quae
192 1093 281 1122 non
327 1078 432 1123 facit
467 1080 597 1124 homo
636 1099 643 1124 :
681 1079 800 1123 nulla
845 1094 946 1123 vero
985 1078 1086 1123 facit
1132 1079 1286 1133 homo,
1330 1094 1430 1137 qur:

38 1163 127 1193 non
163 1147 267 1193 facit
302 1153 413 1194 Deus
448 1159 495 1194 ut
521 1151 647 1195 faciat
680 1152 827 1196 homo.
864 1150 1051 1195 Proinde
1080 1148 1294 1209 cupiditas
1325 1149 1429 1194 boni

37 1233 127 1263 non
163 1219 330 1264 homini
364 1236 386 1264 a
418 1221 604 1266 Domino
642 1231 780 1266 essct
821 1221 854 1265 si
883 1221 1048 1266 bonum
1083 1236 1172 1265 non
1207 1230 1315 1265 esset
1352 1239 1360 1263 2
1395 1219 1429 1264 si

38 1298 184 1334 autem
209 1290 374 1335 bonum
397 1300 483 1346 est,
505 1307 594 1336 non
617 1292 697 1336 nisi
723 1292 778 1335 ab
802 1290 877 1336 illo
903 1291 1026 1336 nobis
1051 1300 1136 1346 est,
1162 1290 1238 1350 qui
1260 1305 1428 1334 summe

39 1369 170 1420 atque
206 1362 618 1407 incommutabiliter
659 1363 797 1407 bonus
832 1372 908 1406 est.
947 1361 1061 1416 Quid
1094 1370 1157 1405 cst
1185 1361 1299 1405 enim
1324 1361 1428 1405 boni

40 1432 254 1490 cupiditas
275 1468 285 1488 ‚
311 1433 390 1477 nisi
414 1434 630 1489 charitas,
657 1434 712 1477 de
748 1449 834 1493 qua
870 1436 1057 1477 Joannes
1090 1431 1309 1491 apostolus
1337 1431 1428 1475 sine

39 1502 324 1562 ambiguitate
346 1503 567 1563 loquitur,
594 1505 740 1548 dicens
770 1523 778 1548 ι
810 1523 826 1544 «
852 1504 1048 1549 Charitas
1071 1518 1120 1546 ex
1145 1505 1234 1546 Deo
1257 1502 1379 1545 est2?
1405 1519 1425 1541 n

38 1575 127 1619 Nec
156 1573 329 1620 initium
356 1577 446 1636 ejus
467 1592 518 1620 ex
539 1576 688 1630 nobis,
716 1584 759 1619 et
780 1575 990 1634 perfectio
1012 1575 1102 1634 ejus
1125 1588 1177 1617 ex
1207 1576 1325 1623 Deo3
1354 1571 1429 1615 sed

39 1645 73 1689 si
95 1646 282 1690 charitas
315 1661 364 1690 ex
388 1650 501 1702 Deo,
537 1655 628 1691 tota
651 1646 774 1690 nobis
804 1661 853 1689 ex
882 1648 971 1689 Deo
994 1653 1070 1688 est.
1103 1647 1281 1687 Avertat
1314 1642 1427 1686 enim

39 1719 153 1761 Deus
180 1717 293 1762 hanc
316 1719 545 1762 amentiam
560 1752 571 1771 ‚
596 1725 645 1761 ut
669 1717 714 1760 in
736 1716 861 1760 donis
883 1715 973 1774 ejus
1003 1729 1081 1758 nos
1101 1713 1264 1772 priores
1293 1711 1427 1756 facia·-

39 1803 157 1843 mus7
198 1789 478 1847 posteriorem
507 1789 651 1848 ipsum
683 1807 691 1832 :
733 1787 989 1841 «Quoniam
1019 1782 1309 1829 misericordia
1337 1784 1429 1843 ejus

41 1877 63 1900 ³>
89 1861 324 1919 praeveniet
354 1861 453 1904 me3
471 1895 481 1915 ,
509 1878 528 1901 »
554 1868 597 1903 et
624 1859 715 1918 ipse
741 1867 803 1902 est
827 1859 897 1902 cui
919 1857 1106 1901 fideliter
1129 1855 1428 1914 veraciterque

39 1940 240 1975 cantatur
272 1951 280 1976 ι
324 1932 586 1984 «Quoniam
624 1930 870 1989 praevenisti
907 1944 1006 1973 eum
1044 1929 1090 1972 in
1124 1926 1428 1972 benedictione

42 2017 63 2042 »
89 2000 373 2046 dulcedinis⁴.
404 2020 423 2042 »
463 2004 518 2046 Et
550 2001 659 2061 quid
694 2001 764 2045 hic
801 2001 941 2060 aptius
972 1999 1256 2058 intelligitur,
1295 2012 1427 2058 quam

39 2071 129 2132 ipsa
153 2072 208 2116 de
230 2088 317 2132 qua
338 2072 562 2132 loquimur
583 2071 798 2131 cupiditas
822 2071 953 2115 boni?
977 2073 1098 2115 Tunc
1121 2071 1235 2114 enim
1260 2070 1427 2114 bonum

39 2144 289 2204 concupisci
318 2144 498 2203 incipit,
532 2143 710 2204 quando
733 2142 976 2186 dulcessere
1007 2141 1206 2201 coeperit.
1240 2139 1428 2194 Quando

40 2223 187 2259 autem
206 2214 361 2260 timore
377 2230 543 2274 poenae,
564 2229 653 2258 non
672 2228 817 2257 amore
833 2213 1010 2273 justitiae
1032 2213 1078 2255 fit
1102 2211 1266 2255 bonurn
1287 2245 1297 2263 ‚
1322 2224 1427 2253 non-

39 2284 146 2329 dum
170 2285 282 2330 bene
304 2287 354 2330 fit
375 2286 567 2341 bonum3
592 2299 671 2328 nec
695 2284 744 2328 fit
767 2285 811 2327 in
834 2282 964 2327 corde
993 2281 1114 2343 quod
1136 2282 1227 2325 fieri
1256 2280 1427 2325 videtur

39 2355 85 2400 in
106 2370 236 2415 opere
252 2390 262 2410 ‚
288 2355 466 2416 quando
488 2354 637 2398 mallet
659 2355 792 2397 homo
815 2368 904 2397 non
927 2351 1090 2406 facere,
1116 2351 1148 2395 si
1172 2358 1315 2410 posset
1341 2350 1425 2393 irn-

42 2443 176 2487 pune.
214 2431 330 2486 Ergo
365 2426 610 2471 benedictio
643 2424 883 2468 dulcedinis
928 2432 991 2467 est
1027 2422 1161 2481 gratia
1196 2421 1294 2475 Dei,
1339 2435 1426 2480 qua

44 2498 94 2542 fit
123 2499 167 2542 in
198 2498 324 2543 nobis
347 2507 397 2542 ut
418 2513 495 2542 nos
518 2495 706 2540 delectet
731 2503 772 2538 et
796 2494 1022 2554 cupiamus
1039 2527 1050 2547 ‚
1083 2492 1166 2537 hoc
1196 2500 1282 2546 est,
1308 2505 1426 2535 ame-

93 2589 101 2605 ¹
124 2583 222 2616 Exod.
243 2593 286 2619 iv,
318 2591 368 2615 ια.
386 2600 426 2606 -
445 2589 456 2604 2
478 2583 570 2614 Joan.
599 2577 977 2622 iv,7.—3Psal.1.vm‚
1007 2588 1055 2609 11.
1075 2576 1206 2608 -41d.
1227 2585 1281 2616 xx,
1302 2574 1334 2613 4.
