1784 3205
333 201 414 240 254
763 217 796 242 s.
834 214 1064 242 Auernum
1099 216 1278 243 131’1scom

332 277 526 323 bidinosa
544 279 767 340 voluptate
783 281 1153 339 concipientibus,
1177 282 1267 325 sine
1288 297 1533 327 aerumnoso
1553 283 1718 341 gemitu

330 349 595 408 parientibus
622 370 630 395 :
656 350 1017 411 quandoquidem
1052 351 1096 395 in
1129 350 1200 396 illa
1237 352 1444 396 felicitate
1473 361 1516 396 ct
1548 353 1592 396 in
1619 368 1719 397 cor-

328 435 434 479 pore
452 421 649 466 nondum
673 423 821 466 mortis
845 422 973 481 hujus
991 458 1002 477 ,
1027 422 1103 466 sed
1118 422 1219 467 vitae
1237 422 1367 478 illius,
1393 439 1482 468 non
1505 433 1615 467 esset
1637 422 1718 467 foe-

328 492 456 536 minis
479 492 524 535 in
552 491 817 552 excipiendis
839 493 1076 537 seminibus
1097 493 1219 554 quod
1248 494 1457 554 puderet,
1487 494 1600 538 sicut
1628 510 1718 539 non

327 571 434 606 esset
446 563 490 606 in
505 563 685 608 edendis
700 562 880 607 foetibus
895 564 1013 624 quod
1032 563 1227 609 doleret?
1243 565 1443 625 Quisquis
1461 581 1550 609 non
1563 565 1716 621 credit,

326 633 394 677 vel
418 635 534 678 credi
559 651 646 679 non
667 635 788 690 vult,
809 635 1061 680 horninibus
1082 646 1183 680 ante
1197 652 1325 680 omne
1341 647 1566 697 peccatum
1582 637 1627 680 in
1644 636 1719 681 illa

328 704 510 764 paradisi
535 705 740 751 felicitate
761 708 1033 752 versantibus
1064 710 1146 752 hoc
1170 709 1361 768 potuisse
1389 709 1465 753 Dei
1494 708 1718 753 voluntate

326 784 369 819 ct
381 775 650 835 benignitate
663 778 953 833 concedi,non
967 779 1171 838 optandae
1181 778 1480 825 foecunditatis
1496 779 1715 836 laudator,

326 845 399 889 sed
423 847 640 906 pudendae
662 849 897 908 voluptatis
922 860 1088 894 amator
1106 860 1185 895 est.

384 920 525 962 XXX.
565 922 675 964 Item
708 919 828 964 aliud
857 936 907 964 ex
939 921 1053 965 libro
1086 921 1234 966 divino
1271 922 1566 967 testimonium
1599 921 1719 982 quod

326 990 470 1047 posuit
492 991 546 1033 de
580 990 834 1035 Abimelech
850 994 880 1047 ¹,
905 1002 947 1036 et
968 996 1060 1037 Deo
1084 993 1257 1038 volente
1281 993 1425 1038 clausa
1447 990 1577 1038 omni*
1590 993 1718 1037 vulva

327 1058 369 1103 in
387 1058 518 1104 domo
536 1061 626 1120 ejus
647 1077 701 1104 ne
719 1062 920 1106 mulieres
943 1064 1033 1123 ejus
1053 1073 1271 1123 parerent,
1300 1074 1432 1123 atque
1454 1072 1601 1123 aperta
1622 1079 1718 1107 rur-

298 1172 302 1188 ἱ
325 1144 394 1172 sus
417 1139 467 1173 ut
489 1141 706 1189 parerent,
727 1131 835 1192 quid
859 1133 913 1177 ad
936 1149 1024 1177 rem
1050 1134 1266 1194 pertinet?
1286 1134 1393 1195 quid
1415 1135 1548 1178 habet
1570 1134 1624 1177 de
1646 1133 1719 1178 illa

298 1189 529 1257 &pudenda
556 1201 756 1258 libidine,
792 1202 847 1246 de
879 1220 965 1263 qua
1000 1220 1118 1248 nunc
1155 1206 1337 1265 quaestio
1369 1206 1459 1249 est?
1492 1203 1720 1264 Numquid

325 1270 457 1329 ipsam
479 1274 590 1316 Deus
606 1272 790 1317 detraxit
808 1274 892 1318 illis
910 1273 1117 1331 foeminis,
1140 1275 1417 1335 reddiditque
1434 1290 1535 1319 cum
1553 1274 1720 1319 voluit?

326 1340 409 1385 Sed
428 1358 559 1401 poena
580 1342 665 1387 fuit
687 1353 735 1387 ut
758 1360 908 1403 parere
931 1361 1019 1390 non
1045 1355 1234 1405 possent,
1264 1346 1523 1390 beneficium
1543 1361 1645 1390 vcro
1669 1352 1720 1389 ut

326 1428 474 1471 parcre
497 1424 672 1472 possent
690 1431 809 1460 more
834 1416 960 1476 hujus
981 1416 1276 1477 corruptibilis
1298 1418 1452 1461 carnis.
1475 1419 1572 1462 Non
1601 1416 1718 1460 enim

263 1539 265 1541 ,
327 1484 410 1528 tale
440 1486 701 1539 beneficium
742 1491 856 1531 Deus
888 1487 1108 1532 conferret
1150 1490 1322 1548 corpori
1369 1488 1518 1533 mortis
1560 1488 1714 1548 hujus,

218 1586 225 1597 t
324 1554 454 1616 quale
478 1573 564 1600 non
589 1559 767 1603 haberet
785 1560 865 1603 nisi
885 1575 1042 1618 corpus
1065 1560 1164 1604 vitae
1190 1560 1306 1603 illius
1326 1559 1372 1603 in
1395 1558 1594 1619 paradiso
1618 1567 1718 1603 ante

324 1636 568 1685 peccatum,
596 1637 644 1672 ut
671 1638 714 1672 et
738 1639 975 1690 conceptus
1005 1631 1250 1690 proveniret
1277 1631 1369 1675 sine
1396 1630 1579 1674 libidine
1608 1646 1717 1690 pru-

324 1697 478 1753 riente,
506 1709 547 1742 et
578 1709 724 1758 partus
757 1701 848 1744 sine
883 1700 1033 1745 dolore
1061 1702 1296 1746 cruciante.
1336 1704 1426 1747 Cur
1458 1712 1601 1746 autern
1628 1717 1718 1746 non

323 1767 638 1828 intelligamus,
685 1771 1043 1831 quandoquidem
1090 1773 1195 1818 dicit
1240 1773 1458 1832 Scriptura
1478 1808 1489 1828 ,
1539 1788 1562 1816 a
1612 1771 1717 1817 foris

323 1854 499 1883 ornnem
530 1840 702 1885 valvam
729 1842 861 1886 fuisse
890 1843 1163 1899 conclusam,
1200 1844 1345 1904 aliquo
1378 1843 1527 1888 dolore
1549 1843 1717 1888 factum

324 1925 428 1962 esse,
455 1920 504 1955 ut
522 1927 611 1956 non
628 1921 802 1970 possent
819 1912 1015 1957 foeminae
1033 1914 1321 1959 concubitum
1341 1915 1525 1974 perpeti,
1549 1914 1624 1973 qui
1642 1912 1718 1957 do·

323 1980 388 2024 lor
411 1983 501 2025 Deo
523 1992 804 2026 succensente
822 1982 973 2028 fuisset
996 1985 1204 2040 inflictus,
1228 1985 1458 2029 miserante
1471 1984 1719 2029 detractus?

272 2056 309 2109 ’χ
322 2053 430 2096 Nam
453 2053 486 2096 si
509 2052 564 2096 ad
585 2053 951 2113 impedimentum
978 2057 1172 2100 serendae
1196 2056 1329 2116 prolis
1351 2066 1460 2101 esset
1481 2056 1618 2100 libido
1639 2055 1718 2100 de-

323 2122 558 2178 trahenda,
590 2124 691 2169 viris
726 2135 836 2169 esset
861 2125 1131 2170 detrahenda
1158 2143 1247 2171 non
1277 2111 1718 2184 foeminis.[Foemina

322 2194 437 2238 enim
483 2204 625 2254 posset
675 2195 901 2241 voluntate
939 2197 1233 2242 concumbere
1255 2234 1265 2253 ,
1309 2199 1440 2242 etiam
1483 2197 1718 2243 desistente

322 2265 506 2310 libidine
529 2282 615 2327 qua
638 2267 949 2323 stimularetur,
967 2269 1000 2312 si
1018 2269 1111 2313 viro
1130 2285 1217 2313 non
1241 2268 1423 2324 deesset,
1445 2285 1530 2329 qua
1555 2269 1716 2314 excita-

324 2339 567 2399 retui·{}Nisi
589 2338 717 2394 sorte,
738 2339 839 2399 quia
860 2340 1068 2399 scriptum
1092 2349 1176 2396 est,
1210 2350 1252 2384 et
1285 2341 1429 2400 ipsum
1460 2340 1715 2385 Abimelech

322 2405 452 2452 fuisse
469 2419 684 2466 sanatum,
701 2411 869 2456 virilem
890 2410 1086 2456 dicturus
1102 2421 1166 2456 est
1183 2412 1222 2455 ei
1236 2411 1461 2456 libidinem
1475 2410 1708 2456 redditam.

322 2480 463 2532 Quam
485 2479 679 2539 profecto
710 2482 743 2525 si
776 2482 990 2538 amiserat,
1012 2482 1118 2542 quid
1140 2497 1250 2542 opus
1271 2481 1356 2527 fuit
1385 2497 1486 2526 eum
1507 2479 1713 2528 divinitus
1749 2503 1763 2505 s

371 2569 378 2584 '
402 2564 482 2596 Gen.
503 2573 558 2603 xx,
582 2563 621 2597 18
638 2568 671 2597 et
697 2575 744 2605 ¹7·
