1804 3205
350 232 511 259 cowrnA
549 235 592 259 m
609 231 654 260 As
689 233 820 261 nrisT.
853 232 1081 262 ΡΕιΑοιΑΝ.
1119 237 1200 262 Lux.
1241 238 1287 262 ιι.
1436 226 1519 266 445

127 297 413 341 inconsultius
443 299 579 342 utitur
605 299 728 343 bonis
745 335 755 355 ,
782 300 941 344 cadens
963 301 1007 344 in
1032 301 1395 358 praevaricationis
1421 318 1520 361 pro-

127 367 263 412 funda
286 368 507 413 demersus
522 405 532 424 ‚
556 370 664 414 nihil
687 371 954 430 qucmadum
983 371 1138 415 exinde
1169 387 1344 430 surgere
1380 383 1520 432 posset

126 438 328 484 invenit:
355 454 520 499 suaque
551 440 594 484 in
628 450 842 486 :eternum
875 442 1076 487 libertate
1110 442 1318 502 deceptus
1343 478 1354 498 ,
1392 445 1521 502 liujus

127 509 266 553 ruinae
283 510 490 568 jacuisset
509 527 718 571 oppressu
736 547 746 566 ‚
768 528 866 556 eum
888 522 983 572 post
1005 513 1164 558 Christi
1187 529 1265 572 pro
1286 530 1361 558 sua
1387 515 1521 572 gratia

124 579 350 625 liberasset
373 582 602 637 adventus,
623 584 699 642 qui
724 599 799 643 per
821 599 945 628 novae
969 585 1306 643 regenerationis
1325 585 1521 644 purifica-

128 652 287 696 tionem
323 668 452 698 omne
476 657 746 713 praeteritum
771 657 925 700 vitium
948 657 1013 700 sui
1046 656 1317 715 baptismatis
1350 656 1520 700 lavacro

126 725 338 781 purgavit.
377 743 396 764 »
424 725 538 778 Quid
578 727 656 771 ista
689 726 800 771 sedis
834 726 1097 785 Apostolicae
1120 727 1334 770 sententia
1362 726 1520 770 clarius

125 803 257 854 atque
281 796 552 841 manifestius
567 800 583 840 Ξ)
604 799 714 842 Huic
734 813 776 841 se
798 797 1029 843 Coelestius
1047 798 1290 842 consentire
1306 797 1521 856 professus

125 874 204 920 est,
219 867 398 926 quando
415 884 515 912 cum
535 868 637 913 illia
655 879 804 915 sancto
819 885 1076 929 praecessore
1100 879 1175 914 tuo
1197 869 1366 913 dictum
1383 878 1494 913 esset
1511 888 1520 913 :

129 955 149 977 «
177 936 256 981 Illa
278 939 423 982 omnia
457 938 634 984 damnas
668 956 768 1000 quae
793 941 954 1000 jactata
977 949 1079 984 sunt
1102 939 1157 983 de
1175 940 1351 983 nomine
1375 948 1450 983 tuo
1470 941 1518 982 P»

125 1008 215 1066 ipse
251 1009 474 1067 respondit
511 1030 518 1054 :
554 1030 574 1053 «
609 1015 773 1055 Damno
807 1012 1048 1054 secundum
1087 1010 1346 1054 sententiam
1384 1010 1522 1052 heatae

124 1080 347 1123 memoriae
372 1081 640 1139 praecessoris
663 1081 727 1124 tui
749 1080 1038 1124 Innocentii.»
1065 1083 1184 1122 lnter
1198 1088 1352 1123 caetera
1375 1087 1521 1122 autem

123 1165 223 1208 quae
251 1150 306 1194 dc
327 1152 504 1195 nomine
531 1153 624 1211 ejus
651 1152 811 1210 jactata
844 1150 1018 1194 fuerant
1041 1185 1051 1204 ,
1078 1150 1287 1193 diaconus
1315 1148 1522 1194 Coelestio

125 1220 333 1265 Paulinus
369 1222 612 1281 objecerat,
639 1222 759 1281 quod
781 1221 961 1274 diceret,
992 1239 1011 1262 «
1038 1229 1267 1279 peccatum
1302 1218 1408 1264 Adae
1440 1220 1522 1279 ipsi

124 1290 202 1335 soli
226 1290 421 1336 obfuisse
446 1326 457 1345 ,
483 1301 526 1336 et
548 1308 637 1336 non
673 1293 819 1350 generi
847 1293 1041 1335 humano
1068 1311 1078 1347 3
1109 1300 1152 1334 et
1184 1289 1305 1349 quod
1332 1289 1521 1334 infantes

126 1377 267 1421 nuper
301 1363 422 1417 nati,
448 1363 491 1405 in
528 1377 579 1407 eo
614 1371 754 1406 essent
788 1371 927 1416 statu,
962 1363 1007 1405 in
1042 1376 1130 1420 quo
1148 1361 1288 1405 Adam
1314 1360 1398 1404 l'uit
1421 1369 1520 1405 ante

126 1442 370 1492 peccatum.
395 1434 582 1478 Proinde
598 1434 632 1478 si
664 1434 832 1493 objecta
856 1433 1050 1486 Paulini,
1077 1432 1319 1477 secundum
1350 1440 1521 1475 senten-

126 1504 230 1549 tiam
256 1504 372 1548 beati
394 1519 518 1563 papae
542 1506 786 1548 Innocentii
808 1504 946 1548 veraci
970 1503 1101 1548 corde
1129 1512 1260 1562 atque
1289 1518 1363 1546 ore
1390 1502 1517 1545 dam—

126 1585 249 1620 naret
282 1597 292 1634 3
323 1576 430 1636 quid
460 1576 497 1619 ei
530 1585 775 1620 remaneret
805 1575 1010 1633 deinceps
1052 1573 1169 1617 unde
1206 1571 1515 1626 contenderet,

125 1646 297 1691 nullum
320 1662 410 1691 esse
433 1662 483 1690 ex
506 1647 724 1705 praeterita
747 1647 874 1705 primi
897 1645 1083 1690 hominis
1113 1645 1452 1702 transgressione
1472 1644 1518 1687 in

126 1718 317 1778 parvulis
349 1718 502 1763 vitium
527 1753 537 1773 ,
562 1719 684 1777 quod
706 1733 782 1777 per
811 1733 936 1763 novae
959 1715 1294 1774 regenerationis
1320 1714 1518 1773 purifica-

126 1790 289 1834 tionem
319 1803 440 1833 sacro
472 1788 730 1846 baptismate
766 1797 1025 1846 purgaretur
1051 1788 1068 1829 Ρ
1101 1784 1185 1830 Sed
1216 1784 1327 1828 illud
1362 1799 1406 1828 se
1435 1799 1519 1828 res-

126 1859 328 1918 pondisse
349 1857 560 1902 fallaciter
583 1857 816 1902 novissimo
833 1857 953 1901 exitu
976 1854 1168 1901 ostendit
1186 1889 1197 1909 ‚
1225 1869 1326 1898 cum
1343 1869 1387 1898 sc
1410 1854 1517 1898 sub-

126 1930 254 1975 traxit
296 1930 482 1974 examini
507 1964 517 1984 ,
563 1943 617 1972 ne
655 1928 896 1972 secundum
939 1926 1142 1971 Africana
1187 1926 1394 1984 rescripta
1426 1926 1518 1983 ipsa

125 2003 305 2047 omnino
335 2001 390 2045 dc
413 2002 492 2045 hac
515 2000 755 2059 quaestione
773 1999 905 2043 verba
922 2012 1263 2043 commemorare
1276 2006 1319 2041 et
1336 1995 1517 2040 anathe-

126 2076 351 2129 matizare,
375 2090 475 2134 quae
498 2074 542 2118 in
562 2072 713 2117 libello
735 2088 812 2117 suo
842 2072 986 2132 posuit
1003 2106 1013 2125 ‚
1035 2078 1276 2126 cogeretur.

185 2150 284 2192 VII.
301 2145 417 2200 Quid
432 2145 542 2190 illud
557 2145 677 2204 quod
696 2144 811 2188 idem
835 2147 949 2202 Papa
967 2142 1021 2186 de
1043 2143 1123 2186 hac
1138 2141 1228 2200 ipsa
1245 2153 1373 2184 causa
1388 2139 1518 2182 etiam

125 2216 343 2264 Numidiae
365 2216 582 2274 rescripsit
603 2214 813 2274 episcopis
833 2249 844 2268 ‚
866 2214 968 2273 quia
992 2211 1045 2256 de
1064 2220 1251 2269 utroque
1273 2207 1457 2252 concilio
1475 2215 1519 2250 et

127 2290 182 2333 de
203 2287 548 2346 Carthaginiensi
571 2285 734 2330 scilicet
761 2293 803 2328 et
820 2284 875 2328 de
902 2282 1156 2328 Milevitauo
1181 2280 1338 2338 scripta
1371 2293 1516 2323 susce—

128 2369 251 2419 perat
271 2395 281 2413 ,
317 2373 464 2403 nonne
499 2357 764 2417 apertissime
792 2354 846 2398 de
879 2352 1066 2413 parvulis
1095 2351 1290 2410 loquitur
1319 2352 1335 2374 ‘2
1367 2351 1384 2393 Ρ
1413 2351 1517 2393 Haec

130 2431 245 2475 enim
264 2431 355 2489 ejus
376 2429 508 2473 verba
527 2436 628 2472 sunt
654 2446 662 2471 :
688 2445 707 2468 «
740 2424 858 2469 Illud
877 2439 1002 2477 vero,
1028 2422 1148 2482 quod
1177 2436 1250 2465 eos
1271 2429 1410 2464 vestra
1434 2418 1515 2462 fra-

131 2501 309 2545 ternitas
324 2500 485 2553 asserit,
506 2497 740 2557 praedicare
759 2530 770 2550 ,
791 2493 993 2554 parvulos
1015 2501 1189 2536 aeternae
1208 2491 1307 2535 vitae
1331 2488 1518 2547 praemiis

180 2591 187 2607 ¹
209 2584 346 2617 Zozimo.
362 2600 402 2607 -—
419 2590 431 2606 2
453 2585 619 2614 Innocent.
641 2581 739 2622 Epist.
761 2579 843 2612 inter
862 2577 1113 2620 Augustinianas,
1131 2584 1272 2613 cnxxxu,
1288 2583 1374 2609 num.
1395 2572 1426 2604 5·
