1784 3205
300 174 383 212 474
912 191 1060 216 mnssx.

344 254 540 286 revelatione
569 266 607 286 ac
624 256 665 287 de
683 257 799 288 Christi
818 257 977 299 exemplo,
1009 268 1077 299 quae
1095 257 1134 289 ad
1154 257 1330 290 doctrinam
1349 269 1436 301 aeque
1459 269 1559 291 revo—

342 315 472 350 cantur,
500 314 554 342 aut
571 311 612 343 de
630 318 836 353 peccatorum
863 313 1046 345 remissione
1067 313 1271 355 interpretari
1300 325 1390 356 posse
1408 315 1560 347 demons-

345 370 427 403 trat3
447 377 506 398 nec
524 378 683 409 apparere
708 368 849 407 omnino,
880 380 920 401 an
953 379 1029 401 vere
1049 369 1255 402 christianam
1285 371 1429 412 gratiam,
1450 372 1480 403 id
1499 377 1561 411 cst,

346 422 555 468 adjutorium
575 423 654 455 bene
673 423 797 467 agendi
813 422 1017 469 adjunctum
1038 433 1173 458 natura·
1191 439 1209 457 a
1217 434 1292 470 tque
1310 425 1478 459 (loc-trime
1501 439 1565 469 per

344 480 600 521 inspirationem
602 478 750 521 flagrem
757 480 894 511 lz'ssr‘moe
903 487 935 511 el
950 481 1201 513 luminosisz'moe
1217 480 1399 514 charitatis
1414 488 1563 524 agnoscat

344 535 484 577 Pelagius
507 548 512 566 :
534 535 587 577 qui
608 540 767 576 postremo
787 536 1002 575 Ambrosium,
1026 541 1195 579 tantopere
1223 537 1264 568 ab
1294 538 1360 579 ipso
1387 538 1560 577 laudatum,

345 592 498 634 praeclara
516 592 658 634 quaedam
683 593 713 623 in
735 594 1044 626 commendationem
1061 595 1173 626 divinae
1191 594 1298 636 gratiae
1321 594 1482 627 dicentem
1501 606 1562 628 au-

346 647 414 679 dire
437 645 583 688 jubetur.
1480 661 1557 692 pag.

301 719 342 725 —-
368 714 454 735 Lmen
479 714 514 734 11.
541 704 591 733 DE
610 703 790 735 PECCATO
812 705 1030 737 ORIGINALI.
1067 706 1213 737 Ostendit
1247 706 1447 747 Augustinus,
1476 706 1563 738 Pela-

348 759 429 800 gium
444 760 473 790 in
492 758 667 802 quaestione
679 759 719 791 de
732 759 874 801 originali
885 767 1021 803 peccato
1040 772 1076 794 ac
1091 762 1131 794 de
1148 761 1350 804 parvulorum
1369 762 1563 805 baptismate

344 815 422 847 nihil
436 825 470 846 re
485 814 552 857 ipsa
568 814 739 847 dissentire
753 826 769 847 a
786 816 943 858 discipulo
955 817 1051 859 ipsius
1065 817 1212 849 Coelestio
1229 819 1281 859 qui
1304 823 1476 860 peccatum
1493 818 1562 850 ori-

344 871 447 915 ginale
464 870 611 903 confiteri
628 870 751 911 nolens,
772 872 822 903 vel
846 872 943 904 etiam
970 878 1083 915 aperte
1103 884 1218 915 negare
1242 885 1348 911 ausus,
1368 873 1561 916 Carthagine

349 928 445 969 prius,
464 938 502 959 ac
519 931 630 969 postea
649 929 768 966 Romae,
788 928 1021 970 episcopalibus
1034 929 1166 970 judiciis
1184 931 1353 962 damnatus
1373 934 1433 962 est.
1455 932 1563 968 Quaes-

347 985 467 1017 tionem
487 983 571 1016 enim
588 983 684 1015 istam
708 994 770 1015 non
794 995 903 1016 earum
924 995 1005 1026 esse,
1025 989 1060 1017 ut
1078 985 1220 1018 haeretici
1239 985 1335 1018 iidem
1353 985 1518 1024 volebant,
1533 985 1565 1016 in

346 1040 460 1082 quibus
488 1043 605 1081 praeter
625 1039 697 1071 fidei
722 1039 904 1081 periculum
923 1051 1032 1073 errare
1053 1042 1213 1084 contingit
1233 1054 1240 1073 :
1262 1042 1326 1074 imo
1351 1042 1437 1074 hunc
1455 1051 1564 1073 eorum

347 1104 487 1128 errorem
516 1094 585 1136 ipsa
608 1094 735 1126 omnino
761 1095 834 1127 fidei
856 1095 1034 1128 christianae
1061 1102 1173 1139 petere
1195 1098 1414 1130 fundamenta.
1438 1096 1568 1129 Refellit

346 1162 399 1184 eos
417 1154 542 1193 postea,
560 1149 612 1192 qui
632 1149 790 1190 originalis
810 1150 882 1182 vitii
898 1151 1046 1192 dogmate
1065 1153 1251 1194 nuptiarum
1272 1151 1410 1185 bonitati
1426 1152 1565 1193 detrahi,

346 1211 476 1249 Deoque
494 1206 565 1248 ipsi,
592 1205 727 1237 hominis
750 1205 803 1248 qui
826 1217 882 1248 per
901 1208 1026 1249 nuptias
1043 1212 1217 1249 generatur
1241 1208 1401 1240 conditori
1418 1208 1568 1249 injuriam

351 1265 418 1299 fieri
445 1263 696 1296 contendebant.

305 1324 354 1354 DE
377 1323 538 1354 NUPTIIS
557 1323 606 1352 ET
625 1321 983 1361 CONCUPISCENTIA,
1007 1333 1090 1354 mem
1114 1333 1147 1354 n.
1173 1340 1215 1345 —-
1232 1333 1321 1355 Lmen
1338 1333 1358 1353 1.
1378 1323 1566 1365 Nuptiarum

348 1378 476 1421 propria
495 1382 528 1410 et
545 1377 701 1410 naturalia
720 1377 802 1410 bena
822 1378 965 1420 exponit.
989 1379 1023 1410 In
1046 1378 1106 1410 illis
1125 1378 1216 1410 bonis
1234 1390 1295 1411 non
1318 1379 1568 1421 computandam

346 1435 451 1466 carnis
477 1433 775 1476 concupiscentiam
805 1434 946 1476 probat:
967 1435 1052 1466 lianc
1079 1435 1163 1466 enim
1191 1435 1318 1466 omnino
1342 1445 1409 1466 esse
1435 1434 1567 1476 malum,

346 1490 429 1532 quod
449 1500 510 1522 non
534 1489 574 1521 de
593 1490 775 1531 nuptiarum
794 1495 907 1522 natura
926 1490 1027 1528 venit,
1047 1490 1103 1522 sed
1124 1501 1161 1523 ex
1180 1491 1311 1534 antiquo
1329 1495 1465 1534 peccato
1485 1501 1568 1533 nup-

348 1545 399 1576 tiis
421 1545 564 1578 accidit:
585 1556 648 1587 quo
669 1549 776 1577 tamen
803 1545 885 1577 malo
910 1547 1028 1587 nuptiae
1057 1545 1140 1578 bene
1168 1552 1299 1579 utuntur
1328 1547 1367 1578 ad
1396 1547 1567 1579 liberorum

349 1601 623 1642 procreationem.
636 1603 774 1642 Propter
786 1600 869 1632 hanc
884 1612 962 1632 vero
976 1602 1273 1643 concupiscentiam
1286 1602 1367 1643 lieri⁷
1377 1607 1411 1635 ut
1423 1603 1516 1634 etiam
1529 1602 1569 1634 de

348 1655 494 1697 legitimis
506 1655 625 1697 nuptiis
641 1656 854 1697 liliorumDei,
865 1667 924 1687 non
940 1656 992 1687 filii
1003 1657 1137 1694 Dei‚sed
1147 1658 1311 1690 filiisaeculi
1322 1663 1505 1697 nascantur,
1517 1658 1570 1700 qui

351 1711 480 1752 peccati
499 1711 642 1749 vinculo,
666 1711 744 1743 licet
762 1711 802 1742 ab
819 1722 857 1743 eo
877 1722 934 1752 per
951 1712 1086 1753 gratiam
1105 1702 1259 1745 liberatise
1269 1714 1470 1755 parentibus,
1490 1713 1570 1745 obs-

349 1766 437 1799 tricti
452 1771 537 1805 sunt,
557 1774 652 1810 atque
671 1766 729 1798 sub
751 1767 870 1799 diaboli
888 1772 1051 1809 potestate
1069 1769 1204 1811 captivi,
1220 1769 1280 1800 nisi
1294 1770 1406 1801 eadem
1426 1768 1571 1800 similiter

351 1823 469 1855 Christi
487 1823 587 1865 gratia
605 1824 795 1856 liberentur.
816 1824 963 1866 Explicat
982 1825 1141 1866 quomodo
1159 1826 1422 1868 concupiscentia
1437 1825 1468 1856 in
1488 1826 1570 1867 bap-

349 1880 456 1912 tizatis
479 1884 611 1912 maneat
628 1885 714 1919 actu,
735 1890 798 1912 non
818 1885 923 1913 reatu.
943 1881 1096 1922 Baptismi
1115 1882 1290 1914 sanctitate
1309 1893 1373 1914 non
1392 1881 1476 1913 hunc
1495 1886 1571 1913 tan—

349 1936 514 1969 tummodo
528 1937 715 1978 originalem
734 1941 873 1975 reatum,
899 1938 953 1969 sed
974 1942 1110 1981 peccata
1128 1938 1188 1970 alia
1202 1942 1235 1970 et
1251 1937 1357 1969 omnia
1371 1948 1497 1979 prorsus
1507 1938 1569 1969 ho-

352 1993 470 2025 minum
488 1993 568 2025 mala
586 1993 761 2026 auferenda
780 2004 847 2026 esse
866 1994 975 2027 docet.
996 1995 1137 2027 Tandem
1156 1995 1423 2037 concupiscentiae
1450 1993 1567 2026 malum

351 2061 367 2082 a
402 2051 583 2093 nuptiarum
617 2050 762 2083 bonitate
788 2050 1043 2093 distinguendum
1075 2063 1156 2091 esse,
1191 2051 1348 2085 Ambrosii
1375 2050 1572 2084 auctoritate

350 2106 534 2139 confirmat.

309 2179 349 2184 —
374 2174 463 2194 meur.
486 2175 519 2194 ιι.
539 2164 722 2195 sententias
752 2163 883 2202 Juliani,
905 2174 943 2195 ex
967 2164 1070 2206 primo
1087 2163 1243 2196 librorum
1260 2168 1408 2206 quatuor,
1426 2174 1503 2207 quos
1521 2163 1574 2196 ille

352 2223 465 2251 contra
479 2218 596 2251 librum
611 2219 651 2250 de
669 2219 791 2261 Nuptiis
807 2223 840 2251 et
853 2219 1119 2261 Concupiscentia
1133 2219 1270 2261 priorem
1285 2213 1442 2259 ediderat,
1458 2220 1572 2252 incerti

351 2275 489 2307 auctoris
507 2286 600 2307 manu
618 2276 805 2317 decerptas,
826 2282 856 2308 et
871 2275 931 2307 sibi
948 2276 1072 2307 Comite
1088 2275 1213 2307 Valerio
1228 2280 1360 2307 curante
1374 2276 1497 2316 allatas,
1515 2287 1571 2307 re—

351 2331 429 2363 fellit
446 2332 636 2373 Augustinus
650 2332 829 2374 posteriore
842 2331 903 2364 hoc
916 2331 998 2363 libro
1017 2344 1022 2362 z
1040 2331 1231 2364 catholicum
1245 2332 1357 2373 dogma
1374 2332 1414 2363 de
1427 2331 1570 2372 originali

351 2387 433 2419 malo
457 2387 596 2420 vindicat
614 2387 655 2419 ab
669 2387 843 2420 adversarii
860 2387 1024 2419 calumniis
1043 2391 1078 2419 et
1095 2386 1237 2429 argutiiS,
1255 2389 1351 2428 atque
1368 2387 1520 2430 imprimis
1538 2386 1569 2418 id

350 2453 367 2474 a
387 2443 628 2476 Manichaeorum
649 2443 773 2476 nefaria
790 2442 901 2476 haeresi
916 2442 1027 2486 procul
1041 2445 1155 2476 abesse
1171 2443 1382 2476 demonstrat.

308 2499 359 2530 DE
376 2499 505 2532 ANIMA
524 2500 573 2532 ET
593 2500 685 2532 EJUS
701 2499 880 2541 ORlGlNE,
900 2508 977 2532 muru
990 2509 1036 2532 iv.
1052 2516 1089 2522 -*
1103 2508 1190 2531 tunm
1205 2509 1225 2530 ι.
1246 2498 1397 2541 Acceptis
1410 2508 1428 2531 a
1443 2499 1566 2533 Renato

1631 652 1694 683 109

1636 1265 1695 1296 151

1632 2108 1696 2139 191

1630 2442 1695 2474 228
