1784 3205
299 207 382 245 ‘200
738 216 770 244 st.
805 213 1036 245 &versvm
1070 212 1249 242 muscum

297 283 587 344 conjugalem,
616 284 697 327 hoc
724 291 802 337 cst,
829 281 995 325 licitum
1018 281 1337 339 honestumque
1360 278 1644 324 concubitum
1668 298 1676 323 :

296 358 372 399 sed
395 364 442 399 ut
465 355 541 398 iste
554 352 828 406 concubitus,
851 351 927 410 qui
942 349 1046 394 nihil
1066 349 1482 394 morbidaelibidinis
1501 348 1683 393 haberet

296 426 574 486 adjunctum,
601 425 634 469 si
658 439 745 468 non
770 423 1043 483 praecedente
1072 431 1248 480 peccato
1281 422 1324 464 in
1354 436 1406 465 eo
1430 420 1608 479 perisset
1628 420 1684 464 li-

297 497 473 541 bertatis
502 494 749 547 arbitrium,
777 492 898 553 quod
920 508 1038 536 nunc
1067 491 1111 536 id
1140 492 1272 535 habet
1295 491 1568 549 adjunctum,
1593 506 1683 535 non

295 568 349 611 sit
362 565 612 620 voluntatis,
632 564 706 609 sed
726 563 1001 617 necessitatis,
1022 561 1111 606 sine
1130 578 1215 622 qua
1231 570 1376 605 tamen
1394 562 1435 605 in
1455 576 1684 620 procrean-

295 638 359 682 dis
376 637 472 682 filiis
494 636 548 681 ad
570 635 763 680 fructum
782 634 996 694 perveniri
1016 650 1103 678 non
1124 641 1266 693 potest
1285 632 1416 693 ipsius
1431 632 1681 678 voluntatis.

294 711 402 761 Quae
427 706 626 751 voluntas
649 707 692 751 in
715 705 944 752 connubiis
964 703 1157 748 fidelium
1182 720 1269 748 non
1292 719 1344 748 eo
1367 704 1453 747 fine
1474 702 1680 747 determi-

297 788 439 832 natur,
466 787 515 821 ut
542 778 764 822 transituri
786 776 862 820 filii
888 785 1122 820 nascantur
1144 777 1188 819 in
1211 774 1370 819 saeculo
1391 775 1473 819 isto
1490 809 1502 830 ,
1533 774 1609 819 sed
1638 784 1686 819 ut

295 849 563 909 permansuri
590 856 871 892 renascantur
904 847 947 890 in
980 845 1167 891 Christo.
1199 846 1328 899 Quod
1358 846 1391 890 si
1414 846 1684 905 provenerit,

296 935 458 964 merces
486 920 566 963 erit
595 919 650 963 de
682 918 885 977 conjugio
920 917 1061 977 plenae
1095 916 1311 961 felicitatis
1340 935 1349 962 2
1373 917 1406 960 si
1428 926 1572 960 autem
1597 931 1687 961 non

295 991 559 1050 provenerit,
576 1004 657 1048 pax
672 988 752 1032 erit
767 988 1024 1048 conjugibus
1040 988 1166 1031 bonae
1175 986 1426 1033 voluntatis.
1448 989 1537 1031 Hac
1551 986 1689 1030 inten-

296 1062 414 1106 tione
427 1060 568 1105 cordis
585 1060 660 1120 qui
675 1075 799 1103 suum
816 1075 887 1103 vas
903 1058 1108 1118 possidet,
1130 1058 1173 1102 id
1187 1067 1266 1113 est,
1288 1059 1522 1117 conjugem
1537 1072 1658 1102 suam
1675 1078 1686 1115 5

298 1131 605 1191 proculdubio
627 1146 715 1174 non
740 1129 928 1189 possidet
950 1131 994 1173 in
1019 1129 1172 1173 morbo
1194 1128 1411 1183 desiderii,
1439 1129 1550 1173 sicut
1579 1144 1688 1187 gen-

296 1211 357 1245 tes
375 1217 473 1260 quae
491 1202 694 1259 ignorant
713 1203 876 1257 Deum3
898 1200 974 1243 sed
996 1201 1039 1243 in
1061 1200 1401 1243 sanctificatione
1426 1208 1468 1242 et
1496 1200 1689 1253 honore,

296 1272 405 1315 sicut
428 1270 578 1316 fideles
599 1273 674 1330 qui
696 1279 870 1329 sperant
895 1270 938 1312 in
968 1273 1118 1313 Deum.
1148 1269 1228 1313 1110
1259 1270 1423 1329 quippe
1457 1270 1690 1328 concupis-

297 1343 450 1385 centiae
472 1341 585 1385 malo
609 1342 746 1384 utitur
767 1341 915 1394 homo,
935 1355 1022 1384 non
1042 1340 1246 1394 vincitur,
1269 1338 1446 1399 quando
1461 1355 1555 1383 eam
1574 1341 1692 1384 inor-

299 1411 456 1455 dinatis
486 1421 615 1471 atque
643 1409 856 1455 indecoris
888 1410 1076 1454 motibus
1104 1419 1360 1454 aestuantem
1387 1409 1525 1455 frenat
1550 1419 1592 1454 et
1616 1425 1691 1455 co-

301 1483 437 1537 hibet,
465 1497 607 1541 neque
626 1483 704 1525 nisi
729 1481 951 1540 propagini
974 1481 1204 1525 consulens
1226 1481 1389 1525 relaxat
1412 1490 1543 1541 atque
1565 1480 1693 1525 adhi-

303 1554 391 1605 bet,
421 1562 467 1596 ut
490 1551 737 1611 spiritaliter
762 1550 1076 1609 regenerandos
1099 1550 1328 1595 carnaliter
1351 1552 1514 1610 gignat,
1543 1567 1632 1596 non
1646 1562 1698 1596 ut.

304 1624 502 1682 spiritum
527 1624 644 1666 carni
667 1621 839 1666 sordida
858 1623 1064 1685 servitute
1084 1623 1298 1683 subjiciat.
1324 1624 1390 1667 Sic
1409 1632 1550 1682 patres
1568 1638 1696 1667 sanc-

305 1702 370 1737 tos
394 1708 442 1735 ex
467 1693 687 1736 Abraham
713 1701 755 1737 et
776 1701 876 1735 ante
905 1692 1151 1747 Abraham,
1183 1693 1343 1752 quibus
1370 1695 1484 1737 Deus
1511 1692 1630 1753 quod
1659 1693 1697 1737 ei

308 1763 548 1822 placuerint
573 1762 771 1821 perhibet
796 1762 1122 1817 testimonium,
1151 1778 1249 1806 usos
1272 1761 1399 1806 fuisse
1436 1763 1697 1822 conjugibus

307 1836 525 1876 neminem
554 1842 725 1891 oportet
746 1832 949 1876 dubitare
976 1833 1290 1891 christianum3
1317 1832 1494 1893 quando
1521 1834 1698 1893 quibus-

307 1905 407 1948 dam
432 1905 561 1948 etiam
582 1903 760 1962 singulis
781 1903 925 1963 plures
949 1904 1107 1947 habere
1125 1919 1378 1948 concessum
1394 1914 1473 1960 est,
1493 1904 1571 1948 ubi
1591 1906 1699 1949 ratio

310 1974 393 2020 fuit
414 1976 544 2034 prolis
571 1974 929 2035 multiplicandae,
954 1991 1044 2020 non
1065 1976 1282 2020 variandae
1305 1976 1514 2037 appetitio
1543 1975 1700 2036 volup-

315 2054 426 2089 tatis.

372 2117 426 2158 X.
462 2116 570 2160 Nam
589 2116 622 2159 si
641 2118 728 2159 Deo
743 2123 914 2174 patrum
930 2124 1196 2170 nostrorum,
1215 2116 1291 2175 qui
1309 2116 1439 2160 etiam
1458 2126 1602 2162 noster
1619 2126 1698 2172 est,

314 2185 387 2230 illa
409 2186 694 2231 numerositas
718 2187 953 2246 conjugum
977 2196 1203 2245 propterea
1219 2202 1307 2231 non
1331 2186 1633 2246 displicuisset,
1654 2197 1703 2233 ut

313 2258 526 2316 copiosius
547 2273 591 2301 se
618 2256 754 2301 libido
770 2258 970 2317 jactaret,
991 2258 1049 2301 ita
1072 2258 1201 2302 etiam
1224 2267 1384 2302 sanctae
1406 2257 1600 2303 foeminae
1614 2274 1702 2303 ser-

315 2329 473 2372 vissent
491 2328 690 2387 pluribus
704 2329 888 2387 singulae
908 2348 916 2373 ;
934 2327 1054 2389 quod
1072 2329 1105 2373 si
1119 2327 1264 2388 aliqua
1281 2328 1458 2385 faceret,
1480 2329 1588 2389 quid
1605 2345 1700 2374 eam

317 2399 396 2442 nisi
409 2399 772 2458 concupiscentiae
788 2398 1018 2458 turpitudo
1037 2398 1331 2459 compelleret,
1352 2409 1402 2444 ut
1423 2399 1569 2459 plures
1589 2400 1702 2445 viros

318 2468 513 2524 haberet,
550 2468 727 2529 quando
757 2471 837 2514 ista
863 2469 1035 2514 licentia
1061 2469 1204 2530 plures
1234 2470 1344 2516 filios
1373 2486 1462 2515 non
1490 2470 1701 2516 haberet?

320 2541 630 2584 Verumtamen
653 2540 787 2598 magis
809 2541 1023 2599 pertinere
1046 2540 1099 2585 ad
1121 2541 1371 2601 nuptiarum
1397 2541 1561 2588 bonum
1577 2575 1589 2597 ,
1614 2557 1702 2586 non
