1804 3205
18 3108 34 3205 infimi-¹⁴
16 3070 31 3102 “³-
19 2995 37 3062 w**⁴''.f
14 2974 28 2985 ἦ
14 2959 16 2963 ”
11 2886 26 2910 ‘³⁸'

321 272 372 298 nn
408 272 541 299 ΛΝιΜΛ
577 273 627 299 m·
662 273 755 299 mis
788 272 981 311 orimum,
1018 273 1099 299 Lm,
1138 275 1196 300 ιν.
1381 263 1463 302 403

80 345 210 391 trum,
231 336 304 381 sed
322 337 528 396 primaevo
543 337 595 382 ad
611 338 909 396 grandaevum,
931 338 1031 383 forti
1045 338 1099 383 ad
1116 339 1353 383 infirmum.
1373 342 1464 384 Etsi

77 409 192 453 enim
210 425 298 454 non
316 425 387 454 eos
404 409 531 454 edere
551 410 755 465 debuisti,
778 413 938 471 majore
960 420 1103 456 tamen
1128 420 1170 455 et
1193 413 1356 457 verior(¹
1372 414 1465 471 glo-

76 479 135 524 ria
152 481 334 541 quisque
351 490 568 526 correctus
582 497 656 526 sua
675 481 946 527 confessione
964 482 1313 542 reprehenditur,
1332 498 1464 542 quam

75 551 308 611 cujuslibet
342 554 522 596 errantis
560 568 633 598 ore
662 553 879 597 laudatur.
916 554 1120 607 Quamvis
1144 554 1187 597 in
1210 553 1464 598 eorumdem

75 621 324 666 recitatione
345 621 556 668 librorum
580 622 797 668 auditores
819 633 862 668 et
880 623 1125 669 laudatores
1149 633 1243 668 tuos
1267 640 1353 668 non
1373 639 1463 668 om-

75 707 151 735 nes
180 692 256 736 ista
290 709 390 753 quae
422 710 524 738 sana
554 694 749 739 doctrina
775 695 1009 753 improbat,
1040 695 1109 739 vel
1139 705 1239 738 ante
1263 695 1461 748 sensisse,

74 761 142 806 vel
165 761 218 806 acl
242 779 290 807 ea
310 763 387 807 tibi
405 765 666 809 consensisse
680 764 938 809 crediderim
965 784 973 810 :
998 765 1072 809 sed
1091 766 1181 809 acie
1201 766 1355 809 mentis
1374 766 1465 823 ipso

75 841 162 877 tuae
188 835 448 879 recitationis
471 836 637 894 impetu
668 851 884 895 cursuque
904 836 1124 895 perstricta
1147 870 1157 889 ,
1193 836 1284 879 haee
1312 850 1464 894 parum

76 902 301 948 advertere
321 905 537 964 potuisse3
561 915 635 950 aut
653 915 768 950 certe
791 906 919 950 etiam
940 906 1034 951 illos
1056 906 1130 966 qui
1149 905 1371 950 advertere
1387 921 1466 964 po-

75 982 274 1031 tuerunt,
308 992 396 1021 non
428 978 472 1021 in
505 987 545 1021 te
569 992 712 1022 rerum
745 976 1075 1036 liquidissimam
1110 977 1360 1030 veritatem,
1389 976 1465 1019 sed

74 1045 307 1090 verborum
337 1048 605 1091 allluentiam
637 1057 680 1091 et
707 1047 869 1106 ingenii
900 1046 1151 1090 facultatem
1183 1045 1465 1104 indolemque

72 1114 283 1160 laudasse.
313 1115 575 1176 Plerumque
603 1117 719 1159 enim
742 1115 962 1171 laudatur,
993 1117 1254 1175 praedicatur
1276 1124 1318 1158 et
1341 1130 1460 1158 ama-

73 1195 146 1230 tur
168 1186 393 1248 eloquium
416 1187 459 1232 in
483 1203 557 1246 spe
573 1188 745 1246 juvenis
764 1208 774 1244 3
798 1197 838 1231 et
859 1188 892 1231 si
920 1187 1116 1231 nondum
1140 1187 1298 1231 habeat
1321 1195 1465 1230 matu-

72 1258 243 1304 ritatem
275 1259 496 1318 fidemque
518 1258 721 1303 doctoris.
752 1261 1026 1318 Quapropter
1048 1268 1096 1302 ut
1118 1268 1161 1302 et
1185 1267 1232 1301 tu
1255 1266 1369 1301 recte
1393 1271 1460 1300 sa-

73 1329 180 1388 pias,
220 1339 262 1374 et
296 1329 400 1373 alios
427 1345 516 1374 non
546 1327 849 1373 tantummodo
880 1327 1095 1373 delectare
1125 1329 1276 1387 possit,
1310 1342 1462 1371 verum

71 1400 201 1444 etiam
224 1400 439 1445 aedificare
472 1401 592 1460 quod
619 1400 836 1459 loqueris,
868 1414 1017 1443 curam
1044 1408 1086 1442 te
1119 1407 1290 1458 oportet
1315 1412 1462 1457 gerere

71 1469 126 1515 de
147 1472 418 1516 sermonibus
440 1470 524 1516 tuis
546 1471 718 1516 remotis
737 1469 961 1530 plausibus
985 1469 1150 1514 alienis.

631 1993 743 2006 ’4
748 1990 861 2008 οὗ·
867 1997 881 2000 ω

1203 2657 1266 2696 26.
