1804 3205
411 250 491 275 Lus.
531 250 575 275 ιι.
614 250 665 276 nic:
700 247 875 277 necno
909 250 1145 276 orricium.
1395 242 1472 276 179

88 314 275 371 peccati,
307 313 351 357 in
385 329 471 372 qua
502 313 652 357 missus
685 323 748 358 cst
777 314 868 358 sine
900 322 1097 372 peccato,
1130 313 1205 372 qui
1238 322 1378 356 tamt-n
1415 315 1470 358 de

86 393 262 442 peccato
276 383 498 428 damnavit
523 393 772 442 peccatum,
795 385 933 429 factus
956 399 1034 443 pro
1051 383 1175 428 nobis
1197 388 1464 442 peccatum¹.

88 453 210 498 Unde
227 452 331 498 dicit
351 453 584 513 Apostolus
603 473 611 499 ;
631 473 651 497 «
672 454 959 499 Obsecramus
981 470 1060 514 pro
1077 455 1250 500 Christo
1274 456 1470 498 reconci-

88 542 108 565 »
133 523 297 569 liamini
319 527 433 570 Deo:
450 539 550 569 eum
568 525 644 586 qui
666 540 755 570 non
777 535 957 570 noverat
976 534 1224 584 peccatum,
1243 540 1321 584 pro
1343 526 1469 570 nobis

87 613 108 636 »
136 604 360 654 peccatum
390 594 512 651 fecit,
540 605 589 640 ut
620 611 698 641 nos
731 596 862 642 simus
890 596 1055 656 justitia
1089 596 1165 640 Dei
1200 596 1244 640 in
1274 596 1364 655 ipso
1377 600 1410 640 Ἰ.
1445 615 1464 637 »

85 670 199 712 Deus
227 683 346 727 ergo,
377 668 448 712 cui
474 667 820 723 reconciliamur,
846 666 949 712 fecit
973 683 1075 712 eum
1105 683 1183 727 pro
1213 667 1338 712 nobis
1369 683 1469 726 pcc-

81 748 249 793 catum‚
274 739 318 783 id
345 748 431 794 est,
459 738 715 783 sacrificium
736 754 810 797 pcr
827 738 947 798 quod
969 737 1295 783 dimitterentur
1319 748 1463 783 nostra

82 818 256 868 peccata
276 828 284 854 ;
305 811 511 869 quoniam
541 819 716 868 peccata
738 818 950 854 vocantur
973 809 1180 854 sacrificia
1212 824 1288 868 pro
1319 825 1468 868 pecca-

84 881 152 924 tis.
180 883 235 924 Et
266 881 419 940 utique
451 881 541 939 ipsc
573 896 650 939 pro
683 881 867 940 peccatis
901 881 1055 925 nostris
1090 878 1341 924 immolatus
1378 890 1467 934 est,

84 949 256 995 nullum
281 951 444 995 habens
463 952 638 1005 vitium,
663 951 779 996 solus
802 952 846 995 in
869 951 1121 995 hominibus
1146 950 1276 1010 quale
1301 966 1472 1010 quaerc·

88 1020 215 1064 batur
238 1021 366 1066 etiam
401 1032 505 1066 tunc
539 1021 583 1064 in
615 1022 863 1080 pecoribus,
891 1037 980 1080 quo
1008 1020 1332 1078 significabatur
1361 1036 1472 1064 unus

83 1091 174 1135 sine
202 1092 306 1136 vitio
330 1091 384 1136 ad
418 1093 520 1136 vitia
544 1090 735 1136 sananda
764 1101 990 1137 venturus.
1019 1094 1311 1152 Quocumque
1343 1092 1473 1149 igitur

83 1162 154 1207 die
175 1178 264 1207 suae
286 1163 521 1208 nativitatis
543 1161 686 1208 infans
709 1162 952 1222 baptizetur
975 1164 1021 1207 in
1043 1163 1237 1217 Christo,
1264 1171 1473 1222 tanquam

83 1242 237 1279 octavo
262 1232 589 1279 circumciditur
606 1233 678 1279 die
700 1249 708 1276 :
727 1234 935 1294 quoniam
956 1234 1001 1278 in
1029 1232 1105 1278 illo
1128 1233 1469 1286 circumciditur,

85 1303 161 1364 qui
193 1305 320 1349 tertio
347 1303 528 1364 quidem
557 1319 609 1348 ex
640 1319 730 1363 quo
755 1304 984 1348 crucifixus
1018 1312 1107 1358 est,
1141 1302 1216 1347 sed
1247 1312 1400 1348 octavo
1432 1303 1476 1346 in

87 1373 435 1419 hebdomadibus
467 1374 699 1418 resurrexit
731 1374 814 1419 die.
845 1393 865 1416 «
895 1373 1234 1420 Circumciditur
1255 1382 1402 1417 autem
1432 1373 1477 1416 in

90 1461 110 1485 ιι
137 1444 456 1504 expolationem
476 1447 666 1504 corporis
684 1445 840 1499 carnis,
863 1444 907 1489 id
929 1454 1013 1499 est,
1040 1453 1088 1488 ut
1109 1444 1330 1498 debitum,
1351 1440 1473 1502 quod

90 1532 111 1556 »
136 1515 337 1574 contagio
366 1515 548 1560 carnalis
576 1515 863 1574 generationis
890 1515 1086 1572 attraxit,
1113 1514 1246 1573 gratia
1275 1513 1477 1573 spiritalis

91 1603 110 1626 »
138 1586 470 1643 regenerationis
490 1586 725 1631 absolvat&
752 1605 770 1627 »
795 1604 815 1628 ι(
835 1585 991 1631 Nullus
1014 1585 1132 1630 enim
1153 1593 1217 1629 est
1238 1583 1430 1628 mundus
1451 1598 1474 1626 a

91 1673 111 1696 »
136 1655 290 1701 sorde⁵
318 1659 429 1717 (qua
458 1657 636 1701 obsecro
663 1656 810 1710 sorde,
836 1656 918 1700 nisi
950 1655 1172 1715 peccati)P
1195 1670 1276 1700 nec
1311 1653 1469 1706 infans,

93 1744 111 1767 n
137 1727 260 1786 cujus
283 1735 346 1772 est
368 1726 496 1770 unius
518 1725 604 1770 diei
626 1727 713 1771 vita
734 1741 864 1786 super
888 1735 1063 1770 terram.
1091 1743 1110 1766 »

147 1798 400 1841 XXXVIII.
429 1797 496 1842 Sic
525 1811 671 1841 autem
700 1805 1076 1854 argumentantur,
1109 1794 1299 1840 dicentes
1326 1812 1334 1839 :
1361 1797 1475 1852 Ergo

91 1866 255 1911 malum
288 1876 390 1911 sunt
423 1867 613 1925 nuptiae,
650 1875 693 1910 et
725 1882 814 1911 non
848 1875 912 1910 est
943 1881 1051 1925 opus
1085 1866 1156 1910 Dei
1188 1866 1321 1909 homo
1343 1878 1475 1922 quem

90 1946 298 1996 generant
330 1937 524 1996 nuptiae?
556 1937 683 1990 Quasi
716 1937 968 1995 nuptiarum
1007 1936 1174 1980 bonum
1211 1934 1266 1980 sit
1297 1935 1474 1978 morbus

90 2008 482 2068 concupiscentiae,
519 2008 563 2051 in
596 2022 684 2066 quo
718 2021 871 2050 uxores
904 2005 1121 2064 diligunt,
1161 2005 1235 2065 qui
1275 2006 1477 2063 ignorant

93 2081 254 2133 Deum,
276 2076 397 2138 quod
414 2076 646 2137 Apostolus
666 2077 912 2136 prohibetss,
932 2092 981 2121 ac
1001 2092 1090 2120 non
1112 2076 1254 2135 potius
1271 2074 1478 2135 pudicitia

92 2148 347 2209 conjugalis,
363 2164 450 2209 qua
467 2149 512 2192 in
534 2148 672 2192 bonos
687 2163 786 2191 usus
803 2146 1002 2192 ordinate
1016 2147 1127 2191 filios
1142 2145 1397 2206 procreandi
1415 2161 1476 2189 re-

95 2220 259 2279 digitur
276 2218 412 2264 libido
429 2218 610 2264 carnalis
629 2238 636 2263 :
657 2226 732 2262 aut
746 2233 848 2262 vero
865 2218 999 2277 possit
1015 2233 1103 2262 esse
1120 2218 1253 2261 homo
1274 2216 1354 2260 nisi
1369 2231 1477 2275 opus

95 2289 196 2345 Dei,
212 2304 300 2334 non
316 2288 457 2334 solum
472 2289 548 2349 qui
562 2287 615 2332 de
634 2288 855 2347 conjugio,
873 2287 1156 2332 verumetiam
1171 2287 1247 2347 qui
1264 2286 1318 2330 de
1336 2285 1476 2330 forni-

95 2361 286 2414 catione,
311 2359 380 2403 vel
399 2360 454 2404 de
473 2358 688 2404 adulterio
710 2367 976 2418 procreatur.
1001 2357 1085 2403 Sed
1102 2357 1147 2401 in
1169 2358 1250 2402 hac
1272 2357 1478 2417 quaestio-

97 2445 174 2485 ne,
198 2431 276 2475 ubi
298 2431 524 2491 quaeritur,
548 2445 638 2474 non
660 2430 731 2474 cui
753 2430 812 2474 rei
834 2438 1016 2483 creator,
1037 2427 1112 2473 sed
1133 2429 1204 2472 cui
1226 2427 1412 2473 salvator
1428 2428 1479 2471 sit

149 2540 155 2554 ¹
178 2534 244 2567 Gal.
270 2545 325 2572 ιιι,
349 2534 397 2565 13.
415 2550 455 2557 ·—-
471 2540 482 2555 ²
504 2542 521 2564 'z
540 2533 614 2566 Cor.
636 2544 669 2572 v,
689 2543 740 2564 2³.
759 2550 797 2556 -·
815 2530 950 2564 ³‹301oss
984 2543 1020 2569 ιι,
1049 2541 1101 2563 αι.
1118 2549 1158 2553 -
1174 2530 1188 2559 4
1203 2531 1276 2570 Job,
1299 2541 1364 2563 xiv.
1388 2531 1480 2569 juxt-‘i

103 2589 250 2621 Lxx.-
267 2587 281 2610 ⁵
306 2600 315 2620 ι
340 2588 446 2620 Thess.
468 2600 512 2627 iv,
530 2588 558 2617 ς’).
