1804 3205
287 248 338 274 nu
372 251 538 279 Ntl‘l‘lls
571 252 621 279 ΕΤ
651 255 1018 296 concur-iscssu‘ru,
1056 262 1136 288 riu.
1177 266 1203 288 ι.
1362 260 1443 295 195

62 325 81 350 «
107 311 268 354 Omnes
282 312 402 371 quod
420 329 509 359 nou
527 324 655 362 estex
674 318 775 375 lide,
799 332 1022 380 peccatum
1040 334 1118 370 est.
1143 344 1163 367 »
1184 329 1295 373 Cum
1313 330 1444 387 igitur

58 377 222 425 laciuut
242 381 334 427 haec
357 383 552 429 homines
572 387 663 432 sine
686 390 790 445 lide,
815 409 915 452 quae
938 394 1143 441 videntur
1160 398 1216 443 ad
1238 401 1444 460 conjuga-

55 448 140 494 lem
160 450 409 511 pudicitiam
426 458 663 515 pertinere,
684 461 773 507 sive
791 464 1039 512 homiuibus
1057 468 1227 528 placere
1242 487 1443 531 qureren-

57 528 133 576 tes,
158 522 227 567 vel
250 524 330 568 sibi
355 524 422 569 vel
446 526 553 582 aliis,
578 529 665 574 sive
686 531 730 575 in
748 533 813 578 his
836 535 962 580 rebus
985 553 1092 598 quas
1114 540 1265 586 vitiose
1286 558 1443 589 coucu-

56 591 256 650 piscant,
287 595 498 642 humanas
529 600 745 647 molestias
766 602 1005 652 devitantes
1023 643 1035 663 ‚
1062 610 1150 655 sive
1173 612 1445 660 daemonibus

53 663 307 721 servientes,
334 681 424 711 non
447 679 625 726 peccata
649 675 919 732 coercentur,
945 679 1020 723 sed
1044 678 1135 725 aliis
1155 685 1341 741 peccatis
1364 686 1445 730 alia

54 743 229 793 peccata
263 736 515 784 vincuntur.
549 742 673 788 Absit
704 760 807 804 ergo
838 747 1047 807 pudicum
1082 755 1290 800 veraciter
1323 756 1407 801 diei
1429 792 1440 813 ,

52 805 127 865 qui
162 821 250 852 nou
292 819 468 869 propter
505 814 641 859 Deum
682 831 831 862 verum
877 820 1009 866 fidem
1046 825 1256 870 connubii
1301 838 1442 874 servat

52 890 190 920 uxori.

112 948 163 989 V.
189 949 422 1008 Copulatio
443 952 589 1012 itaque
611 956 737 1000 maris
758 966 801 1002 et
819 957 1012 1005 foeminae
1029 966 1265 1021 generandi
1286 983 1431 1026 causa,

52 1015 217 1062 bonum
240 1028 302 1064 est
326 1022 522 1066 naturale
544 1026 795 1083 nuptiarum
824 1047 832 1073 :
865 1029 939 1074 sed
963 1031 1044 1076 isto
1067 1033 1185 1079 bono
1214 1037 1327 1082 male
1352 1042 1439 1084 uti-
1524 1067 1529 1075 ι

53 1095 139 1143 tur,
158 1089 235 1147 qui
256 1089 497 1145 bestjss,litssl'
518 1094 671 1151 utitur,
696 1106 745 1142 ut
766 1099 820 1143 sit
840 1100 931 1160 ejus
954 1102 1138 1150 intentio
1155 1106 1200 1151 in
1218 1108 1443 1170 voluptate

53 1157 247 1206 libidinis
262 1196 273 1216 ‚
314 1178 402 1207 non
446 1164 490 1209 in
531 1165 757 1214 voluntate
796 1174 1056 1232 propaginis.
1097 1179 1357 1240 Quanquam
1399 1184 1442 1229 in

50 1231 272 1277 nonnullis
299 1234 560 1282 animalibus
584 1240 761 1286 rationis
790 1246 1055 1303 expertibus,
1083 1249 1196 1295 sicut
1222 1252 1266 1296 in
1291 1253 1444 1312 pleris-

49 1316 135 1360 que
152 1301 328 1348 alitibus
355 1340 366 1360 ,
385 1315 428 1352 et
443 1309 746 1368 conjugiorum
761 1313 962 1372 quaedam
982 1318 1104 1376 quasi
1123 1320 1449 1381 *confoederat-io,

49 1374 321 1431 custoditur,
362 1386 405 1421 et
444 1379 611 1424 socialis
645 1381 898 1429 nidificandi
930 1387 1132 1445 solertia,
1169 1392 1443 1456 vicissimque

49 1459 232 1490 ovorum
251 1446 477 1507 dispertita
496 1459 690 1511 tempora
707 1452 996 1502 fovendorum
1016 1477 1024 1504 ε
1044 1469 1086 1504 et
1108 1464 1439 1512 nutriendorum

47 1530 178 1576 opera
205 1517 371 1564 alterna
400 1519 623 1578 pullorum
641 1558 652 1575 ,
682 1526 817 1583 magis
851 1542 900 1572 ea
927 1529 1063 1575 videri
1092 1531 1259 1579 faciunt
1282 1552 1436 1596 agere,

46 1601 145 1631 cum
175 1598 364 1644 coeunt,
401 1593 624 1649 negotium
649 1595 942 1644 substituendi
967 1603 1157 1662 generis,
1192 1622 1323 1666 quam
1366 1626 1440 1654 ex-

47 1655 218 1715 plendae
255 1658 466 1705 libidinis.
509 1665 706 1716 Quorum
744 1666 932 1713 duorum
966 1671 1076 1717 illud
1110 1684 1173 1719 est
1205 1677 1251 1720 in
1282 1694 1437 1737 pecore

45 1726 182 1771 simile
197 1728 399 1785 hominis,
418 1731 503 1776 hoc
522 1733 564 1777 in
581 1734 760 1780 homine
779 1738 919 1783 simile
936 1744 1116 1800 pecoris.
1138 1748 1300 1792 Verum
1315 1752 1436 1809 quod

45 1796 132 1842 dixi
155 1799 211 1844 ad
234 1809 436 1845 naturam
462 1805 679 1862 pertinere
696 1810 964 1867 nuptiarum,
993 1823 1042 1857 ut
1074 1830 1162 1860 mas
1191 1828 1235 1864 et
1253 1818 1434 1866 foemina
1450 1835 1461 1854 ν’

46 1869 281 1927 generandi
292 1869 529 1933 [societatffl
536 1875 796 1934 jungantur,
823 1889 866 1924 et
901 1881 958 1926 ita
984 1883 1169 1931 invicem
1195 1904 1285 1934 non
1314 1890 1434 1936 frau-

45 1938 174 1995 dent,
196 1941 308 1986 sic'ut
331 1946 472 1988 omnis
491 1946 670 1992 societas
690 1946 1020 1998 fraudulentum
1042 1958 1205 2003 socium
1226 1964 1458 2008 naturali—x

48 2018 110 2054 ter
133 2026 222 2056 uon
246 2012 341 2058 vult
363 2035 373 2071 ;
402 2015 485 2060 hoc
510 2024 596 2060 tam
620 2017 795 2064 evidens
817 2021 984 2067 bouum
1006 2041 1108 2071 cum
1129 2029 1324 2077 infideles
1351 2034 1430 2079 ha-

45 2080 168 2136 bent,
184 2083 284 2143 quia
298 2084 530 2131 infideliter
538 2096 738 2145 utuntur,
761 2091 806 2135 in
820 2092 983 2139 malum
1002 2109 1318 2163 peccatumque
1331 2120 1431 2150 con·

45 2161 235 2198 vertunt.
261 2157 326 2200 Eo
348 2157 478 2202 modo
500 2173 601 2217 ergo
623 2169 666 2204 et
684 2160 800 2206 illam
832 2168 1228 2226 concupiscentiam
1258 2177 1396 2221 carnis
1415 2213 1426 2232 ,

45 2239 130 2284 qua
151 2239 253 2270 caro
268 2229 535 2286 concupiscit
551 2229 756 2301 adversus
778 2235 975 2293 spiritum
994 2273 1005 2292 ,
1021 2229 1080 2297 {in
1105 2257 1230 2287 usum
1249 2246 1429 2305 justitiae
1459 2255 1471 2271 *¹

44 2305 304 2341 convertunt
323 2297 517 2343 fidelium
542 2302 707 2360 nuptiae
724 2305 757 2365 ’.ι
776 2305 947 2351 Habent
963 2309 1127 2368 quippe
1141 2311 1428 2364 intentionem

46 2367 280 2424 generandi
297 2369 631 2427 regenerandos,
647 2381 696 2417 ut
713 2365 789 2433 qui
810 2390 861 2419 ex
886 2377 944 2421 eis
969 2380 1116 2425 saeculi
1136 2383 1213 2428 filii
1240 2401 1429 2433 nascun-

44 2443 116 2481 tur
139 2455 147 2482 :
172 2437 218 2480 in
245 2438 322 2482 Dei
345 2438 455 2485 filios
484 2453 778 2488 renascantur.
817 2449 1092 2509 Quapropter
1124 2454 1199 2512 qui
1227 2471 1316 2502 non
1346 2460 1426 2505 hac

42 2505 283 2552 intentione
295 2543 306 2563 ,
325 2509 407 2554 hac
425 2510 651 2558 voluntate
669 2547 680 2568 ‚
699 2514 781 2560 hoc
801 2517 887 2561 fine
903 2531 1111 2579 generant
1125 2524 1262 2583 filios,
1285 2539 1334 2576 ut
1351 2546 1422 2576 eos

91 2596 102 2612 ¹
124 2590 195 2624 Gal.
216 2603 249 2632 v,
273 2602 323 2634 ¹7-

1151 2662 1212 2701 13.
