1784 3205
304 274 387 312 372
729 286 762 312 s.
799 281 1029 312 mensum
1062 285 1244 313 Er1scor1

302 366 392 394 non
423 358 486 394 est
519 349 573 394 de
608 350 834 409 praeteritis
867 351 978 408 ejus,
1009 350 1083 394 sed
1112 349 1166 395 de
1191 352 1475 410 praesentibus
1510 366 1682 411 prorsus

301 421 491 480 ignoret,
520 430 668 466 utrum
690 436 818 466 venas
841 431 1012 466 moveat
1036 431 1083 466 ut
1104 424 1220 468 vivat
1241 423 1286 467 in
1303 438 1504 483 corpore,
1530 438 1683 468 nervos

301 502 447 536 autem
478 502 528 537 ut
556 493 758 537 membris
785 494 973 551 corporis
1003 503 1206 553 operetur
1233 514 1241 539 ;
1275 504 1318 539 et
1345 495 1377 539 si
1402 495 1461 539 ita
1489 503 1574 549 est,
1607 509 1683 538 cur

300 578 454 607 nervos
480 579 569 608 non
592 572 786 618 moveat,
820 563 899 606 nisi
924 564 1058 622 velit,
1089 565 1239 624 pulsus
1271 575 1416 609 autem
1449 580 1681 620 venarum,

300 634 429 678 etiam
450 635 483 678 si
506 632 637 689 nolit,
662 634 753 677 sine
769 634 1085 679 intermissione
1109 645 1209 695 agat
1230 655 1239 681 2
1264 635 1318 680 de
1335 652 1420 695 qua
1437 645 1558 695 parte
1586 651 1684 681 cor-

298 704 414 763 poris
432 705 596 749 caeteris
612 704 864 750 dominetur
879 739 890 760 ,
916 706 1036 766 quod
1054 716 1237 760 ἡγημωικὸν
1259 716 1439 762 vocant,
1465 716 1614 750 utrum
1631 705 1685 750 de

299 775 453 834 corde,
472 791 527 820 an
543 776 598 821 de
617 780 797 824 cerebro
814 815 825 835 ,
847 795 901 823 an
919 778 1152 838 dispertitis
1169 779 1223 822 de
1242 778 1372 822 corde
1395 778 1584 822 motibus
1600 812 1610 832 ,
1631 776 1686 821 de

300 847 478 891 cerebro
487 849 697 905 sensibus,
714 866 768 894 an
778 850 832 894 de
840 850 1019 894 cerebro
1032 858 1074 893 et
1086 848 1278 893 sensibus
1288 857 1330 893 et
1338 848 1591 893 voluntariis
1600 862 1686 891 mo-

301 916 418 961 tibus
432 918 486 961 de
495 919 626 963 corde
634 929 779 964 autem
789 936 878 965 non
886 919 1141 965 voluntariis
1154 933 1360 964 venarum
1375 918 1586 978 pulsibus,
1602 917 1687 962 etsi

301 985 356 1030 de
368 988 546 1032 cerebro
558 989 631 1033 illa
650 991 738 1034 duo
752 990 871 1047 facit,
889 1006 966 1035 cur
978 990 1135 1035 sentiat
1146 990 1225 1034 etsi
1236 989 1360 1045 nolit,
1377 989 1571 1034 membra
1585 1003 1687 1034 vero

300 1072 388 1101 non
411 1068 583 1104 moveat
600 1061 680 1105 nisi
698 1061 831 1105 velit?
855 1064 967 1107 Cum
988 1063 1117 1119 igitur
1134 1063 1228 1106 haec
1246 1062 1289 1105 in
1306 1076 1486 1120 corpore
1503 1060 1583 1104 nisi
1597 1059 1688 1118 ipsa

299 1142 390 1171 non
414 1128 566 1187 faciat,
596 1147 673 1175 cur
695 1133 832 1177 nescit
851 1133 969 1192 quod
998 1132 1125 1187 facit,
1151 1132 1218 1176 vel
1240 1131 1358 1176 unde
1384 1132 1515 1176 facit?
1539 1133 1626 1177 Nec
1649 1130 1689 1174 ei

300 1206 428 1257 turpe
440 1208 502 1243 est
520 1200 597 1245 ista
615 1203 734 1260 quod
748 1204 907 1262 nescit3
926 1213 969 1248 et
982 1212 1109 1262 turpe
1127 1218 1215 1247 esse
1229 1203 1459 1257 existimas,
1479 1203 1512 1246 si
1527 1202 1687 1246 nesciat

299 1267 417 1312 unde
428 1269 496 1314 vel
505 1272 849 1330 quomodofacta
864 1274 933 1329 sit,
951 1289 1051 1318 cum
1069 1288 1112 1316 se
1128 1273 1220 1332 ipsa
1238 1288 1326 1317 non
1345 1273 1519 1317 fecerit?
1533 1273 1687 1316 Anima

300 1354 402 1384 vero
414 1375 424 1395 ,
448 1340 559 1385 nulli
574 1343 738 1399 sciunt,
757 1346 980 1404 quomodo
998 1345 1108 1400 haec,
1127 1353 1170 1388 et
1184 1343 1302 1388 unde
1318 1353 1415 1402 agat
1429 1344 1474 1387 in
1489 1359 1686 1403 corpore,

298 1409 396 1455 ideo
422 1413 477 1455 ad
498 1412 571 1456 illa
593 1413 745 1459 altiora
767 1431 815 1460 ac
832 1416 1011 1461 tortiora
1031 1415 1077 1459 id
1095 1416 1310 1475 pertinere
1332 1430 1421 1460 non
1438 1417 1589 1475 putas?

357 1483 456 1525 VII.
482 1485 536 1526 At
553 1498 632 1541 ego
651 1484 752 1529 hinc
777 1486 856 1529 tibi
879 1487 1085 1545 majorem
1108 1501 1262 1531 moveo
1283 1486 1584 1546 quaestionem,
1611 1501 1688 1530 cur

298 1552 541 1610 paucissimi
564 1555 764 1599 noverint
786 1555 904 1600 unde
926 1566 1080 1615 agant,
1101 1557 1222 1616 quod
1239 1573 1388 1602 omnes
1409 1566 1557 1616 agunt.
1580 1559 1689 1601 For-

298 1630 407 1666 tasse
440 1621 636 1668 dicturus
658 1640 725 1681 es,
750 1627 860 1679 Quia
888 1626 950 1669 illi
972 1626 1219 1671 didicerunt
1241 1638 1377 1672 artem.
1401 1627 1687 1672 anatomicam

296 1691 367 1735 vel
406 1693 655 1752 empiricam
673 1730 684 1749 ,
737 1712 842 1755 quas
882 1696 1148 1741 medicinalis
1186 1699 1380 1743 continet
1426 1697 1652 1757 disciplina
1674 1732 1684 1752 ,

298 1777 430 1821 quam
454 1765 579 1823 pauci
604 1776 894 1825 assequuntur
916 1787 924 1811 z
947 1768 1091 1812 caeteri
1119 1783 1220 1813 vero
1243 1769 1322 1813 ista
1345 1768 1508 1813 discere
1530 1769 1687 1812 nolue-

298 1844 417 1890 runt,
444 1851 544 1880 cum
565 1840 806 1896 potuissent
825 1839 859 1881 si
883 1840 1034 1899 utique
1056 1838 1310 1884 voluissent.
1339 1840 1421 1884 Ubi
1444 1840 1597 1884 omitto
1618 1840 1687 1884 di-

298 1921 419 1962 cere,
453 1923 531 1951 cur
554 1909 681 1953 multi
709 1919 922 1955 conentur
950 1910 1113 1956 discere
1138 1911 1233 1966 ista,
1264 1927 1344 1956 nec
1368 1912 1557 1971 possint,
1587 1912 1688 1972 quia

297 1978 437 2034 tardo,
458 1981 580 2039 quod
601 1981 792 2026 multum
812 1982 970 2026 mirum
991 1991 1069 2037 est,
1096 1982 1397 2042 impediuntur
1418 1983 1609 2041 ingenio,
1639 1998 1687 2026 ea

298 2047 459 2092 discere
481 2050 536 2093 ab
560 2051 666 2107 aliis,
695 2067 794 2111 quae
817 2062 1007 2111 aguntur
1035 2053 1090 2097 ab
1118 2053 1176 2097 eis
1200 2054 1316 2112 ipsis,
1342 2064 1384 2098 et
1411 2055 1456 2098 in
1487 2054 1544 2097 eis
1567 2052 1683 2112 ipsis.

300 2117 386 2162 Sed
403 2120 496 2163 haec
514 2120 605 2178 ipsa
622 2130 684 2164 est
701 2123 889 2166 maxima
907 2124 1090 2182 quaestio
1108 2157 1118 2178 ,
1139 2140 1216 2167 cur
1234 2134 1324 2168 arte
1345 2140 1435 2170 non
1452 2125 1559 2168 mihi
1579 2139 1687 2183 opus

298 2189 367 2243 sit,
393 2199 442 2234 ut
461 2205 550 2234 esse
572 2191 618 2235 in
640 2191 752 2235 coelo
774 2192 906 2236 sciam
929 2192 1080 2247 solem,
1107 2202 1150 2236 et
1171 2193 1336 2249 lunam,
1362 2204 1405 2238 et
1423 2195 1504 2238 alia
1522 2194 1685 2252 sidera3

299 2269 342 2304 et
370 2270 460 2305 arte
483 2262 590 2305 mihi
614 2278 723 2322 opus
747 2263 816 2319 sit,
850 2273 897 2307 ut
923 2264 1070 2319 sciam,
1096 2263 1273 2323 quando
1297 2264 1480 2325 digitum
1508 2280 1683 2319 moveo,

298 2332 416 2375 unde
436 2333 639 2392 incipiam
657 2369 667 2388 ,
693 2351 716 2378 a
734 2334 865 2379 corde
881 2370 891 2389 ,
914 2351 969 2379 an
984 2352 1007 2379 a
1025 2336 1201 2380 cerebro
1217 2371 1227 2391 ,
1249 2352 1303 2380 an
1322 2337 1376 2381 ab
1395 2348 1583 2398 utroque
1599 2372 1609 2392 ,
1631 2352 1687 2381 an

298 2418 322 2446 a
350 2413 505 2448 neutro
527 2426 537 2461 3
569 2414 611 2449 et
635 2406 811 2450 doctore
836 2422 923 2451 non
951 2422 1096 2464 egeam
1117 2442 1127 2462 ,
1155 2418 1204 2451 ut
1231 2408 1360 2451 sciam
1386 2408 1494 2468 quid
1522 2409 1574 2452 sit
1599 2417 1687 2452 tam

297 2473 426 2531 longe
449 2474 574 2518 altius
600 2490 727 2534 super
749 2492 841 2534 me,
870 2478 925 2520 ab
954 2477 1038 2523 alio
1061 2487 1206 2522 autem
1232 2478 1407 2522 homine
1427 2479 1589 2524 discere
1611 2494 1686 2523 ex-

299 2554 489 2602 pectem,
517 2545 634 2589 unde
657 2556 808 2605 agatur
829 2564 850 2591 a
875 2564 943 2591 me
966 2548 1083 2607 quod
1106 2550 1247 2607 agitur
1270 2550 1314 2592 in
1337 2565 1420 2593 me.
1458 2553 1565 2595 Nam
1584 2564 1683 2594 curn

298 2615 341 2658 in
365 2615 496 2661 corde
518 2615 707 2675 cogitare
730 2616 939 2672 dicamur,
966 2627 1008 2662 et
1030 2619 1150 2678 quod
1172 2619 1425 2677 cogitamus,
1451 2619 1573 2665 nullo
1601 2618 1683 2663 alio
