1804 3205
268 224 431 254 com-M
466 227 572 257 nmis
603 229 733 257 misr.
770 229 998 260 numm.
1036 233 1117 260 mn.
1154 235 1203 261 11.
1349 222 1433 264 459

46 290 194 335 stinxit
210 325 221 345 ‚
247 290 398 335 dicens
421 310 428 336 :
454 311 471 334 κ
494 295 710 345 Quoniam
729 295 802 354 qui
826 297 867 339 in
887 297 1008 341 vobis
1029 313 1138 355 opus
1162 298 1326 343 bonum
1347 316 1433 344 cce-

50 379 71 404 »
98 362 187 421 pit,
227 363 423 420 perficiet
457 379 594 424 usque
623 366 666 408 in
695 365 807 409 diem
847 368 1002 411 Christi
1042 371 1185 413 Jesu'.
1213 388 1233 412 n
1274 373 1354 414 Sed
1389 374 1431 415 in

48 432 280 490 Scripturis
312 433 468 477 sanctis
500 435 616 492 apud
648 437 848 480 eumdem
889 440 1140 496 Apostolum
1160 475 1170 493 ‚
1206 440 1284 484 isto
1317 441 1434 485 unde

44 501 267 562 loquimur
285 538 295 556 ‚
328 504 510 562 amplius
534 506 790 549 invenimus.
825 510 1063 567 Loquimui·
1090 510 1205 552 enim
1238 526 1353 555 nune
1380 511 1434 555 de

43 573 148 618 boni
169 574 436 633 cupiditate,
473 592 603 635 quam
631 578 662 620 si
691 578 843 622 volunt
865 595 885 622 a
912 580 1035 624 nuliis
1064 581 1276 639 incipere,
1305 599 1324 625 a
1356 586 1434 626 Do-

43 645 163 689 mino
184 646 352 704 perlici,
376 646 549 690 vidi—ani
575 647 681 707 quid
703 650 990 707 respondeant
1012 652 1171 695 (licenti
1193 654 1399 711 Apostolo
1421 675 1428 699 :

47 733 67 757 «
92 717 187 759 Non
212 716 313 775 quia
337 716 482 760 idonei
506 733 655 762 sumus
676 721 865 778 cogitare
884 721 1046 782 aliquid
1068 724 1188 782 quasi
1214 740 1261 767 ex
1286 726 1433 768 nobis-

46 804 66 827 »
96 787 315 846 metipsis,
353 789 425 832 sed
461 791 717 834 sullicivnlia
750 802 890 835 nostra
915 810 964 837 ex
1001 797 1085 837 nvo
1115 798 1218 839 (¹81².
1249 814 1267 837 »
1298 799 1430 855 Cogi-

41 867 157 912 tate,
197 860 282 914 ait,
325 859 488 920 aliqziid
509 897 519 912 ,
561 863 713 921 utique
751 864 913 908 bonnm
955 885 962 909 :
1005 867 1148 909 minus
1185 877 1247 911 est
1287 879 1431 913 autom

42 931 233 988 cogitare
256 947 386 990 quam
411 948 585 992 cupere.
612 935 864 992 Cogitamus
885 937 1048 995 quippe
1070 953 1199 981 omne
1221 939 1339 998 quod
1359 956 1433 983 cu·-

40 1004 206 1061 pimus,
233 1017 313 1047 nec
336 1012 481 1047 tamen
505 1005 705 1063 cupimus
725 1021 853 1050 omne
881 1008 1001 1066 quod
1023 1009 1287 1066 cogitamus3
1318 1025 1426 1068 quo-

42 1071 158 1116 niam
199 1088 518 1132 nonnunquam
556 1085 597 1118 et
640 1077 760 1133 quod
801 1091 890 1119 non
937 1078 1137 1134 cupimus
1174 1079 1428 1136 cogitamus.

39 1144 151 1188 Cum
177 1144 309 1202 igitur
328 1145 472 1188 minus
500 1145 553 1188 sit
582 1146 772 1203 cogitare
796 1162 928 1205 quam
946 1163 1130 1206 cupere3
1156 1159 1296 1208 potest
1313 1151 1428 1195 enim

39 1214 173 1258 homo
208 1216 398 1272 cogitare
433 1216 624 1270 bonum,
656 1218 776 1275 quod
809 1218 1003 1261 nondum
1039 1220 1189 1278 eupit3
1221 1229 1262 1263 et
1295 1223 1429 1280 profi-

39 1284 194 1329 ciendo
234 1295 380 1344 postea
414 1302 597 1345 cupere,
634 1286 754 1346 quod
789 1298 913 1331 antea
943 1304 1030 1333 non
1064 1290 1282 1348 cupiendo
1314 1294 1430 1350 cogi-

41 1356 175 1400 tavit:
201 1357 424 1415 quomodo
455 1358 509 1401 ad
532 1357 577 1400 id
604 1358 723 1417 quod
756 1359 900 1403 minus
930 1370 1018 1413 est,
1049 1361 1090 1404 id
1121 1371 1208 1416 est,
1235 1362 1287 1406 ad
1311 1364 1429 1422 eogi-

39 1426 222 1471 tandum
267 1427 433 1486 aliquid
474 1428 578 1473 boni
618 1444 706 1472 non
745 1445 892 1473 sumus
938 1430 1081 1474 idonei
1126 1441 1331 1491 tanquam
1379 1449 1428 1478 ex

37 1497 357 1556 nobismetipsis
375 1533 385 1552 ‚
410 1497 485 1542 sed
505 1499 761 1543 sufficientia
782 1509 926 1544 nostra
949 1516 998 1544 ex
1022 1504 1111 1546 Deo
1134 1512 1217 1559 est3
1248 1513 1290 1546 et
1312 1504 1363 1547 ad
1383 1505 1426 1548 id

37 1568 158 1628 quod
180 1577 243 1612 est
264 1568 449 1627 amplius
464 1604 475 1623 ‚
501 1569 542 1612 id
564 1578 628 1613 est
643 1604 654 1623 ,
677 1569 729 1613 ad
753 1571 1020 1628 cupiendum
1041 1572 1203 1631 aliquid
1220 1573 1321 1639 boni
1340 1575 1429 1617 sine

39 1637 188 1697 divino
220 1640 441 1699 adjutorio
463 1640 609 1684 idonei
637 1655 786 1684 sumus
819 1656 867 1684 ex
891 1642 1030 1686 libero
1054 1643 1257 1687 arbitrio?
1279 1646 1428 1704 Neque

39 1710 154 1754 enim
177 1718 220 1754 et
242 1711 314 1755 hic
336 1710 571 1769 Apostolus
594 1711 652 1755 ait
671 1746 682 1765 ‚
707 1714 805 1756 Non
836 1712 936 1770 quia
970 1711 1114 1756 idonei
1136 1728 1284 1757 sumus
1305 1715 1424 1773 cogi-

36 1790 129 1826 tare
151 1780 272 1841 quod
291 1780 530 1840 perfectum
553 1790 640 1835 est,
665 1790 873 1841 tanquam
893 1798 944 1826 ex
975 1784 1294 1844 nobismetipsis
1316 1804 1323 1829 :
1350 1786 1423 1829 sed

36 1853 248 1911 cogitare,
275 1853 361 1907 ait,
380 1852 570 1912 aliquid3
594 1853 663 1896 cui
689 1854 955 1897 contrarium
977 1864 1041 1898 est
1067 1855 1190 1899 nihil.
1215 1857 1341 1900 Unde
1362 1867 1423 1901 est

36 1922 147 1968 illud
171 1923 344 1968 Domini
363 1942 371 1967 ε
401 1942 421 1965 «
443 1924 542 1968 Sine
565 1939 634 1967 me
657 1924 764 1967 nihil
784 1925 964 1983 potestis
986 1924 1170 1970 facere³.
1197 1945 1215 1967 »

95 1996 217 2038 XIX.
255 1993 339 2039 Sed
364 1994 571 2038 nimirum
588 1995 709 2053 quod
734 1995 948 2054 Scriptum
975 2005 1037 2040 est
1067 2015 1075 2040 :
1105 2015 1123 2037 «
1147 1996 1344 2041 Hominis
1362 2007 1425 2042 est

37 2080 281 2126 praeparare
307 2080 408 2119 cor,
434 2075 477 2109 et
503 2081 526 2109 a
556 2066 742 2110 Domino
775 2067 995 2125 responsio
1023 2066 1214 2124 linguae⁴
1243 2087 1251 2111 :
1280 2086 1299 2108 »
1335 2083 1424 2112 non

37 2136 152 2180 bene
176 2135 463 2193 intelligendo
482 2134 717 2191 falluntur,
740 2145 787 2180 ut
805 2137 1047 2180 existiment
1066 2152 1139 2181 cor
1156 2153 1420 2196 praeparare,

3 2186 121 2252 ³hoc
144 2214 234 2260 est,
270 2205 435 2250 bonum
465 2206 692 2260 inchoare,
723 2207 816 2250 sine
839 2205 1054 2266 adjutorio
1084 2208 1230 2264 gratiae
1263 2208 1337 2250 Dei
1370 2207 1423 2251 ad

35 2276 257 2323 hominem
282 2278 511 2336 pertinere.
542 2277 666 2321 Absit
695 2285 744 2320 ut
771 2277 828 2320 sic
856 2276 1100 2335 intelligant
1128 2276 1204 2321 filii
1238 2279 1421 2336 promis·-

37 2349 167 2394 sionis
192 2383 203 2403 ,
254 2357 463 2407 tanquam
505 2364 604 2393 eum
638 2347 856 2392 audierint
901 2349 1131 2392 Dominum
1171 2347 1386 2393 dicentem·
1411 2370 1419 2394 ε

39 2439 60 2462 «
86 2421 187 2465 Sine
212 2434 282 2464 me
308 2419 419 2463 nihil
441 2421 617 2479 potestis
640 2418 810 2464 facere:
839 2438 859 2460 n
889 2419 1008 2479 quasi
1038 2420 1298 2465 convincant
1319 2437 1420 2466 eum

36 2489 228 2536 dicentes
249 2509 257 2536 :
296 2508 316 2532 «
345 2492 458 2534 Ecce
480 2490 570 2533 sine
592 2498 634 2533 te
660 2505 885 2548 possumus
905 2505 979 2534 cor
1000 2505 1242 2550 praeparare
1264 2510 1272 2535 :
1300 2510 1319 2532 »
1346 2502 1421 2535 aut

86 2584 93 2599 ¹
117 2575 232 2618 Philip.
251 2586 274 2615 ι,
292 2574 325 2607 6.
343 2591 383 2598 —-
401 2581 415 2596 ²
435 2583 454 2607 2
473 2576 546 2607 Cor.
567 2585 616 2615 ui,
637 2574 666 2606 5.
687 2591 727 2596 —
743 2572 756 2596 3
775 2577 865 2606 Joan.
888 2585 944 2615 xv,
963 2575 997 2607 5.
1014 2593 1054 2598 —
1069 2574 1085 2605 4
1102 2577 1195 2607 Prov.
1217 2587 1278 2614 xvi,
1303 2585 1329 2606 1.
