1804 3205
331 223 380 248 ιιι·
415 221 552 250 Λινιινιᾼ
590 224 630 249 ιει
673 224 765 249 mus
800 222 991 258 omumu,
1033 224 1109 248 ιιιι.
1147 225 1171 247 ι.
1363 214 1438 251 301

58 300 275 345 (quorum
300 287 407 330 nihil
430 289 738 332 affirmandum
758 303 847 332 esse
871 288 991 342 (lico,
1016 287 1158 331 donec
1189 287 1446 333 alterutrum

58 357 149 402 siue
168 356 253 402 ulla
277 357 551 403 dubitatione
565 359 814 417 clarescat,)
830 375 918 404 non
937 358 1066 404 datur
1083 357 1350 403 calcantibus
1368 369 1448 403 ter-

60 443 164 482 ram,
181 428 255 472 sed
276 429 419 474 adhuc
444 439 640 475 materno
656 440 776 475 utero
796 430 985 475 inclusis.
1014 428 1140 474 Dedit
1163 444 1267 487 ergo
1290 431 1446 474 uatum

59 499 222 558 populo
240 514 368 559 super
388 509 559 555 terram,
576 511 619 544 et
635 502 832 560 spiritum
854 501 1120 546 calcantibus
1134 515 1245 554 eam,
1268 500 1446 560 quando

58 570 182 614 multi
206 570 333 615 simul
352 571 599 626 credontes,
632 572 760 616 simul
786 571 934 631 repleti
964 581 1065 616 sunt
1089 573 1251 632 Spiritu
1274 582 1439 617 sancto.

59 642 110 684 Et
131 642 219 700 ipse
241 641 314 686 (lat
332 658 429 687 eum
451 643 612 703 populo
635 659 735 698 suo,
761 644 838 687 etsi
862 659 949 687 non
972 643 1101 688 simul
1123 644 1343 698 omnibus,
1369 644 1444 689 sed

56 727 133 756 suo
149 713 307 773 cuique
326 722 518 773 tempore
530 749 540 766 ‚
561 714 701 759 donec
715 714 977 759 discedendo
993 714 1046 758 de
1065 715 1144 759 hac
1164 714 1266 768 vita,
1286 724 1329 759 et
1343 730 1444 759 suc-

54 783 251 828 cedendo
270 784 312 827 in
336 785 448 829 hanc
464 785 622 839 vitam,
644 786 869 830 universus
889 784 1083 846 ejusdem
1116 785 1263 846 populi
1286 801 1443 829 nume-

57 869 127 897 rus
150 854 420 914 compleatur
444 874 452 899 ε
474 864 521 899 ut
544 856 626 900 hoc
649 865 808 900 sanctoe
833 857 1066 916 Scripturae
1089 855 1185 901 loco
1208 871 1297 900 non
1323 855 1442 900 aliud

53 925 106 969 sit
129 926 272 980 ssatus,
298 925 415 970 aliud
432 927 629 987 spiritus13
654 929 727 971 sed
745 928 938 987 ejusdem
968 927 1194 972 sententiae
1226 927 1439 986 repetitio.

55 996 173 1040 Sicut
192 1012 280 1042 non
301 1007 364 1042 est
382 997 489 1042 alius
511 998 587 1057 qui
605 998 771 1042 habitat
794 1000 837 1041 in
853 998 992 1052 eoelis,
1012 1007 1056 1042 et
1077 997 1186 1041 alius
1208 997 1442 1054 Dominus3

53 1082 132 1112 nec
161 1068 280 1113 aliud
303 1079 366 1114 est
399 1070 602 1123 irridere,
635 1078 678 1113 et
708 1068 826 1113 aliud
859 1069 1127 1114 subsannare
1155 1087 1163 1113 :
1193 1068 1267 1112 sed
1290 1067 1443 1112 eadem

51 1140 264 1183 sententia
280 1140 462 1198 repetita
480 1149 565 1194 est,
590 1140 667 1184 ubi
687 1139 861 1198 legitur,
891 1159 910 1182 «
935 1140 1020 1194 Qui
1044 1139 1275 1183 habitatin
1299 1137 1437 1193 coelis,

55 1228 74 1251 »
100 1210 296 1254 irridebit
324 1225 418 1265 eos,
447 1220 490 1255 et
514 1212 722 1256 Dominus
751 1212 1037 1256 subsannabit
1063 1214 1174 1255 eos¹.
1198 1229 1216 1252 »
1240 1209 1319 1254 Vel
1341 1224 1443 1254 cum

53 1280 219 1325 dietum
244 1292 308 1326 est
335 1302 343 1326 ε
368 1302 387 1324 «
414 1283 536 1327 Dabo
560 1283 637 1326 tibi
654 1283 1104 1340 genteshaereditatem
1129 1290 1265 1335 tuam,
1281 1289 1323 1324 et
1342 1296 1442 1339 pos-

57 1370 76 1392 »
106 1353 336 1397 sessionem
369 1362 486 1397 tuam
512 1354 618 1397 fines
649 1357 814 1396 terrae2.
840 1371 858 1393 »
884 1355 980 1398 Non
1011 1353 1163 1411 utique
1186 1351 1305 1395 aliud
1334 1351 1444 1395 dixit

56 1422 370 1478 haereditatem,
397 1424 515 1468 aliud
536 1425 869 1484 possessionem3
894 1440 974 1468 nec
991 1423 1111 1468 aliud
1128 1433 1298 1481 gentes,
1324 1421 1444 1466 aliud

52 1492 156 1537 lines
182 1502 306 1538 terrae
333 1514 340 1538 ε
367 1494 441 1538 sed
465 1496 660 1555 ejusdem
678 1495 904 1538 sententiae
923 1494 1121 1553 repetitio
1138 1502 1215 1537 est.
1241 1497 1294 1537 Et
1310 1494 1442 1536 innu-

51 1564 280 1610 merabiles
308 1566 499 1610 inveniet
532 1564 780 1626 hujusmodi
802 1565 1044 1610 locutiones
1064 1564 1315 1609 divinorum
1339 1563 1444 1608 Elo-

50 1635 271 1694 quiorum,
295 1636 332 1680 si
354 1637 550 1682 advertat
570 1636 692 1696 quod
712 1634 829 1694 legit.

110 1707 230 1751 XIX.
257 1706 387 1760 Quod
414 1717 557 1752 autem
593 1709 770 1751 Graecus
793 1706 899 1750 dicit
923 1715 1027 1752 mai-a.
1051 1706 1134 1750 hoc
1161 1705 1303 1748 Latini
1327 1706 1442 1747 varie

51 1777 322 1838 interpretati
344 1788 441 1823 sunt
456 1814 467 1833 ‚
493 1778 730 1838 aliquando
752 1778 904 1822 flatum
921 1812 932 1832 ‚
958 1776 1194 1836 aliquando
1216 1774 1439 1833 spiritum,

52 1848 288 1908 aliquando
316 1849 657 1908 inspirationem.
685 1851 795 1893 Nam
820 1849 902 1892 hoe
927 1847 1106 1891 verbum
1137 1845 1304 1889 habent
1328 1843 1442 1888 codi-

52 1935 120 1962 ces
151 1920 290 1963 Graeci
320 1920 366 1962 in
400 1919 481 1963 isto
514 1919 769 1978 prophetico
800 1917 1071 1971 testimonio,
1104 1916 1159 1960 de
1200 1931 1289 1976 quo
1324 1930 1443 1958 nunc

53 1990 243 2048 agimus,
278 1991 353 2034 ubi
373 1989 540 2035 dictum
560 1999 647 2047 est,
681 2009 701 2032 «
730 1992 814 2042 Qui
838 1990 912 2033 dat
943 1988 1094 2033 flatum
1118 1986 1284 2047 populo
1313 2000 1442 2045 super

56 2077 77 2101 »
103 2075 198 2104 eam
221 2080 229 2104 ε
255 2079 274 2101 »
300 2062 383 2106 hoe
407 2070 493 2116 est,
513 2070 617 2103 mm.
651 2063 799 2120 Ipsum
833 2059 1017 2103 verbum
1042 2068 1104 2103 est
1133 2067 1176 2102 et
1205 2057 1281 2101 ubi
1309 2057 1441 2101 homo

54 2131 268 2175 animatus
289 2141 367 2176 est.
397 2151 417 2174 «
444 2135 499 2175 Et
521 2131 759 2175 insufflavit
782 2133 894 2174 Deus
917 2129 1133 2174 infaciem
1163 2130 1254 2189 ejus
1286 2127 1440 2170 flatum

56 2220 76 2243 »
102 2203 237 2247 vitae3.
262 2222 281 2244 »
305 2203 390 2249 Sed
406 2204 546 2262 ipsum
563 2202 746 2247 verbum
761 2211 825 2247 est
842 2211 885 2246 et
901 2202 945 2246 in
965 2200 1135 2245 Psalmo
1153 2199 1231 2243 ubi
1246 2198 1441 2243 canitur:

58 2292 77 2315 «
103 2274 252 2318 Omnis
273 2274 448 2334 spiritus
469 2273 618 2318 laudet
644 2273 921 2318 Domi11um⁴.
958 2291 977 2313 »
1006 2275 1151 2331 Ipsum
1176 2278 1239 2313 est
1262 2268 1370 2312 etin
1391 2266 1443 2310 li-

55 2343 135 2388 bro
157 2345 264 2399 Job,
297 2345 373 2388 ubi
402 2346 611 2404 scriptum
636 2353 699 2388 est
725 2363 733 2387 :
773 2362 789 2382 <‹
824 2342 1038 2402 Aspiratio
1061 2349 1208 2385 autem
1229 2339 1444 2398 Omnipo-

62 2434 78 2455 ι)
103 2415 233 2458 tentis
260 2424 324 2460 est
344 2431 443 2475 quae
465 2414 595 2461 docet
610 2418 641 2458 ⁵.
672 2433 691 2455 ι)
718 2413 868 2460 Noluit
890 2412 1032 2457 dicere
1053 2412 1205 2466 ssatus,
1232 2409 1308 2455 sed
1328 2408 1442 2468 aspi-

103 2524 110 2538 ¹
134 2517 363 2560 Ρ531.ιι4.-
379 2526 391 2541 Ξ
413 2519 494 2553 lbid.
514 2522 546 2552 8.
568 2535 604 2542 —
621 2518 635 2541 3
653 2520 732 2551 Gen.
751 2529 785 2560 u,
807 2528 836 2558 7.
853 2534 893 2540 —-
908 2515 924 2545 4
944 2517 1024 2550 Ρεειὶ,
1043 2527 1090 2557 ει,
1110 2518 1141 2547 6,
1159 2531 1200 2538 -
1215 2512 1229 2536 ⁵
1247 2513 1439 2554 Job,xxiu1,

58 2575 95 2614 8,
111 2575 203 2618 juxta
221 2579 317 2609 Lxx,
