1784 3205
330 237 412 274 352
767 243 800 272 s.
837 242 1066 272 Accusavit
1099 244 1275 273 Emscom

327 312 470 356 dicere
492 319 592 355 ante
619 324 793 354 carnem
816 310 927 352 bene
943 309 1120 365 vixisse,
1148 325 1279 369 quam
1303 324 1392 354 non
1424 317 1544 367 potes
1571 317 1710 352 osten-

326 381 429 426 dere
452 380 521 425 vel
542 380 675 425 fuisse
696 378 962 433 PQuomodo
985 394 1088 438 ergo
1110 379 1215 424 dicis
1235 399 1243 425 :
1274 399 1294 422 «
1325 382 1423 425 Non
1440 379 1503 424 vis
1522 379 1709 422 animam

326 468 380 497 cx
402 467 530 497 carne
548 452 714 511 peccati
735 452 989 495 contrahere
1012 450 1322 506 valetudinem,
1349 450 1403 495 ad
1428 466 1558 510 quam
1587 450 1714 494 vicis-

326 523 406 568 sim
430 522 813 568 sanctificationem
846 520 992 566 videas
1024 522 1204 566 transire
1236 537 1313 581 per
1335 535 1508 565 carnem
1526 555 1537 575 ‚
1562 529 1612 564 ut
1640 534 1713 578 per

325 593 462 652 ipsam
485 602 654 652 reparet
676 601 835 636 statum
858 626 868 646 ,
893 606 969 651 per
997 607 1128 652 quam
1151 592 1399 651 perdiderat
1421 592 1623 635 meritum
1645 592 1662 632 ‘2
1690 608 1710 631 »

326 666 431 708 Haec
461 665 665 722 dogmata
684 698 694 718 ‚
719 662 879 723 quibus
910 671 1089 722 putatur
1121 663 1263 706 anima
1295 671 1395 706 ante
1431 676 1604 706 carnem
1637 661 1715 704 ha-

326 732 470 777 buisse
491 733 683 793 aliquem
704 742 862 777 statum
883 733 1050 778 bonum
1070 742 1113 777 et
1131 734 1334 777 meritum
1353 734 1534 786 bonum,
1553 732 1587 776 si
1603 731 1714 776 forte

327 803 464 847 nescis
483 804 669 862 exceptis
692 804 879 863 antiquis
896 803 1123 858 haereticis,
1150 804 1280 847 etiam
1302 803 1515 847 recentius
1532 801 1578 845 in
1600 802 1714 845 Pris-

327 874 564 919 cillianistis
582 876 670 935 jam
694 874 906 919 catholica
927 875 1149 920 damnavit
1171 873 1375 919 Ecclesia.

386 948 442 989 X.
474 946 571 992 Noli
600 945 774 990 credere
795 981 805 1000 ‚
837 962 916 990 nec
947 946 1112 1001 dicere,
1144 961 1222 989 nec
1252 945 1407 990 docere
1429 979 1440 999 ,
1468 964 1484 984 «
1513 943 1714 988 Animam

326 1031 404 1075 per
437 1032 610 1061 carnem
643 1032 840 1075 reparare
873 1017 1175 1061 habitudinem
1211 1018 1393 1076 priscam
1425 1025 1468 1060 et
1491 1031 1566 1074 per
1594 1014 1713 1057 illam

327 1088 508 1142 renasci,
531 1104 607 1146 per
628 1103 760 1148 quam
783 1098 1000 1132 meruerat
1022 1089 1255 1148 inquinari,
1279 1107 1299 1129 »
1325 1089 1359 1132 si
1380 1088 1440 1132 vis
1462 1102 1550 1131 esse
1569 1086 1716 1130 catho-

328 1156 450 1201 licus.
484 1160 539 1201 Ut
561 1159 676 1201 enim
700 1159 896 1202 omittam
920 1159 965 1202 in
988 1173 1038 1203 eo
1060 1158 1178 1218 quod
1202 1159 1342 1202 dixisti
1368 1178 1375 1202 :
1401 1177 1420 1200 «
1440 1157 1596 1202 Merito
1615 1170 1715 1214 ergo

327 1243 405 1287 per
432 1243 605 1273 carnem
628 1263 639 1284 ,
672 1229 854 1288 priscam
894 1239 1064 1288 reparat
1096 1229 1399 1273 habitudinem
1419 1264 1430 1283 ‚
1467 1243 1598 1287 quam
1628 1228 1715 1271 visa

327 1298 470 1343 fuerat
486 1298 703 1358 paulisper
727 1299 914 1342 amisisse
939 1314 1014 1357 per
1033 1314 1223 1353 carnem,
1250 1308 1298 1343 ut
1323 1314 1400 1358 per
1421 1313 1515 1342 eam
1538 1298 1714 1356 incipiat

328 1370 507 1423 renasci,
533 1385 610 1429 per
631 1385 759 1430 quam
784 1378 1000 1414 meruerat
1022 1369 1256 1430 inquinari,
1284 1387 1304 1411 »
1330 1378 1418 1413 tam
1441 1369 1486 1412 in
1518 1369 1713 1428 proximo

328 1449 371 1484 te
388 1442 531 1500 ipsum
546 1441 627 1484 tihi
645 1442 724 1500 ipsi
746 1441 933 1486 extitisse
950 1441 1215 1486 contrarium
1243 1461 1253 1497 3
1275 1450 1325 1485 ut
1342 1442 1472 1485 homo
1492 1440 1568 1499 qui
1585 1438 1715 1499 paulo

328 1520 428 1555 ante
459 1512 625 1556 dixeras
643 1547 653 1566 ‚
682 1513 871 1556 animam
901 1528 978 1571 per
1004 1527 1176 1556 carnem
1212 1526 1410 1571 reparare
1445 1520 1604 1555 statum
1639 1526 1716 1570 per

328 1596 459 1640 quam
493 1582 741 1641 perdiderat
774 1583 976 1626 meritum
999 1618 1009 1637 ,
1034 1584 1111 1626 ubi
1148 1582 1271 1627 nullo
1303 1582 1433 1627 modo
1460 1590 1601 1641 potest
1635 1581 1715 1625 nisi

328 1651 496 1696 bonum
519 1653 723 1696 meritum
746 1652 954 1710 intelligi,
975 1652 1096 1712 quod
1118 1653 1180 1696 vis
1201 1653 1351 1712 utique
1376 1668 1451 1711 per
1477 1667 1648 1696 carnem
1669 1651 1715 1694 in

328 1720 587 1780 baptismate
601 1723 805 1780 reparari,
822 1738 967 1766 rursus
981 1738 1074 1766 eam
1091 1723 1252 1766 diceres
1266 1722 1486 1781 inquinari
1508 1721 1714 1765 meruisse

329 1807 406 1850 per
428 1807 618 1847 carnem,
643 1792 718 1836 ubi
730 1793 819 1851 jam
846 1808 935 1837 non
952 1801 1094 1851 potest
1110 1793 1276 1836 bonum
1298 1792 1373 1836 sed
1395 1792 1560 1835 malum
1582 1792 1713 1835 meri-

329 1870 423 1906 tum
451 1861 633 1920 intelligi
655 1881 663 1907 :
695 1871 745 1906 ut
772 1877 873 1920 ergo
908 1862 953 1906 id
982 1863 1178 1907 omittam
1201 1884 1211 1920 3
1236 1877 1410 1921 prorsus
1434 1860 1500 1905 vel
1528 1862 1710 1914 bonum,

327 1931 397 1976 vel
408 1932 573 1976 malum
589 1932 792 1976 meritum
805 1932 980 1976 credere
992 1932 1193 1977 habuisse
1207 1933 1393 1977 animam
1408 1940 1507 1976 ante
1519 1946 1709 1985 carnem,

327 2003 589 2047 catholicum
608 2018 698 2047 non
712 2012 789 2047 est.

386 2075 467 2116 XI.
488 2073 586 2118 Noli
603 2073 794 2128 credere,
812 2088 892 2117 nec
917 2072 1076 2129 dicere,
1097 2090 1175 2119 nec
1194 2074 1365 2129 docere,
1387 2093 1407 2116 «
1427 2073 1546 2134 quod
1569 2073 1710 2117 anima

327 2143 534 2187 meruerit
551 2158 640 2188 esse
655 2144 870 2202 peccatrix
890 2153 989 2187 ante
1011 2159 1139 2187 omne
1161 2154 1385 2202 peccatum
1399 2179 1409 2199 ‚
1443 2162 1462 2185 »
1494 2144 1527 2187 si
1543 2143 1605 2187 vis
1622 2157 1711 2186 esse

327 2213 580 2258 catholicus.
597 2214 734 2257 Valde
752 2214 867 2257 enim
890 2213 1053 2257 malurn
1072 2214 1274 2257 meritum
1292 2223 1370 2268 est,
1397 2215 1601 2258 meruisse
1618 2213 1710 2256 fieri

325 2284 627 2342 peccatricem.
661 2287 718 2329 Et
740 2285 891 2344 utique
913 2294 1000 2329 tam
1028 2285 1191 2328 malum
1210 2286 1412 2328 meritum
1435 2284 1558 2328 nullo
1578 2283 1710 2327 modo

325 2353 485 2398 habere
502 2355 645 2413 potuit
667 2363 766 2399 ante
788 2370 917 2399 omne
930 2364 1173 2413 peccatum,
1199 2356 1433 2413 praesertim
1458 2355 1708 2413 priusquam

325 2425 493 2468 veniret
517 2426 561 2469 in
590 2440 764 2469 carnem
783 2460 794 2481 ‚
819 2427 995 2485 quando
1021 2427 1224 2470 meritum
1259 2441 1338 2469 nec
1368 2425 1531 2469 malum
1566 2426 1708 2483 potuit

326 2494 503 2550 habere,
523 2510 603 2549 nec
616 2496 798 2539 bonum.
812 2496 1043 2549 Quomodo
1061 2496 1194 2555 igitur
1211 2495 1337 2540 dicis:
1359 2496 1545 2539 «Anima
1563 2495 1707 2554 itaque

325 2567 360 2611 si
390 2567 605 2626 peccatrix
633 2582 722 2612 esse
744 2568 928 2623 meruit,
954 2583 1053 2627 quae
1077 2567 1289 2626 peccatrix
1312 2582 1400 2611 esse
1421 2581 1509 2611 non
1538 2566 1702 2624 potuit,
