1784 3205
299 202 378 238 122
732 214 764 239 s.
800 212 1029 239 AUGUSTINt
1061 213 1242 240 Emscom

290 279 500 338 justitiam
535 293 584 321 ex
608 280 739 323 Deo¹.
775 281 960 322 Tantum
990 278 1123 337 igitur
1150 279 1261 322 inter
1294 278 1432 338 legem
1465 279 1594 324 distat
1633 290 1677 325 et

297 350 501 408 gratiam,
526 360 575 393 ut
601 366 698 394 cum
728 350 791 394 1οΧ
823 365 910 405 csse
936 366 1023 393 non
1048 350 1275 394 dubitetur
1304 365 1353 394 ex
1382 353 1488 404 Deo,
1509 351 1675 409 justitia

298 431 439 465 tamen
462 437 560 480 quae
591 437 639 464 ex
666 421 760 479 lege
779 429 841 464 est
857 455 867 474 ,
896 436 984 464 11011
1011 421 1063 465 sit
1085 436 1134 465 ex
1162 424 1275 478 Deo,
1300 421 1374 464 sed
1393 421 1558 480 justitia
1576 437 1676 481 quae

295 507 371 551 per
394 494 572 549 gratiam
595 500 941 545 consummatur,
973 506 1024 534 ex
1050 495 1152 535 Deo.
1180 492 1287 544 Quia
1314 506 1362 534 ex
1391 490 1486 550 lege
1513 492 1676 551 justitia

294 564 474 618 dicitur,
499 579 597 623 quae
620 564 671 607 sit
695 571 871 622 propter
890 562 992 621 legis
1008 563 1288 607 maledictum
1308 562 1493 622 :justitia
1513 578 1563 607 ex
1587 566 1677 607 Deo

294 634 468 688 dicitur,
494 650 594 694 quae
626 634 755 678 datur
778 650 852 694 per
871 635 1015 692 gratiae
1029 635 1312 692 beneficium,
1338 644 1386 678 ut
1408 650 1497 679 non
1520 635 1574 679 sit
1591 632 1677 678 ter'-

293 704 438 758 ribile,
472 705 546 748 sed
581 720 711 748 suave
748 706 1032 758 mandatum,
1069 706 1180 749 sicut
1211 714 1360 749 oratur
1393 705 1438 748 in
1479 704 1673 759 Psalmo,

296 794 312 813 «
343 775 491 819 Suavis
509 790 568 829 es,
589 776 787 831 Domine,
813 785 854 820 et
875 777 919 819 111
942 785 1017 820 tua
1033 776 1243 820 suavitate
1257 775 1364 820 doce
1382 776 1677 835 mejustitiam

295 864 314 885 1)
342 849 490 889 111111112
518 865 526 890 :
551 864 570 886 »
592 846 635 890 id
659 856 741 897 est,
768 856 817 890 ut
840 862 925 891 non
949 846 1182 890 formidine
1210 862 1355 905 poenae
1372 846 1583 891 serviliter
1604 862 1679 891 co-

295 930 368 973 gar
390 931 479 960 esse
507 917 588 960 sub
621 917 738 975 lege,
768 917 841 961 sed
864 917 998 961 libera
1022 918 1232 962 charitate
1249 917 1439 961 delecter
1467 932 1554 961 esse
1575 932 1677 961 cum

294 986 403 1045 lege.
434 990 703 1046 Praeceptum
729 989 891 1048 quippe
912 989 1022 1033 liber
1046 988 1175 1042 facit,
1207 989 1283 1048 qui
1310 988 1450 1032 libens
1479 987 1596 1033 facit.
1623 991 1680 1032 Et

293 1057 374 1101 1100
392 1057 523 1102 modo
538 1058 732 1119 quisquis
751 1058 892 1114 discit,
913 1059 1000 1118 agit
1016 1059 1198 1104 omnino
1220 1058 1437 1118 quidquid
1458 1057 1678 1117 agendum

293 1127 506 1171 didicerit.

352 1201 446 1242 XV.
476 1202 536 1242 De
554 1199 635 1243 isto
653 1200 839 1244 docendi
861 1200 992 1245 modo
1014 1201 1143 1244 etiam
1167 1201 1376 1245 Dominus
1393 1201 1480 1244 ait3
1499 1219 1508 1244 :
1533 1218 1552 1242 «
1572 1201 1680 1243 Om-

297 1290 313 1310 »
342 1270 406 1312 nis
428 1271 504 1328 qui
529 1271 694 1315 audivit
711 1287 733 1315 a
752 1276 878 1316 Patre
901 1287 998 1316 meo
1023 1282 1065 1316 et
1088 1271 1262 1324 didicit,
1293 1272 1413 1316 venit
1434 1271 1489 1316 ad
1507 1287 1577 1315 me
1594 1273 1624 1315 ⁴.
1654 1289 1674 1313 »

291 1340 376 1393 Qui
394 1356 497 1400 ergo
515 1357 603 1386 non
626 1343 818 1397 venerit,
852 1358 940 1386 11011
968 1342 1022 1385 de
1048 1342 1123 1386 1110
1146 1352 1261 1386 recte
1287 1341 1446 1387 dicitur
1473 1342 1680 1387 :Audivit

291 1411 468 1469 quidem
503 1422 545 1456 et
567 1412 718 1457 didicit
753 1414 834 1457 sibi
868 1429 956 1457 esse
986 1414 1278 1467 veniendum,
1312 1413 1388 1458 sed
1420 1412 1562 1458 facere
1590 1428 1681 1458 non

292 1482 387 1526 vult
409 1482 530 1542 quod
559 1482 727 1527 didicit.
763 1487 941 1528 Prorsus
970 1500 1058 1529 non
1080 1493 1195 1528 recte
1218 1485 1379 1528 dicitur
1405 1484 1460 1528 de
1490 1485 1573 1529 isto
1600 1483 1681 1528 do-

291 1552 417 1597 cendi
435 1553 588 1608 modo,
607 1570 696 1614 quo
721 1570 797 1614 per
822 1555 1001 1613 gratiam
1026 1555 1155 1599 docet
1175 1558 1303 1599 Deus.
1331 1556 1372 1599 Si
1395 1556 1511 1599 enim
1528 1590 1539 1611 ,
1570 1555 1680 1600 sicut

299 1625 461 1669 Veritas
483 1624 679 1685 loquitur
697 1646 704 1671 :
723 1628 874 1671 Omnis
897 1628 972 1687 qui
996 1627 1171 1681 didicit,
1197 1627 1317 1671 venit
1338 1645 1347 1672 ι
1372 1627 1568 1687 quisquis
1590 1642 1679 1671 non

292 1698 431 1751 venit,
460 1697 656 1756 protecto
695 1713 774 1742 nec
811 1698 972 1742 dicicit.
1005 1700 1109 1752 Quis
1150 1708 1296 1742 autem
1328 1714 1417 1742 non
1441 1697 1610 1753 videat,
1637 1707 1680 1743 et

292 1768 438 1811 venire
460 1783 726 1828 quemquam
749 1779 792 1813 et
809 1785 897 1813 non
921 1770 1068 1814 venire
1096 1769 1275 1814 arbitrio
1303 1769 1565 1814 voluntatis?
1595 1768 1681 1814 Sed

292 1838 375 1882 hoc
398 1839 623 1883 arbitrium
648 1849 787 1899 potest
811 1855 900 1884 esse
928 1840 1091 1896 solum,
1125 1841 1158 1884 si
1188 1856 1276 1886 non
1298 1841 1417 1886 venit
1443 1860 1451 1886 :
1482 1855 1574 1885 non
1600 1855 1680 1884 au-

292 1919 378 1953 tem
398 1919 539 1968 potest
563 1911 643 1954 nisi
667 1910 866 1971 adjutum
895 1927 1006 1966 esse,
1032 1912 1065 1955 si
1085 1913 1227 1970 venit,
1253 1913 1372 1956 etsie
1389 1912 1610 1972 adjutum,
1631 1921 1681 1956 ut

295 1996 381 2024 11011
400 1980 539 2024 solum
559 1982 666 2040 quid
686 1980 931 2026 faciendum
950 1983 1003 2027 sit
1020 1984 1146 2037 sciat,
1164 1984 1239 2027 sed
1256 1982 1374 2044 quod
1393 1984 1536 2028 scierit
1549 1983 1680 2028 etiam

295 2050 436 2094 faciat.
474 2054 535 2095 Ac
571 2066 647 2109 per
677 2053 781 2106 hoc,
816 2052 994 2112 quando
1023 2056 1134 2096 Deus
1168 2053 1318 2110 docet,
1352 2070 1441 2100 non
1470 2069 1547 2115 per
1574 2055 1680 2115 legis

297 2120 505 2175 litteram,
548 2123 622 2165 sed
652 2137 729 2181 per
759 2123 942 2181 Spiritus
973 2123 1177 2182 gratiam,
1207 2123 1266 2168 ita
1297 2124 1447 2180 docet,
1477 2129 1527 2170 u't
1560 2128 1679 2187 qnod

295 2193 478 2251 quisque
510 2192 733 2247 didicerit,
761 2209 850 2237 non
882 2203 1051 2238 tantum
1079 2198 1382 2253 cognoscendo
1404 2196 1571 2253 videat,
1604 2199 1679 2244 sed

295 2264 422 2306 etiam
458 2262 644 2307 volendo
668 2273 865 2322 appetat,
899 2265 1155 2324 agendoque
1178 2266 1387 2324 perficiat.
1416 2270 1473 2311 Et
1499 2269 1581 2313 isto
1609 2268 1679 2313 di-

294 2335 396 2377 vino
420 2333 606 2377 docendi
632 2335 763 2379 modo
791 2336 920 2379 etiam
948 2336 1038 2395 ipsa
1067 2337 1267 2381 voluntas
1290 2338 1674 2399 etipsaroperatio,

295 2419 382 2448 non
400 2403 488 2448 sola
505 2404 681 2448 volendi
702 2415 745 2449 et
766 2406 974 2465 operandi
996 2407 1203 2452 naturalis
1225 2409 1483 2467 possibilitas
1502 2410 1681 2471 adjuva-

349 2505 620 2547 =Phi1ip.111‚9.
633 2523 673 2529 --
692 2514 702 2528 2
735 2507 813 2538 Psal.
845 2518 950 2549 cxviii,
970 2508 1023 2541 68
1041 2526 1081 2532 —-
1104 2507 1116 2532 3
1138 2509 1216 2541 vide
1247 2510 1301 2542 lib
1330 2511 1370 2542 de
1400 2512 1680 2545 Pnaedestinatione

299 2564 443 2593 sanctor.
464 2572 536 2602 cap.
558 2562 589 2592 8.
605 2578 636 2584 —-
658 2561 781 2593 ’1.10311.
814 2562 933 2604 11941.
1671 2568 1682 2577 *
