1784 3205
300 219 379 254 100
737 223 771 251 s.
808 221 1037 250 Moesum
1074 221 1249 248 ammom

352 291 467 334 LIX.
481 287 666 332 Proinde
683 288 811 332 istum
824 287 1003 340 librum,
1021 286 1066 328 in
1084 294 1171 329 tam
1186 283 1304 342 gravi
1318 290 1360 326 et
1378 282 1531 340 grandi
1548 297 1676 326 causa

292 376 382 405 non
402 359 562 405 frustra
579 358 757 403 tortasse
772 356 988 418 prolixum
1009 391 1020 412 ,
1041 357 1098 400 ob
1120 356 1203 399 hoc
1219 354 1273 398 ad
1293 363 1413 397 tuam
1434 353 1676 397 veneratio-

288 445 390 475 nem
411 430 599 474 scribere
621 428 769 483 volui,
794 436 844 472 ut
865 427 898 472 si
922 427 1008 470 tuis
1030 426 1226 471 sensibus
1251 439 1340 468 non
1376 421 1673 481 displicuerit,

287 501 543 546 auctoritate
564 500 708 559 potius
732 508 833 554 tua,
854 513 953 558 quae
970 497 1100 556 longe
1123 497 1259 555 major
1280 503 1343 538 est
1363 508 1496 553 quam
1518 502 1676 538 nostrae

286 572 530 631 exiguitatis
560 570 773 615 industria
794 604 805 625 ,
830 569 990 630 quibus
1021 567 1310 612 necessarium
1340 564 1672 618 existimaverit,

283 642 540 696 innotescat,
561 639 617 684 ad
631 654 782 685 eorum
798 639 1010 684 vanitates
1031 638 1419 695 contentionesque
1432 634 1675 694 opprimen-

286 712 378 766 das,
396 713 472 771 qui
488 720 645 770 putant
660 710 861 755 absoluto
872 709 1061 767 Pelagio,
1072 707 1293 768 judicibus
1310 705 1520 765 episcopis
1538 705 1675 748 orien-

283 781 441 825 talibus
462 780 536 825 illa
554 781 757 839 dogmata
776 779 1003 838 placuisse,
1024 794 1124 838 quae
1147 777 1375 821 adversum
1399 775 1676 819 christianam

280 853 429 907 fidem,
441 861 485 896 et
495 852 570 896 Dei
582 851 762 909 gratiam
778 866 862 911 qua
872 864 1080 895 vocamur
1092 857 1135 892 et
1140 848 1445 908 justificamur,
1461 845 1675 903 pernicio-

283 923 445 968 sissime
482 922 746 982 pullulentia
770 957 782 978 ,
810 921 1041 966 christiana
1086 935 1255 979 semper
1280 919 1439 963 veritas
1468 918 1671 972 damnat,

279 1003 323 1038 et
344 994 526 1038 istorum
555 994 684 1038 etiam
719 992 1054 1052 quatuordecim
1085 992 1386 1050 episcoporum
1419 990 1675 1033 auctoritate

276 1064 513 1119 damnavit,
538 1079 638 1124 quae
658 1062 788 1107 simul
810 1072 852 1107 et
871 1062 1110 1119 Pelagium,
1136 1061 1216 1105 nisi
1239 1060 1293 1104 ab
1314 1058 1390 1104 illo
1413 1068 1673 1104 essentana-

276 1136 582 1190 thematizata,
612 1135 872 1179 damnasset.
898 1137 1023 1180 Nunc
1051 1135 1139 1192 jam
1158 1168 1173 1188 ,
1207 1132 1415 1192 quoniam
1451 1130 1674 1174 reddimus

274 1206 440 1249 homini
466 1220 616 1249 curam
645 1205 847 1249 fraternae
875 1204 1095 1249 charitatis
1112 1238 1123 1257 ,
1154 1212 1197 1247 et
1224 1202 1279 1246 de
1301 1201 1377 1246 illo
1406 1217 1454 1246 ac
1483 1217 1562 1261 pro
1596 1200 1673 1245 illo

275 1285 466 1319 nostram
497 1274 837 1320 sollicitudinem
869 1274 1055 1318 fideliter
1094 1274 1385 1332 prompsimus
1405 1308 1415 1327 ,
1449 1271 1673 1317 videamus

274 1345 498 1405 quomodo
514 1345 705 1390 breviter
721 1344 855 1405 possit
880 1344 1061 1398 adverti,
1087 1344 1216 1387 etiam
1239 1342 1331 1397 illo,
1353 1342 1473 1402 quod
1487 1342 1669 1397 clarum,

274 1416 394 1474 apud
410 1405 607 1460 'homines
624 1416 841 1473 absoluto,
856 1415 1054 1458 haeresim
1068 1423 1213 1458 tamen
1235 1413 1374 1472 ipsam
1389 1411 1537 1457 divino
1549 1413 1671 1472 judi—

273 1486 339 1530 cio
351 1500 520 1545 semper
541 1485 856 1540 damnabilem,
877 1485 1005 1529 etiarn
1022 1483 1188 1543 judicio
1210 1482 1541 1542 quatuordecim
1557 1483 1670 1542 epis-

271 1570 484 1615 coporum
507 1556 783 1600 orientalium
805 1570 894 1600 esse
917 1554 1183 1599 damnatam.

330 1628 423 1670 LX.
450 1628 554 1670 Haec
579 1636 643 1671 est
663 1625 779 1670 illius
790 1626 945 1686 judicii
967 1634 1185 1684 postrema
1210 1625 1442 1669 sententia.
1466 1624 1671 1682 Synodus

270 1695 378 1739 dixit
399 1711 408 1737 :
436 1715 456 1738 «
480 1699 606 1741 Nunc
625 1698 834 1756 quoniam
857 1696 1127 1740 satisfactum
1155 1704 1218 1739 est
1243 1696 1369 1740 nobis
1395 1697 1669 1755 prosecutio-

267 1767 401 1814 nibus
416 1768 639 1825 praesentis
656 1767 818 1824 Pelagii
838 1767 1056 1821 monachi,
1072 1765 1148 1825 qui
1167 1765 1346 1826 quidem
1369 1767 1448 1825 piis
1462 1767 1669 1812 doctrinis

269 1839 517 1891 consentit,
542 1839 758 1881 contraria
775 1853 877 1882 vero
906 1837 1111 1881 Ecclesiae
1135 1836 1236 1880 fidei
1263 1838 1465 1895 reprobat
1493 1847 1536 1882 et
1559 1854 1665 1882 ana—

264 1907 534 1961 thematizat,
560 1907 880 1951 communionis
902 1907 1202 1951 ecclesiasticae
1222 1922 1322 1950 eum
1344 1922 1432 1950 esse
1455 1918 1497 1952 et
1514 1909 1666 1952 catho-

267 1964 363 2020 licae
384 1978 688 2021 confitemur.»
715 1981 811 2021 Duo
841 1978 1043 2036 quaedam
1063 1978 1162 2020 satis
1180 1977 1405 2035 perspicua
1423 1977 1477 2022 de
1494 1978 1664 2036 Pelagio

267 2048 486 2091 monacho
516 2048 652 2091 sancti
683 2048 870 2106 episcopi
891 2047 1059 2107 judices
1081 2063 1170 2090 suae
1199 2048 1424 2091 sententiae
1448 2049 1660 2094 brevitate

268 2116 483 2174 complexi
505 2125 607 2160 sunt
629 2136 637 2161 :
657 2132 797 2160 unum
821 2116 999 2176 quidem
1022 2136 1041 2158 «
1068 2116 1147 2174 piis
1165 2131 1265 2159 eum
1287 2119 1530 2162 consentire
1549 2120 1657 2165 doc-

259 2186 389 2230 trinis
409 2221 420 2240 ,
457 2204 477 2227 »
511 2186 695 2230 alterum
726 2196 900 2242 autem,
930 2206 950 2229 «
985 2186 1188 2231 Ecclesiae
1220 2188 1320 2230 fidei
1355 2189 1586 2247 reprobare
1615 2201 1657 2236 et

266 2258 630 2302 anathematizare
670 2259 899 2302 contraria.
932 2277 951 2300 »
980 2257 1176 2316 Pelagius
1215 2268 1394 2318 propter
1431 2262 1524 2306 haec
1567 2262 1656 2308 duo

267 2329 619 2373 »communionis
635 2328 936 2374 ecclesiasticae
953 2338 996 2373 et
1012 2328 1237 2374 catholicae
1252 2332 1558 2388 pronuntiatus
1572 2343 1649 2378 est.

257 2396 431 2450 Quibus
465 2414 566 2457 ergo
600 2399 741 2444 verbis
776 2401 866 2459 ejus
897 2400 1070 2445 interim
1089 2435 1100 2455 ,
1129 2410 1344 2460 quantum
1375 2403 1572 2448 homines
1605 2405 1650 2448 in

261 2469 488 2526 praesentia
522 2469 576 2512 de
610 2469 842 2513 manifestis
875 2470 1071 2530 judicare
1107 2481 1345 2530 potuerunt
1365 2508 1375 2527 ,
1410 2483 1646 2533 utrumque

255 2537 484 2593 claruerit,
511 2541 656 2584 omnia
682 2540 870 2584 breviter
895 2542 1224 2600 recapitulando
1243 2543 1478 2589 videamus.
1503 2548 1553 2589 In
1576 2546 1641 2590 his
