1784 3205
337 248 418 286 260
789 255 820 280 s.
861 249 1086 277 Aucusrim
1121 246 1302 272 Et‘lscom

338 344 359 367 »
380 339 508 369 carne
531 338 625 367 mea
650 321 813 365 bonum
830 320 838 343 ¹
857 338 868 375 3
891 335 909 357 »
930 330 1060 374 quam
1088 313 1187 356 huic
1211 311 1284 370 qui
1308 308 1412 352 dicit
1432 308 1512 351 hoc
1535 306 1718 357 honum,

335 395 455 440 unde
490 394 523 438 si
557 391 871 442 confunditur,
903 385 1136 431 confitetur
1167 381 1359 438 malum3
1390 379 1423 422 si
1459 386 1604 421 autem
1634 389 1722 417 non

307 457 310 459 ⁵
338 464 654 518 confunditur,
681 461 801 505 addit
832 456 1172 518 impudentiam⁷
1206 453 1329 512 pejus
1358 449 1521 492 malum
1536 450 1568 488 ².
1592 449 1724 488 Rectc

336 538 470 596 igitur
502 534 689 585 diximus
716 552 724 576 z
756 551 774 573 α
807 534 871 574 Ita
904 528 1158 587 nuptiarum
1190 524 1357 568 bonum
1387 520 1500 564 malo
1522 515 1723 576 originali

336 606 456 667 quod
479 604 580 649 inde
613 604 799 648 trahitur
822 616 909 644 non
940 607 1080 658 potest
1105 593 1323 647 accusari,
1350 592 1461 635 sicut
1489 587 1726 632 adulterio-

336 693 435 723 rum
459 676 621 720 malum
646 676 763 719 bono
793 669 980 716 naturali
1005 667 1124 729 quod
1146 666 1248 709 inde
1267 662 1455 708 nascitur
1475 675 1562 704 non
1586 666 1727 718 potest

337 748 529 793 excusari
554 765 562 791 :
592 765 612 787 >2
638 745 846 805 quoniam
872 751 1026 785 natura
1044 741 1347 795 humanaquae
1370 732 1560 777 nascitur
1582 728 1651 773 vel
1674 727 1727 771 de

338 818 539 879 conjugio
554 853 564 873 ,
588 816 659 861 vel
678 816 731 860 de
754 813 992 866 adulterio,
1025 810 1099 853 Dci
1126 823 1234 867 opus
1257 807 1360 849 cst³.
1389 805 1496 855 Quae
1510 802 1543 844 si
1564 798 1726 844 malum

338 899 470 945 esset,
501 903 590 933 non
618 895 726 931 esset
749 882 1018 943 generanda·⁷
1040 881 1073 924 si
1102 878 1264 923 malum
1296 891 1385 919 non
1415 874 1613 925 haberet,
1640 884 1728 913 non

341 969 450 1005 essct
465 955 758 1017 regeneranda
785 974 793 999 ε
821 964 952 1013 atque
974 961 1023 995 ut
1051 952 1105 994 ad
1128 963 1265 993 unum
1289 946 1469 990 verbum
1494 952 1729 1000 utrumque

341 1028 601 1076 concludam
615 1063 626 1084 ‚
644 1037 798 1071 natura
817 1026 1007 1068 humana
1024 1022 1056 1065 si
1077 1020 1239 1064 malum
1261 1026 1370 1062 essct
1384 1051 1394 1071 ,
1416 1013 1620 1058 salvanda
1641 1025 1729 1054 non

342 1109 474 1157 esset3
494 1100 528 1144 si
551 1099 589 1142 ei
610 1094 836 1141 malinihil
852 1095 1022 1146 inesset,
1044 1089 1245 1135 salvanda
1270 1103 1357 1131 uon
1382 1094 1504 1129 esset.
1524 1082 1607 1136 Qui
1630 1096 1732 1139 ergo

327 1170 448 1232 ‘dicit
475 1184 569 1213 eam
598 1168 763 1212 bonum
786 1181 875 1209 non
898 1179 1011 1217 esse,
1035 1162 1198 1206 bonum
1214 1169 1339 1216 negat
1360 1156 1548 1200 conditae
1564 1161 1732 1197 creato-

342 1254 458 1283 rem:
476 1238 668 1298 quivero
686 1244 816 1294 negat
833 1235 870 1277 ei
888 1233 1049 1277 malum
1072 1226 1554 1283 inesse,miscricordem
1572 1224 1733 1267 vitiatae

342 1310 510 1355 invidet
526 1309 799 1353 salvatorem.
822 1308 1096 1362 Quapropter
1119 1302 1163 1344 in
1190 1298 1438 1343 hominibus
1457 1294 1734 1338 nascentibus

343 1396 487 1440 neque
515 1377 760 1424 excusanda
782 1384 883 1419 sunt
906 1372 1118 1417 adulteria
1141 1386 1217 1430 per
1248 1370 1411 1412 bonum
1435 1364 1555 1425 quod
1582 1363 1682 1407 inde
1712 1379 1733 1406 a

344 1452 569 1497 conditore
595 1451 710 1493 bono
734 1455 925 1490 creatum
950 1453 1013 1487 est
1031 1478 1040 1496 ‚
1067 1458 1147 1485 nec
1171 1437 1410 1484 accusanda
1434 1436 1634 1495 conjugia
1658 1448 1736 1493 per

346 1522 510 1566 malum
534 1519 729 1580 quodibi
746 1534 768 1561 a
784 1515 1060 1560 misericorde
1078 1516 1288 1557 salvatore
1306 1507 1545 1553 sanandum
1566 1515 1642 1549 cst.

404 1593 633 1635 XXXVII.
665 1587 908 1639 «Ostende,
934 1586 1094 1644 inquit,
1121 1584 1210 1626 sine
1232 1579 1541 1625 commixtione
1566 1575 1738 1634 nuptias

347 1661 605 1722 corporales.
647 1679 666 1701 »
700 1661 797 1704 Non
831 1656 1013 1702 ostendo
1047 1670 1127 1712 ego
1162 1653 1335 1711 nuptias
1371 1647 1616 1708 corporales
1649 1646 1737 1689 sine

347 1732 655 1779 commixtione
682 1749 691 1774 ε
711 1729 786 1773 sed
810 1743 890 1771 nec
912 1727 1003 1785 ipse
1021 1724 1210 1769 ostendit
1233 1721 1428 1766 eamdem
1461 1717 1734 1763 commixtio-

347 1819 448 1849 nem
473 1803 563 1847 sine
581 1799 852 1846 confusione.
874 1801 923 1841 In
943 1795 1160 1855 paradisso
1181 1809 1232 1837 au
1242 1803 1326 1835 tem
1345 1791 1378 1834 si
1400 1798 1626 1848 peccatum
1647 1801 1735 1829 non

346 1873 651 1936 praecessisset,
677 1886 765 1914 non
788 1877 897 1912 essct
914 1867 1090 1926 quidem
1109 1865 1200 1908 sine
1225 1863 1449 1921 utriusque
1472 1875 1594 1903 sexus
1614 1873 1734 1902 com-

348 1946 555 1990 mixtione
578 1942 820 2002 gcnemtio,
845 1938 922 1983 sed
944 1945 1053 1980 esset
1079 1935 1168 1979 sine
1190 1932 1447 1978 confusione
1469 1929 1731 1975 commixtio.

348 2019 472 2061 Esset
493 2016 656 2075 quippe
671 2013 717 2056 in
732 2010 931 2055 coeundo
952 2006 1186 2065 tranquilla
1209 2004 1505 2048 membrorum
1526 1999 1736 2045 obedien-—

350 2087 426 2148 tia,
458 2101 549 2130 non
573 2082 781 2143 pudenda
823 2079 962 2124 carnis
995 2076 1362 2134 concupiscentia,
1408 2072 1593 2117 Proinde
1633 2085 1738 2114 con-

346 2156 518 2217 jugium
555 2155 723 2198 bonum
759 2160 848 2204 est,
892 2147 1008 2192 unde
1048 2145 1246 2190 ordinate
1279 2145 1513 2188 seminatus
1552 2141 1739 2185 nascitur

350 2226 512 2281 hon103
536 2232 580 2268 et
608 2224 776 2267 fructus
801 2218 991 2278 conjugii
1015 2217 1178 2268 boum,
1215 2213 1334 2274 quod
1369 2223 1431 2256 est
1458 2213 1548 2271 ipse
1581 2211 1655 2270 qui
1678 2211 1737 2253 ita

352 2297 544 2341 nascitur
569 2295 702 2339 homo
730 2311 738 2336 ι
765 2290 838 2336 sed
862 2298 1086 2349 peccatum
1115 2285 1276 2330 malum
1303 2295 1388 2333 est„
1414 2299 1514 2328 cum
1537 2298 1624 2342 quo
1647 2297 1737 2325 nas-

353 2367 466 2411 citur
484 2365 624 2410 omnis
648 2365 794 2407 homo.
826 2364 939 2404 Deus
963 2358 1126 2417 quippe
1160 2354 1260 2399 fecit
1287 2364 1330 2397 et
1356 2353 1457 2397 facit
1482 2352 1703 2396 hominem
1727 2369 1735 2394 ;

355 2435 430 2481 sed
453 2450 528 2494 per
550 2448 688 2479 unum
712 2432 931 2476 hominem
960 2436 1188 2488 peccatum
1216 2425 1393 2469 intravit
1427 2425 1470 2466 in
1498 2421 1735 2475 mundum,

405 2558 412 2574 ¹
436 2553 526 2589 Rom.
546 2560 602 2589 vu,
627 2548 674 2580 18.
694 2564 731 2570 ·-‹
750 2554 761 2569 2
784 2546 862 2578 Vide
883 2544 938 2576 lib.
962 2556 993 2575 11¹.
1013 2546 1108 2585 Opcr.
1129 2541 1254 2578 imperf.
1275 2550 1345 2581 cap.
1370 2538 1440 2579 143.
1461 2555 1497 2561 ”-
1518 2536 1529 2560 3
1556 2536 1638 2568 lbid.
1665 2545 1737 2577 cap.

361 2606 419 2648 144
441 2611 474 2638 et
495 2605 567 2639 188.
