1804 3205
317 238 368 266 οε
403 239 539 268 mma
574 240 626 268 ET
658 239 756 267 mus
787 238 982 276 ORIGINE,
1019 239 1102 266 Lm.
1143 241 1188 265 11.
1369 228 1453 267 335

58 315 202 350 reatur
224 306 382 358 homo,
416 314 569 350 contra
608 306 698 364 ejus
734 304 996 350 sententiam
1037 319 1060 348 a
1094 319 1183 363 quo
1219 303 1360 348 factus
1392 314 1456 349 cst

57 377 203 422 homo.
238 378 416 421 Intonat
445 391 521 435 per
546 391 592 420 os
627 375 789 434 proprii
814 374 1008 434 corporis
1029 375 1184 418 veritas
1208 393 1216 418 :
1251 393 1268 414 «
1293 375 1335 418 Si
1358 375 1455 433 quis

59 465 80 489 n
105 462 194 492 non
219 445 352 490 fuerit
379 455 554 490 renatus
578 462 630 490 ex
659 461 769 505 aqua
795 455 838 490 et
869 446 1060 505 Spiritu,
1098 459 1187 489 non
1223 453 1364 504 potest
1390 445 1456 489 in-

60 535 81 560 »
105 518 236 562 troire
265 518 310 562 in
345 531 528 576 regnum
568 517 684 560 Dei¹.
718 535 736 557 »
771 520 917 576 Atque
950 525 1000 560 ut
1035 515 1090 559 ab
1126 515 1207 559 hac
1242 515 1456 560 sententia

57 597 256 647 exceptos
302 596 511 644 martyres
554 586 684 633 faciat
703 621 714 641 ,
753 588 915 646 quibus
954 586 1186 644 contigerit
1224 595 1326 631 ante
1377 601 1456 645 pro

56 658 216 705 Christi
230 659 408 704 nomine
423 658 578 711 occidi,
599 673 732 718 quam
747 658 908 702 Christi
927 658 1183 717 baptismate
1200 656 1332 713 dilui,
1352 656 1458 702 dicit

56 729 142 774 alio
160 730 274 784 loco,
304 748 323 772 «
344 730 430 784 Qui
449 728 688 789 perdiderit
715 729 903 773 animam
925 745 1048 774 suam
1067 738 1244 789 propter
1269 744 1361 783 me,
1386 729 1455 773 in-

59 818 80 842 »
104 801 252 846 veniet
273 816 369 846 eam
385 805 417 844 ².
445 820 465 843 »
491 804 548 846 Et
570 816 626 845 ne
649 801 855 860 cuiquam
887 801 964 861 qui
992 816 1081 846 non
1117 809 1291 844 renatus
1323 798 1456 844 fuerit

55 872 301 917 christianae
341 871 442 916 fidei
472 872 644 917 lavacro
662 907 672 925 ,
720 873 1000 930 promittatur
1036 871 1201 931 peccati
1238 870 1456 928 originalis

55 942 259 997 abolitio,
284 944 443 989 clamat
465 942 722 1003 Apostolus,
750 946 829 986 Per
851 943 982 987 unius
1010 942 1218 986 delictum
1242 942 1287 984 in
1307 956 1458 985 omnes

57 1031 78 1056 »
103 1015 302 1060 homines
332 1015 386 1060 ad
427 1015 842 1060 condemnationem
869 1015 900 1056 ³.
937 1031 957 1055 »
997 1015 1159 1058 Contra
1186 1027 1319 1071 quam
1348 1026 1455 1056 con-

53 1084 379 1131 demnationem
403 1086 615 1130 Dominus
637 1100 776 1129 unum
802 1098 894 1128 esse
909 1082 1143 1128 ostendens
1165 1081 1315 1127 salutis
1338 1082 1456 1126 auxi-

52 1155 214 1202 lium:«
230 1157 311 1210 Qui
333 1155 582 1211 crediderit,
608 1156 774 1216 inquit,
798 1165 841 1200 et
864 1156 1109 1215 baptizatus
1134 1154 1281 1208 fuerit,
1308 1154 1453 1199 salvus

56 1245 78 1269 »
102 1227 206 1285 erit3
228 1228 305 1288 qui
326 1243 431 1273 vero
454 1243 543 1272 non
561 1227 811 1281 crediderit,
839 1226 1250 1271 condemnabitur⁴.
1276 1243 1296 1267 »
1318 1226 1454 1285 Cujus

52 1299 309 1356 mysterium
337 1297 608 1344 credulitatis
642 1298 686 1342 in
710 1297 902 1357 parvulis
926 1312 1003 1356 per
1023 1312 1173 1342 eorum
1205 1295 1453 1355 responsio-

53 1383 156 1412 nem
178 1384 202 1413 a
224 1369 384 1429 quibus
409 1378 635 1427 gestantur
649 1403 661 1423 ,
685 1368 893 1427 impletur
909 1389 920 1426 3
938 1383 993 1412 ne
1011 1368 1044 1412 si
1067 1366 1234 1412 factum
1250 1382 1336 1412 non
1355 1366 1453 1411 fue-

52 1439 134 1493 rit,
160 1449 262 1484 eant
296 1455 347 1483 ex
375 1455 463 1484 uno
487 1454 638 1484 omnes
670 1440 717 1482 in
749 1438 1179 1484 condemnationem.
1219 1441 1275 1482 Et
1307 1447 1452 1482 tamen

52 1518 204 1554 contra
225 1518 313 1554 tam
335 1509 584 1554 manifestas
605 1524 754 1564 voces,
781 1525 888 1569 quas
911 1509 1104 1554 concinit
1125 1509 1282 1553 veritas
1304 1523 1451 1567 proce-

53 1579 118 1624 dit
139 1581 183 1624 in
207 1580 401 1625 medium
433 1582 570 1639 magis
592 1595 741 1626 vecors
766 1595 899 1640 quam
926 1580 1168 1625 misericors
1195 1579 1383 1634 vanitas,
1410 1588 1454 1623 et

53 1649 182 1706 dicit,
206 1653 305 1696 Non
327 1651 470 1697 solum
494 1667 582 1697 non
597 1661 704 1696 eunt
722 1652 768 1696 in
785 1650 1113 1696 damnationem
1132 1650 1331 1710 parvuli,
1357 1659 1401 1694 et
1419 1649 1452 1694 si

51 1721 226 1767 nullum
247 1738 320 1768 eos
346 1723 591 1769 christianae
614 1723 716 1768 fidei
739 1722 965 1767 lavacrum
986 1738 1009 1766 a
1032 1721 1210 1767 vinculo
1232 1719 1450 1779 originalis

53 1794 220 1852 peccati
237 1793 458 1850 absolvat·⁸
474 1809 627 1839 verum
645 1794 774 1838 etiam
797 1792 1005 1838 felicitate
1022 1792 1208 1852 paradisi
1227 1801 1324 1851 post
1338 1807 1453 1837 mor·

54 1872 143 1908 tem
165 1864 338 1908 interim
361 1864 666 1924 perfruuntur,
692 1873 790 1923 post
814 1864 1177 1908 resurrectionem
1198 1877 1302 1907 vero
1321 1862 1452 1906 etiam

56 1935 178 1994 regni
198 1935 414 1980 coelorum
446 1935 701 1980 felicitatem
722 1934 1023 1994 possidebunt.
1061 1936 1166 1979 Haec
1193 1934 1273 1978 iste
1299 1942 1452 1978 contra

55 2007 313 2052 catholicam
328 2006 676 2052 fundatissimam
695 2007 826 2051 fidem
850 2005 1068 2066 numquid
1090 2004 1234 2051 dicere
1252 2005 1447 2060 auderet,

54 2077 89 2121 si
103 2078 390 2137 quaestionem
409 2076 660 2122 solvendam
680 2076 736 2121 de
760 2077 919 2121 animae
946 2077 1112 2135 origine
1133 2076 1243 2120 vires
1260 2090 1358 2120 suas
1375 2091 1451 2119 ex-

56 2149 286 2194 cedentem
307 2150 524 2208 suscipere
544 2164 634 2193 non
653 2148 862 2192 auderet?

117 2221 282 2264 XVIII.
308 2218 547 2264 Horrendis
568 2228 631 2262 est
659 2218 776 2262 enim
799 2226 1042 2263 coarctatus
1067 2218 1276 2275 angustiis
1303 2216 1359 2260 ab
1392 2216 1451 2260 eis

56 2289 135 2349 qui
156 2289 325 2345 dicunt,
355 2309 372 2330 α
399 2292 490 2335 Cur
512 2293 626 2334 Deus
655 2288 847 2333 animam
875 2297 964 2332 tam
986 2288 1148 2347 injusta
1174 2285 1451 2332 animadver—

58 2360 178 2404 sione
205 2361 458 2416 mulctavit,
482 2370 532 2405 ut
563 2360 609 2404 in
632 2374 789 2418 corpus
821 2373 917 2402 eam
952 2358 1117 2417 peccati
1147 2357 1338 2415 relegare
1368 2373 1449 2404 vo·

58 2429 215 2488 luerit,
246 2447 344 2477 cum
371 2432 590 2477 consortio
620 2431 758 2475 carnis
788 2430 1004 2489 peccatrix
1025 2444 1115 2474 esse
1142 2429 1323 2488 incipit,
1349 2446 1449 2490 quae

60 2502 282 2561 peccatrix
302 2517 392 2548 esse
419 2519 509 2548 non
539 2502 718 2562 potuit?
743 2519 761 2543 »
790 2500 950 2561 Utique
972 2501 1086 2544 enim
1107 2500 1284 2556 dicunt,
1306 2519 1325 2542 «
1351 2503 1448 2546 Non

112 2593 121 2609 ¹
137 2588 228 2619 Joan.
247 2598 297 2629 m,
316 2587 347 2619 5.
364 2604 405 2610 -
420 2593 432 2609 ²
451 2586 565 2620 Matth.
581 2596 616 2625 x,
637 2586 690 2628 39·
705 2602 746 2609 —
762 2583 775 2609 3
794 2587 886 2620 Rom.
906 2596 940 2627 v,
965 2585 1017 2618 18.
1037 2583 1104 2615 -4
1121 2587 1222 2619 Marc.
1244 2595 1311 2623 xvi,
1335 2584 1384 2617 16.
