1784 3205
323 223 406 262 326
759 232 790 257 s.
828 230 1054 258 AUGUSTINJ
1090 227 1268 257 131³1scoi>1

322 314 453 359 quam
483 297 713 341 audieratis
734 294 894 340 audite.
931 295 1044 338 Ecce
1065 293 1146 338 isto
1176 292 1384 348 docente,
1410 307 1500 337 non
1527 292 1702 336 aliunde

323 368 443 429 quod
466 368 612 427 aliquo
635 367 765 411 modo
793 374 880 420 est,
906 379 985 409 nec
1007 379 1058 407 ex
1084 379 1135 408 eo
1157 364 1276 424 quod
1309 364 1487 408 omnino
1509 378 1599 408 non
1621 371 1700 420 est,

324 443 437 484 Deus
460 438 614 482 flatum
633 445 772 493 creat,
788 434 863 479 sed
884 450 935 478 ex
956 449 1007 478 eo
1024 434 1144 494 quod
1165 434 1253 493 ipse
1271 443 1354 488 est,
1369 448 1470 477 cum
1487 434 1541 477 sit
1556 433 1702 477 incor-

321 518 509 571 poreus,
545 523 700 566 corpus
722 506 882 551 sufflat.
909 507 1117 550 Naturam
1150 520 1252 564 ergo
1287 519 1434 558 suam,
1472 512 1704 562 antequam

320 589 515 625 mutetur
531 580 575 622 in
608 577 771 637 peccati
802 590 981 635 corpore
1002 610 1013 630 ,
1051 576 1141 634 ipse
1179 583 1322 618 mutat
1354 573 1400 617 in
1432 588 1603 632 corpus.
1637 576 1705 617 An

321 650 443 704 dicit,
469 649 589 708 quod
611 663 661 692 ex
678 662 753 691 sua
770 654 924 692 natura
945 661 1033 690 non
1056 654 1197 688 mutat
1217 643 1378 703 aliquid
1397 678 1408 698 ,
1432 658 1531 687 cum
1552 643 1705 686 flatum

320 719 437 763 facit.
460 721 555 764 Non
578 734 681 776 ergo
713 732 811 761 eum
833 716 888 760 de
908 731 951 761 se
974 716 1066 775 ipso
1087 714 1193 759 facit
1215 734 1224 759 ε
1249 729 1339 759 11011
1369 714 1484 757 0111111
1508 711 1627 757 aliud
1644 722 1707 757 est

321 790 433 849 ipse,
462 788 580 832 aliud
601 797 754 832 natura
778 788 885 846 ejus.
912 787 1018 840 Quis
1046 786 1130 830 1100
1154 785 1448 829 insanissimus
1470 784 1709 843 opinetur?

322 859 447 913 Quod
471 861 503 902 si
523 859 648 913 dicit,
667 860 726 902 ita
749 861 887 902 Deum
911 856 965 901 de
996 871 1073 900 sua
1095 864 1250 899 natura
1277 853 1417 898 facere
1447 854 1601 898 flatum
1622 887 1633 907 ,
1661 862 1708 897 ut

320 932 409 989 ipse
431 931 595 987 integer
617 937 789 973 maneat
814 947 822 972 z
854 942 945 972 non
982 926 1085 970 inde
1108 926 1293 986 quaestio
1325 934 1388 968 est
1414 943 1423 968 ι
1457 923 1532 968 sed
1561 932 1709 967 utrum

322 1000 441 1060 quod
465 1016 552 1045 non
576 999 765 1053 aliunde,
787 1012 867 1042 nec
889 996 943 1040 de
966 996 1120 1051 nihilo,
1149 995 1222 1039 sed
1247 995 1301 1039 de
1321 993 1396 1039 illo
1418 1003 1497 1049 est,
1519 1009 1606 1038 non
1628 994 1711 1037 hoe

323 1071 377 1114 sit
399 1072 517 1129 quod
537 1070 633 1124 ille,
658 1068 705 1112 id
727 1077 806 1122 est,
831 1066 1025 1127 ejusdem
1048 1077 1215 1110 naturae
1239 1074 1281 1108 et
1305 1064 1515 1108 essentiae.
1538 1066 1646 1109 Nam
1671 1071 1713 1106 et

326 1140 436 1184 Filio
466 1142 609 1197 genito
641 1140 807 1196 integer
836 1146 982 1180 manet
1008 1158 1018 1194 3
1053 1135 1128 1180 sed
1160 1136 1263 1195 quia
1295 1150 1394 1178 eum
1420 1134 1567 1193 genuit
1592 1133 1646 1176 de
1668 1148 1713 1177 se

324 1211 415 1268 ipso
434 1245 444 1264 ,
472 1226 560 1253 non
589 1209 706 1252 aliud
730 1208 878 1266 genuit
908 1222 1040 1265 quam
1068 1206 1111 1249 id
1147 1205 1266 1264 quod
1299 1205 1389 1263 ipse
1418 1214 1496 1248 est.
1522 1207 1714 1262 Excepto

326 1281 440 1323 0111111
453 1280 573 1339 quod
587 1279 809 1323 hominem
822 1276 1067 1335 assumpsit,
1079 1284 1120 1318 et
1130 1275 1324 1318 Verbum
1338 1289 1436 1318 caro
1453 1273 1618 1318 factum
1633 1283 1711 1328 est,

329 1349 436 1393 alius
458 1359 521 1393 est
546 1348 722 1409 quidem
745 1347 937 1390 Verbum
964 1346 1041 1389 Dei
1066 1344 1198 1388 Filius
1215 1379 1226 1399 ,
1262 1344 1338 1388 sed
1359 1359 1448 1388 non
1470 1353 1534 1388 est
1565 1342 1684 1387 aliud
1705 1362 1714 1388 :

329 1421 413 1464 1100
436 1430 513 1475 θεῖ,
535 1420 615 1463 alia
637 1434 817 1478 persona
843 1426 920 1471 est,
939 1416 1013 1461 sed
1032 1431 1120 1460 non
1138 1416 1305 1459 diversa
1329 1424 1500 1459 natura.
1522 1417 1579 1458 Et
1600 1413 1719 1458 unde

330 1492 429 1545 hoc,
450 1491 531 1534 nisi
555 1490 656 1549 quia
679 1504 767 1533 non
782 1497 949 1532 creatus
965 1502 1017 1530 ex
1038 1486 1139 1541 alio,
1158 1486 1226 1530 vel
1249 1501 1299 1529 ex
1319 1485 1472 1540 nihilo,
1496 1485 1572 1529 sed
1594 1493 1719 1529 natus

328 1575 379 1604 ex
400 1561 493 1619 ipso
517 1569 581 1604 est
606 1581 617 1617 3
648 1574 738 1603 non
766 1567 815 1601 ut
838 1557 989 1600 melior
1021 1571 1155 1615 quam
1176 1565 1267 1599 erat
1298 1565 1424 1612 esset,
1448 1555 1523 1599 sed
1541 1555 1720 1599 omnino

331 1641 381 1675 ut
402 1640 509 1675 esset
529 1666 539 1685 ,
560 1640 603 1674 et
626 1628 743 1690 quod
762 1638 826 1672 est
846 1628 940 1682 ille,
966 1626 1086 1670 unde
1108 1636 1234 1671 natus
1257 1637 1348 1684 est,
1372 1637 1504 1681 esset,
1527 1628 1608 1671 hoc
1630 1635 1709 1681 est,

332 1702 460 1744 unius
478 1699 760 1759 ejusdemque
782 1707 966 1750 naturae,
980 1695 1174 1756 aequalis,
1187 1706 1443 1751 coaeternus,
1458 1697 1575 1740 omni
1590 1695 1721 1740 modo

333 1770 480 1814 similis
500 1805 510 1825 ‚
543 1769 703 1829 pariter
730 1765 1014 1812 immutabilis
1035 1801 1046 1821 ,
1079 1767 1237 1824 pariter
1270 1766 1493 1810 invisibilis
1516 1800 1527 1819 ,
1559 1766 1718 1824 pariter

334 1842 617 1900 incorporeus
639 1875 649 1894 ,
673 1840 834 1899 pariter
857 1841 968 1882 Deus
987 1857 998 1894 3
1030 1837 1113 1880 1100
1137 1837 1317 1880 0111111110
1335 1835 1454 1896 quod
1472 1839 1614 1890 Pater,
1640 1835 1721 1879 nisi

329 1912 450 1971 quod
470 1910 604 1955 Filius
626 1919 690 1954 est
706 1911 814 1969 ipse,
835 1924 921 1953 11011
946 1911 1071 1952 Pater
1092 1909 1109 1951 Ξ)
1133 1908 1176 1952 Si
1200 1915 1347 1951 autem
1375 1915 1520 1950 manet
1541 1905 1720 1966 quidem

331 1983 421 2041 ipse
439 1983 606 2040 integer
625 1985 755 2036 Deus,
780 1995 860 2024 11θο
889 1989 1032 2023 tamen
1051 1979 1105 2022 de
1122 1976 1262 2032 nullo,
1283 1977 1352 2022 vel
1374 1977 1428 2021 de
1444 1977 1544 2032 alio,
1571 1975 1647 2020 sed
1669 1976 1723 2020 de

331 2067 376 2096 se
393 2053 485 2109 ipso
503 2051 721 2094 diversum
739 2048 905 2109 aliquid
921 2050 967 2092 in
981 2048 1171 2092 deterius
1189 2056 1321 2102 creat,
1341 2056 1384 2091 et
1398 2047 1453 2091 de
1467 2047 1723 2105 incorporeo

335 2124 425 2166 Deo
446 2137 602 2180 corpus
617 2130 811 2170 emanat;
835 2119 945 2163 absit
962 2127 1011 2162 ut
1027 2119 1109 2162 hoc
1124 2118 1362 2162 catholicus
1385 2118 1552 2162 animus
1573 2117 1692 2163 bibat
1711 2136 1720 2161 :

331 2208 421 2237 non
438 2192 554 2235 enim
572 2200 635 2235 est
656 2191 872 2234 fluentum
895 2188 1026 2233 fontis
1042 2187 1194 2242 divini,
1210 2186 1284 2231 sed
1305 2187 1562 2245 figmentum
1584 2185 1725 2232 cordis

329 2263 524 2307 humani.

388 2335 444 2375 X.
463 2335 560 2376 Jam
576 2345 682 2376 vero
702 2344 836 2391 quam
850 2330 996 2387 inepte
1009 2328 1193 2381 laboret,
1213 2327 1419 2382 animam,
1445 2341 1578 2386 quam
1598 2334 1726 2385 putat

330 2417 420 2445 esse
445 2416 714 2458 corpoream,
741 2399 963 2444 vindicare
984 2414 1007 2442 a
1032 2397 1298 2457 passionibus
1319 2397 1510 2457 corporis
1537 2431 1548 2451 ,
1573 2395 1724 2455 dispu-

334 2481 430 2515 tans
446 2471 500 2514 de
518 2472 673 2514 animae
700 2469 883 2514 infantia
897 2504 908 2522 ,
932 2468 986 2512 de
1009 2467 1256 2527 paralyticis
1280 2476 1323 2510 et
1343 2467 1553 2525 oppressis
1570 2466 1725 2510 animae

332 2541 553 2593 sensibuS,
589 2540 643 2583 de
677 2539 909 2596 amputatis
935 2538 1142 2582 membris
1172 2537 1362 2595 corporis
1380 2537 1545 2595 absque
1567 2536 1723 2579 animae
