1804 3205
295 243 346 269 uz
380 244 548 270 NUPTHS
582 244 632 269 m·
664 242 1033 279 CONeUPmCEN'rlA,
1070 243 1152 269 Lm.
1192 245 1238 270 ir.
1376 233 1462 272 249

0 311 15 342 t
74 325 163 354 ram
186 328 194 354 :
215 310 314 369 quia
337 324 487 354 omnes
509 310 591 353 sub
614 319 790 368 peccato
815 310 1043 363 nascimur,
1067 318 1110 353 et
1133 324 1208 367 per
1231 325 1367 354 unum
1391 327 1462 357 so-

76 380 180 434 lum,
206 381 281 440 qui
303 381 392 424 sine
415 390 591 440 peccato
615 389 741 424 natus
764 390 827 424 est
846 416 856 435 ‚
884 380 1133 424 liberamur.

131 452 268 494 XXV.
299 471 319 493 «
351 454 430 496 [sta
451 487 461 506 ,
490 452 652 511 inquit,
681 467 912 511 corporum
939 451 1192 497 commixtio
1210 485 1221 506 ,
1253 466 1354 496 cum
1387 467 1460 496 ca-

71 521 174 575 lore,
201 537 301 565 cum
324 524 565 582 voluptate,
591 538 690 566 cum
719 524 898 578 semine,
928 539 951 567 a
975 525 1064 567 Deo
1078 522 1208 577 facta,
1229 532 1272 567 et
1289 538 1368 582 pro
1383 539 1462 569 suo

68 592 198 637 modo
229 593 455 638 laudabilis
487 594 769 653 approbatur,
808 610 907 654 quae
937 594 1172 654 aliquando
1202 596 1333 639 ctiam
1367 610 1459 639 am·-

68 662 188 722 plum
218 664 406 708 ellicitur
432 679 590 708 munus
620 665 804 724 piorum.
838 684 856 706 »
886 665 1026 720 Dixit,
1056 685 1075 707 «
1107 681 1206 710 cum
1238 665 1404 721 calore3
1437 686 1457 708 »

67 734 200 788 dixit,
237 753 257 776 «
280 750 380 778 cum
418 735 674 794 voluptate,
701 758 717 776 »
755 736 888 790 dixit,
928 755 946 778 «
967 751 1067 780 cum
1091 736 1254 780 semine
1282 756 1291 782 ι
1319 755 1338 778 »
1372 751 1461 781 non

70 814 213 849 tamen
240 804 383 850 dicere
412 822 540 850 ausus
568 817 660 861 est,
689 822 786 851 cum
816 806 996 852 libidine
1021 827 1029 852 :
1056 822 1207 866 quare,
1246 807 1326 851 nisi
1358 810 1459 868 quia

69 876 293 920 nominare
316 877 546 932 erubescit,
570 893 701 938 quam
725 876 900 922 laudare
923 893 1011 922 non
1034 878 1282 923 erubescit?
1300 881 1462 923 Munus

68 957 211 992 autem
234 950 401 1008 piorum
423 951 674 1009 propagatio
693 959 756 994 est
777 949 966 993 secunda
986 949 1199 1004 filiorum,
1224 965 1313 993 non
1338 965 1460 993 com-

66 1019 201 1063 motio
225 1019 431 1079 pudenda
456 1021 753 1064 membrorum
772 1035 930 1080 :quam
952 1035 1039 1064 non
1063 1020 1242 1064 haberet
1263 1021 1309 1064 in
1332 1035 1461 1079 gene-

67 1090 210 1134 randis
234 1090 508 1154 filiis[natura
540 1106 658 1147 sana,
692 1106 810 1135 nunc
839 1099 985 1135 autem
1014 1091 1148 1135 habet
1176 1106 1270 1135 eam
1304 1099 1461 1136 natura

64 1155 238 1223 vitiata]
260 1166 321 1207 Ac
349 1178 426 1222 per
453 1164 535 1208 hoc
559 1172 601 1207 et
625 1164 700 1223 qui
721 1163 824 1206 inde
859 1164 1051 1207 nascitur
1075 1163 1243 1222 indiget
1276 1163 1457 1220 renasci,

64 1242 113 1277 ut
134 1233 187 1277 sit
209 1224 456 1278 membrum
483 1235 660 1291 Christi;
693 1244 735 1278 et
766 1234 821 1278 de
857 1249 946 1294 quo
971 1235 1178 1288 nascitur,
1209 1234 1242 1276 si
1265 1235 1356 1293 jam
1390 1249 1460 1277 re-

64 1313 190 1348 natus
218 1315 295 1359 cst,
328 1305 495 1364 indiget
518 1304 693 1349 liberari
722 1305 777 1349 ab
807 1320 873 1358 ea,
903 1320 1001 1364 quae
1031 1306 1075 1349 in
1101 1319 1281 1363 corpore
1310 1304 1460 1348 mortis

65 1375 193 1434 liujus
210 1384 271 1418 est
291 1375 385 1435 lege
411 1377 588 1433 peccati.
612 1379 719 1429 Quae
737 1391 838 1420 cum
861 1376 919 1420 ita
942 1377 1044 1431 sint,
1066 1376 1288 1436 quomodo
1309 1375 1458 1435 adjune

63 1445 123 1502 git
151 1455 195 1489 et
225 1445 350 1491 dicit:
373 1466 392 1488 «
413 1448 669 1491 Confitearis
692 1462 794 1505 ergo
816 1461 989 1490 necesse
1008 1456 1087 1501 est,
1109 1446 1318 1505 originale
1340 1448 1461 1507 quod

65 1516 267 1570 finxeras,
304 1517 512 1561 interiisse
542 1519 795 1576 peccatum?
822 1536 840 1558 »
874 1519 971 1561 Non
1006 1533 1086 1575 ego
1117 1518 1220 1560 finxi
1251 1517 1461 1575 originale

62 1595 306 1645 peecatum,
329 1587 450 1647 quod
470 1587 682 1632 catholica
710 1587 817 1632 fides
839 1588 979 1632 credit
1001 1587 1273 1647 ιηῑίφιίῑυεε
1297 1587 1372 1632 sed
1392 1597 1457 1641 tu,

62 1657 138 1716 qui
162 1657 243 1701 hoc
266 1671 412 1715 negas,
439 1658 530 1702 sine
555 1657 692 1703 dubio
719 1674 762 1701 es
788 1673 926 1725 novus
957 1659 1203 1703 haeretieus.
1241 1659 1332 1702 Sub
1370 1658 1462 1703 dia-

63 1727 165 1771 bolo
187 1737 330 1772 autem
355 1738 456 1772 sunt
470 1729 669 1789 ,judicio
695 1717 795 1783 Dei,
821 1744 972 1773 omnes
993 1743 1095 1773 cum
1118 1737 1297 1788 peccato
1324 1743 1459 1786 gene-

63 1800 158 1853 rati,
190 1800 224 1843 si
249 1815 337 1844 non
360 1799 520 1844 fuerint
548 1802 591 1843 in
615 1801 787 1845 Christo
809 1801 1071 1859 regenerati.

123 1870 283 1913 XXVI.
320 1869 404 1914 Sed
429 1871 530 1929 quia
548 1868 603 1913 de
621 1870 842 1914 Abraham
862 1869 1129 1930 loquebatur
1147 1879 1190 1914 et
1210 1872 1310 1915 Sara
1323 1905 1334 1924 ‚
1351 1870 1460 1914 sub-

57 1939 204 2000 junxit
232 1949 364 2000 atque
391 1940 449 1984 ait
472 1959 480 1985 :
504 1959 523 1982 «
546 1940 674 1993 Quod
702 1940 734 1983 si
768 1938 939 1994 dixeris,
978 1955 1079 1984 usus
1108 1941 1152 1984 in
1184 1940 1243 1984 eis
1265 1940 1456 1998 vigebat,

65 2019 107 2054 et
131 2008 264 2055 foetus
291 2026 379 2055 non
402 2019 507 2055 erat.
536 2009 844 2069 Respondebo,
870 2026 1000 2071 quem
1024 2009 1224 2055 conditor
1245 2012 1456 2071 promisit,

64 2081 264 2126 conditor
285 2081 422 2137 dedit,
449 2097 537 2127 non
565 2081 843 2136 concubitus,
869 2082 943 2126 sed
971 2082 1044 2126 Dei
1065 2097 1174 2141 opus
1196 2092 1258 2127 est
1273 2083 1349 2142 qui
1366 2097 1460 2126 nas-

64 2153 202 2198 citur:
227 2153 344 2206 «Qui
365 2154 484 2197 enim
506 2153 694 2212 primum
720 2152 940 2197 hominem
963 2151 1066 2197 fecit
1087 2168 1137 2196 ex
1160 2153 1340 2212 pulvere
1362 2169 1459 2198 om-

64 2238 140 2267 nes
166 2222 403 2268 fabricatur
430 2239 481 2267 ex
511 2225 690 2268 semine.
721 2243 738 2264 υ
776 2224 893 2268 Sicut
920 2239 1023 2282 ergo
1056 2234 1162 2268 tunc
1193 2223 1350 2278 limus,
1383 2223 1491 2284 qui‘

65 2304 310 2354 assumptus
332 2303 396 2339 est
417 2296 615 2350 materia,
635 2310 722 2339 non
741 2303 894 2339 auctor
914 2295 1101 2339 hominis
1124 2293 1209 2339 fuit
1229 2315 1237 2340 ε
1259 2296 1318 2339 ita
1341 2311 1460 2340 nunc

66 2364 129 2409 vis
145 2364 216 2408 illa
231 2365 466 2424 voluptatis
481 2365 717 2410 confectrix
735 2365 1096 2425 commixtrixque
1113 2365 1346 2421 seminum,
1369 2382 1459 2410 non

10 2455 18 2460 ’
67 2434 209 2493 explet
239 2437 500 2494 operationis
530 2437 691 2493 vicem,
723 2436 796 2480 sed
826 2435 880 2480 de
906 2437 1119 2480 thesauris
1143 2446 1311 2481 naturae
1329 2438 1460 2482 offert

67 2508 173 2560 Deo,
204 2505 323 2551 unde
349 2506 422 2552 ille
450 2508 673 2552 hominem
699 2507 905 2566 dignetur
932 2508 1115 2567 operari.
1145 2526 1164 2548 n
1190 2510 1293 2552 erc
1315 2508 1456 2553 omnia

118 2597 127 2612 ¹
148 2592 228 2624 Gen.
251 2602 285 2632 n,
308 2602 338 2632 7.
