1804 3205
321 221 373 247 οε
407 220 543 247 Amin
580 221 630 247 m*
666 221 760 247 Esus
794 220 988 257 officim-2,
1025 220 1106 246 Lin.
1147 222 1210 246 ιιι.
1384 210 1461 248 351

72 284 183 338 hilo,
208 283 284 328 sed
302 283 358 329 de
381 300 458 330 sua
480 294 634 330 natura
658 285 809 330 fecerit
834 285 1023 329 animam
1043 288 1175 340 Deus,
1201 304 1219 326 »
1246 286 1279 329 si
1298 286 1357 329 vis
1378 301 1467 330 esse

70 354 332 401 catholicus.

131 429 250 471 VIII.
273 426 369 473 Noli
390 428 568 472 credere
586 462 596 482 ‚
617 443 698 472 nec
721 428 887 480 dicere,
910 442 990 472 nec
1005 426 1161 472 docere
1181 461 1193 482 ,
1217 446 1237 469 «
1264 430 1344 471 Per
1367 429 1467 472 inst-

70 498 212 542 nitum
237 507 425 559 tempus,
451 509 583 560 atque
606 501 663 543 ita
682 514 852 557 semper
873 488 1007 543 Deum
1027 499 1190 543 animas
1215 498 1334 554 dare,
1359 499 1470 543 sicut

69 584 239 629 semper
256 580 320 615 est
337 570 426 629 ipse
447 571 524 630 qui
550 570 640 625 dat,
666 589 685 612 »
707 571 741 614 si
765 572 826 615 vis
854 586 943 615 esse
959 570 1211 615 catholicus.
1240 571 1331 614 Erit
1353 570 1468 614 enim

70 649 241 700 tempus
263 643 443 702 quando
466 658 555 686 non
580 642 705 686 dabit
726 642 891 686 animas
913 646 1050 696 Deus,
1076 657 1176 686 cum
1202 651 1346 686 tamen
1381 657 1469 687 esse

68 711 160 770 ipse
181 727 271 757 non
298 712 480 758 desinat.
522 717 697 758 Poterat
723 713 902 772 quidem
927 714 985 758 sic
1010 714 1175 773 accipi,
1208 713 1329 773 quod
1354 714 1465 768 aisti,

72 801 90 822 «
118 797 287 841 semper
319 783 426 839 dat,
465 803 484 826 »
521 794 572 828 ut
602 783 917 842 intelligeretur
949 785 1041 830 sine
1071 786 1310 829 cessatione
1341 784 1464 839 dare,

67 852 265 912 quandiu
283 855 480 899 homines
494 864 704 914 generant
725 864 767 899 et
793 865 1073 914 generantur,
1088 858 1199 900 sicut
1215 857 1380 900 dictum
1404 865 1469 900 est

66 924 122 969 de
143 925 407 985 quibusdam
436 946 444 972 :
471 945 491 968 «
513 929 692 985 Semper
713 926 926 971 discentes
945 962 955 982 ‚
981 937 1023 971 et
1042 927 1094 971 ad
1118 927 1309 972 veritatis
1327 928 1467 970 scien-

69 1011 88 1036 υ
112 996 213 1039 tiam
238 1012 463 1056 nunquam
482 999 784 1056 pervenientes
800 999 812 1022 ¹
842 1015 850 1042 :
875 1015 894 1038 »
922 1012 1012 1042 non
1030 999 1146 1040 enim
1170 999 1228 1041 sie
1259 998 1469 1054 accipitur

65 1065 185 1125 quod
212 1067 282 1111 hic
304 1068 495 1126 positum
525 1077 616 1121 cst,
642 1082 812 1126 semper
829 1101 840 1121 ,
867 1066 989 1111 velut
1011 1082 1239 1127 nunquam
1263 1067 1468 1112 desinant

64 1135 229 1181 discere
251 1158 262 1195 3
287 1153 387 1183 cum
411 1137 564 1197 procul
597 1137 734 1182 dubio
762 1152 850 1181 non
882 1137 1079 1192 discant,
1107 1138 1285 1197 quando
1308 1138 1354 1181 in
1384 1138 1468 1182 hoc

64 1221 245 1267 corpore
275 1207 521 1253 destiterint
550 1208 697 1269 vivere
716 1243 727 1262 ,
762 1208 831 1252 vel
866 1222 967 1252 cum
1006 1209 1221 1267 coeperint
1253 1206 1467 1268 supplicio

64 1279 315 1336 gehennalis
343 1280 451 1339 ignis
483 1280 635 1324 ardere
662 1298 670 1324 z
703 1279 778 1324 sed
802 1288 849 1323 tu
872 1294 962 1324 non
990 1280 1222 1337 permisisti
1245 1279 1304 1324 sic
1327 1279 1467 1339 accipi

66 1350 262 1394 Verbum
285 1359 428 1405 tuum,
448 1366 549 1395 cum
571 1351 738 1406 dixisti,
766 1370 785 1393 «
811 1365 982 1410 semper
1001 1351 1078 1395 dat
1099 1372 1110 1408 3
1139 1369 1159 1392 »
1185 1350 1466 1411 quandoqui-

65 1419 166 1466 dem
177 1422 222 1466 id
236 1422 292 1466 ad
308 1423 530 1467 infinitum
551 1432 721 1482 tempus
733 1422 1032 1468 revocandum
1050 1424 1227 1482 putasti.
1241 1425 1297 1467 Et
1312 1438 1466 1481 parum

66 1492 148 1537 hoc
175 1491 259 1537 fuit
280 1512 289 1537 :
311 1492 386 1537 sed
406 1502 613 1553 tanquam
638 1503 909 1554 quaereretur
925 1495 1000 1537 abs
1022 1503 1082 1548 te,
1109 1502 1158 1537 ut
1177 1494 1368 1552 apertius
1390 1508 1465 1537 ex-

65 1561 246 1621 plicares
264 1563 488 1623 quomodo
505 1564 678 1620 dixeris,
703 1579 915 1624 «semper
931 1564 1006 1608 dat
1030 1585 1040 1621 3
1065 1582 1084 1605 »
1109 1563 1315 1608 addidisti
1334 1573 1466 1623 atque

65 1632 229 1689 dixisti,
259 1653 278 1676 «
308 1636 419 1680 sicut
449 1650 619 1694 semper
653 1644 718 1680 est
749 1635 840 1694 ipse
871 1634 947 1695 qui
980 1635 1089 1689 dat,
1121 1652 1141 1675 υ
1173 1637 1266 1678 Hoc
1297 1649 1399 1678 sana
1422 1643 1465 1678 et

63 1704 276 1750 catholica
300 1706 408 1750 fides
441 1706 622 1751 omnino
648 1706 930 1751 condemnat.
959 1705 1086 1749 Absit
1108 1705 1223 1748 enim
1242 1713 1291 1748 ut
1313 1704 1464 1748 creda-

65 1789 183 1829 mus,
203 1776 324 1836 quod
345 1777 509 1820 animas
532 1779 647 1821 Deus
671 1790 840 1834 semper
857 1774 950 1827 dat,
976 1775 1089 1818 sicut
1104 1790 1276 1834 semper
1293 1783 1356 1819 est
1373 1775 1464 1834 ipse

64 1847 141 1905 qui
161 1845 254 1892 dat.
281 1847 350 1892 Sic
369 1847 486 1890 enim
514 1861 683 1905 semper
707 1855 772 1890 est
796 1846 886 1904 ipse
903 1880 914 1900 ‚
939 1854 989 1889 ut
1012 1860 1241 1905 nunquam
1268 1860 1358 1889 esse
1382 1845 1462 1889 de-

64 1917 184 1962 sistat
203 1918 392 1962 :animas
413 1927 559 1963 autem
583 1933 671 1962 non
695 1932 863 1976 semper
884 1915 1024 1971 dabit,
1051 1916 1126 1960 sed
1143 1932 1213 1960 eas
1235 1916 1359 1960 finito
1387 1931 1463 1974 ge-

64 1989 298 2033 nerationis
333 1988 521 2043 saeculo,
553 1990 755 2048 non-jam
788 1988 1064 2033 nascentibus
1101 1988 1261 2048 quibus
1301 1987 1462 2032 dandae

65 2057 167 2110 sint,
191 2058 346 2118 procul
367 2058 504 2104 dubio
523 2058 627 2104 dare
640 2058 840 2103 cessabit.

127 2131 204 2173 IX.
243 2129 340 2175 NoIi
376 2128 567 2184 credere,
590 2144 671 2174 nec
704 2127 865 2184 dicere,
891 2143 971 2174 nec
988 2128 1144 2174 docere
1170 2163 1180 2184 ,
1212 2147 1231 2170 «
1259 2129 1463 2173 Animam

65 2199 270 2243 meritum
298 2199 476 2259 aliquod
507 2198 746 2259 perdidisse
777 2215 854 2258 per
883 2215 1084 2254 carnem,
1118 2208 1326 2258 tanquam
1357 2198 1461 2242 boni

66 2270 208 2314 meriti
224 2269 355 2314 suerit
375 2280 476 2315 ante
493 2285 684 2324 carnem,
703 2270 775 2313 »si
797 2270 860 2314 vis
881 2285 970 2314 esse
983 2268 1238 2315 catholicus.
1253 2267 1460 2314 Nondum

66 2340 183 2385 enim
215 2350 340 2386 natos
370 2341 604 2400 Apostolus
637 2339 748 2384 nihil
775 2340 908 2398 egisse
935 2340 1042 2384 dicit
1068 2340 1172 2384 boni
1199 2338 1268 2384 vel
1291 2338 1393 2383 mali
1424 2342 1456 2381 ἶ.

68 2410 194 2456 Unde
226 2427 329 2470 ergo
356 2412 498 2457 anima
535 2412 680 2472 potuit
713 2420 814 2456 ante
843 2427 1019 2456 earnem
1056 2411 1218 2456 habere
1255 2411 1462 2455 meritum

67 2482 235 2527 bonum
255 2517 268 2539 ,
292 2483 369 2528 ubi
401 2483 512 2528 nihil
548 2491 694 2541 egerat
729 2482 836 2527 boni
870 2484 887 2525 ‘?
916 2485 986 2528 An
1011 2480 1124 2528 forte
1150 2481 1331 2527 audebis
1365 2495 1461 2525 eam

117 2573 126 2590 ¹
150 2567 265 2602 2Tim.
288 2579 338 2610 ni,
357 2575 466 2611 7.—²
486 2571 578 2603 Rom.
599 2579 648 2610 u,
673 2579 723 2600 11.
