1784 3205
345 214 401 253 46
785 225 817 253 s.
855 223 895 252 Αι
913 225 1084 253 ensium
1118 224 1299 252 EPISCOI‘l

345 289 618 334 dubitabam.
646 292 768 334 Hanc
796 290 911 334 enim
939 291 1025 350 jam
1057 290 1102 333 in
1132 289 1321 349 quadam
1344 287 1542 332 chartula
1562 321 1573 341 ,
1598 301 1729 347 quam

345 361 451 405 milii
472 362 561 420 ipse
581 361 776 415 miserat,
801 359 1006 420 legeram.
1036 359 1118 405 Sed
1141 360 1242 419 quia
1268 360 1358 419 ejus
1375 373 1475 402 cum
1494 357 1567 401 illa
1591 356 1732 402 nullas

345 448 367 475 a
383 447 426 475 se
444 432 563 475 datas
584 432 745 476 litteras
773 446 1038 491 sumpseram
1055 466 1065 485 ,
1082 431 1262 474 verebar
1280 445 1334 473 ne
1357 428 1522 488 aliquid
1545 427 1667 472 aliter
1688 428 1733 471 in

344 502 450 546 meis
481 503 620 546 verbis
660 503 927 546 inveniretur
947 537 957 556 ,
995 516 1125 561 quam
1159 501 1378 559 legeretur
1416 498 1733 558 episcopalibus

345 573 471 631 gestis
493 591 501 617 ε
526 582 656 633 atque
672 573 729 617 ita
752 572 932 616 forsitan
950 581 1136 631 negante
1162 570 1350 629 Pelagio,
1377 570 1498 629 quod
1516 569 1607 628 ipse
1627 569 1734 612 mihi

344 643 461 686 illam
482 642 724 688 chartulam
745 643 921 697 miserit,
938 644 1145 702 quoniam
1160 642 1286 686 facile
1303 641 1502 687 convinci
1521 656 1608 685 uno
1625 649 1732 684 teste

345 728 434 756 non
456 722 624 771 posset,
650 729 730 772 ego
752 713 895 772 potius
913 713 967 756 ab
986 713 1033 756 iis
1057 713 1131 772 qui
1154 712 1192 755 ei
1213 710 1389 771 neganti
1412 709 1606 755 faverent
1623 745 1633 765 ,
1659 719 1735 754 aut

345 783 579 841 suppositae
611 782 805 827 falsitatis
826 817 836 834 ,
874 784 989 839 aut(
1018 791 1067 826 ‘ut
1100 781 1246 825 mitius
1282 781 1458 839 dicam)
1496 781 1735 824 temerariae

345 852 612 897 credulitatis
640 868 856 912 arguerer.
883 854 1010 898 Nunc
1045 866 1145 910 ergo
1174 867 1274 896 cum
1310 867 1359 895 ea
1382 859 1603 911 pertracto
1634 866 1734 911 quae

346 933 463 983 gesta
482 933 711 979 testantur,
727 926 817 984 jam
840 933 1053 984 quantum
1072 923 1178 967 mihi
1200 923 1373 967 videtur
1388 958 1398 978 ,
1420 932 1569 967 utrum
1591 938 1669 982 pro
1692 937 1735 966 se

345 995 418 1038 ille
444 995 501 1039 sic
531 995 692 1054 egerit,
719 994 992 1039 dubitatione
1010 995 1178 1038 sublata
1197 1029 1207 1049 ,
1235 994 1434 1053 profecto
1455 1003 1499 1037 et
1520 993 1574 1038 de
1605 993 1736 1052 ipsius

347 1065 599 1111 defensione
620 1101 631 1121 ,
658 1076 700 1111 et
722 1067 776 1110 de
798 1067 882 1110 hoc
915 1081 1043 1124 opere
1066 1075 1214 1110 nostro
1234 1067 1437 1110 sanctitas
1470 1074 1545 1109 tua
1566 1099 1577 1121 ,
1606 1073 1738 1124 atque

347 1139 484 1182 omnis
505 1139 581 1198 qui
603 1138 769 1196 legerit,
793 1137 960 1182 facilius
983 1146 1025 1181 et
1043 1137 1201 1181 certius
1217 1137 1449 1197 judicabit.

406 1211 461 1251 II.
505 1209 698 1253 Primum
727 1209 873 1268 itaque
908 1209 1093 1252 Domino
1130 1212 1244 1263 Deo,
1285 1208 1439 1252 rectori
1479 1205 1736 1265 custodique

346 1292 459 1333 meo,
486 1278 726 1322 ineffabiles
744 1294 824 1337 ago
842 1278 1020 1337 gratias,
1042 1280 1162 1338 quod
1185 1294 1254 1322 me
1277 1279 1331 1322 de
1355 1278 1511 1322 sanctis
1530 1276 1737 1321 fratribus

347 1357 391 1392 et
411 1349 673 1408 coepiscopis
688 1350 859 1404 nostris,
880 1349 955 1409 qui
975 1350 1019 1392 in
1038 1365 1087 1393 ea
1102 1364 1225 1393 causa
1240 1349 1407 1409 judices
1421 1347 1728 1403 consederunt,
1780 1383 1784 1387 .

347 1419 492 1478 opinio
515 1435 604 1464 non
625 1419 792 1463 fefellit.
819 1420 1134 1479 Responsiones
1152 1419 1267 1463 enim
1289 1420 1380 1479 ejus
1401 1434 1490 1464 non
1514 1419 1730 1462 immerito

347 1490 725 1548 approbaverunt,
752 1506 841 1534 non
871 1499 1072 1535 curantes
1093 1490 1319 1549 quomodo
1341 1505 1407 1544 ea,
1430 1505 1530 1549 quae
1554 1488 1737 1549 objicie-

347 1561 523 1616 bantur,
543 1562 587 1606 in
611 1562 830 1621 opusculis
853 1563 938 1606 suis
960 1562 1168 1621 posuerit,
1188 1560 1263 1605 sed
1281 1560 1388 1621 quid
1411 1560 1464 1604 de
1483 1560 1548 1604 his
1566 1559 1611 1603 in
1635 1575 1739 1619 prae-

346 1632 456 1676 senti
479 1633 793 1676 examinatione
827 1631 1112 1692 responderit.
1141 1630 1235 1676 Alia
1265 1640 1328 1676 est
1348 1631 1463 1676 enim
1486 1646 1613 1675 causa
1634 1630 1737 1674 fidei

348 1718 438 1748 non
459 1720 588 1759 sanae,
611 1704 692 1748 alia
714 1704 944 1748 locutionis
966 1704 1169 1748 incautae.
1197 1704 1392 1763 Denique
1406 1704 1451 1747 in
1473 1704 1539 1747 his
1561 1718 1661 1763 quae
1683 1701 1737 1746 de

347 1773 498 1818 libello
513 1809 523 1828 ,
543 1790 672 1834 quem
696 1775 914 1819 dederunt
943 1775 1078 1818 sancti
1099 1773 1250 1819 fratres
1277 1784 1320 1819 et
1342 1774 1585 1834 coepiscopi
1602 1773 1737 1818 nostri

348 1845 475 1899 Galli,
494 1849 629 1890 Heros
654 1856 695 1889 et
719 1850 902 1889 Lazarus
921 1881 932 1899 ,
953 1846 1027 1905 qui
1046 1855 1221 1904 propter
1245 1861 1417 1904 gravem
1442 1846 1573 1903 (sicut
1590 1853 1737 1905 postea

348 1915 613 1973 probabilius
630 1931 724 1960 com
733 1917 939 1975 perimus)
963 1917 1090 1959 unius
1113 1931 1265 1960 eorum
1282 1916 1604 1974 aegritudinem,
1622 1930 1737 1974 prae-

348 1996 488 2030 sentes
510 2002 598 2030 esse
620 1988 797 2030 minime
819 1996 1074 2046 potuerunt,
1100 1988 1275 2031 recitata
1297 1996 1399 2031 sunt
1422 1986 1591 2047 objecta
1611 1986 1737 2030 Pela-

350 2057 435 2114 gio,
456 2056 566 2100 illud
587 2067 650 2101 est
667 2058 870 2116 primum,
892 2057 1012 2116 quod
1034 2057 1078 2100 in
1099 2057 1231 2101 Libro
1253 2072 1331 2101 suo
1348 2057 1538 2117 quodam
1556 2056 1705 2101 scribit
1724 2074 1733 2100 ε

352 2144 371 2168 «
396 2129 492 2172 Non
523 2142 644 2186 posse
677 2142 766 2171 esse
786 2127 875 2171 sine
908 2135 1087 2185 peccato
1107 2161 1117 2180 ,
1152 2127 1233 2170 nisi
1255 2127 1331 2186 qui
1365 2127 1490 2185 Legis
1513 2127 1735 2170 scientiam

347 2197 564 2242 habuerit.
583 2201 716 2252 »Quo
734 2198 913 2242 recitato
936 2197 1138 2254 Synodus
1156 2197 1284 2241 dixit:
1310 2215 1330 2239 «
1356 2200 1422 2240 Tu
1439 2198 1522 2240 hoc
1543 2197 1734 2252 edidisti,

288 2294 292 2296 -
349 2267 529 2328 Pelagi?
554 2288 574 2310 »
601 2272 657 2313 At
675 2268 748 2312 ille
765 2267 1017 2328 respondit:
1048 2287 1064 2307 «
1089 2270 1184 2326 Ego
1208 2268 1384 2327 quidem
1412 2267 1530 2323 dixi,
1551 2267 1627 2312 sed
1648 2283 1738 2312 non

348 2339 458 2383 sicut
489 2340 550 2383 illi
579 2340 829 2399 intelligunt
865 2359 874 2384 :
913 2354 1001 2382 non
1024 2339 1114 2382 dixi
1155 2354 1244 2383 non
1276 2355 1397 2398 posse
1427 2354 1634 2398 peccare,
1660 2338 1736 2398 qui

347 2409 566 2454 scientiam
590 2410 713 2468 Legis
741 2410 941 2454 habuerit
968 2430 979 2468 3
1003 2409 1077 2453 sed
1107 2408 1301 2469 adjuvari
1334 2425 1411 2469 per
1433 2410 1560 2470 Legis
1594 2409 1736 2454 scien-

347 2481 451 2526 tiam
470 2480 525 2525 ad
547 2496 637 2526 non
657 2480 942 2540 peccandum,
966 2481 1078 2525 sicut
1099 2480 1309 2540 scriptum
1335 2491 1397 2526 est
1419 2500 1428 2527 :
1457 2499 1478 2524 «
1503 2484 1666 2541 Legem
1686 2481 1733 2525 in

396 2573 403 2590 ¹
428 2567 533 2601 Forte
551 2566 590 2601 ad
607 2577 669 2603 me.
683 2583 724 2592 -
739 2572 750 2590 ²
769 2566 898 2609 Eulogio
912 2565 1079 2612 episcopo,
1098 2565 1193 2609 infra,
1208 2576 1281 2608 cap.
1301 2566 1333 2599 3.
