1784 3205
322 247 373 282 12
739 256 773 282 s.
810 252 1039 281 AUGUSTINJ
1073 251 1252 278 131>1scor1

317 335 406 364 non
426 329 489 364 est
512 318 740 378 possibile?
761 320 900 362 Omne
923 318 1039 361 enim
1056 325 1284 376 peccatum
1307 314 1470 358 malum
1494 327 1582 357 esse
1603 314 1700 372 quis

318 391 521 435 dubitet?
557 409 576 431 »
616 389 965 449 Respondemus,
1007 397 1049 431 et
1085 397 1282 431 naturam
1318 386 1502 430 hominis
1540 385 1700 428 bonam

318 477 433 515 esse,
467 470 509 504 et
540 476 635 504 eam
669 460 781 504 malo
809 475 952 503 carere
980 474 1118 518 posse.
1154 460 1261 503 Nam
1305 456 1404 500 ideo
1437 455 1695 499 clamamus:

321 551 339 573 «
375 532 528 575 Libera
572 547 648 574 nos
680 546 702 573 a
733 530 874 573 malo¹
907 549 915 574 :
946 549 964 571 »
1000 530 1118 588 quod
1152 545 1239 572 non
1272 526 1520 586 perficitur,
1556 541 1700 585 quan·-

317 604 394 646 diu
426 618 581 660 corpus
616 604 736 661 quod
759 601 1076 659 corrumpitur,
1109 607 1311 657 aggravat
1337 597 1522 640 animam
1547 599 1579 638 ².
1617 594 1701 639 Sed

317 674 401 716 hoe
444 673 585 730 agitur
627 672 761 730 gratia
803 687 879 730 per
921 672 1051 714 fidem
1074 705 1084 725 ‚
1131 680 1180 712 ut
1221 666 1456 727 aliquando
1499 665 1670 710 dicatur
1686 699 1698 720 ‚

322 761 341 783 «
370 743 453 785 Ubi
476 751 554 794 est,
590 757 719 795 mors,
751 740 973 784 contentio
1006 743 1109 783 tua?
1141 739 1217 782 ubi
1246 747 1326 793 est,
1360 752 1490 791 mors,
1526 736 1702 780 aculeus

323 833 341 854 »
368 824 468 857 tuus
490 816 506 855 ’Β
540 813 727 856 Aculeus
765 822 908 856 autem
953 812 1102 855 mortis
1135 819 1359 868 peccatum
1388 845 1398 864 ‚
1434 809 1569 853 virtus
1596 823 1700 852 vero

322 903 340 923 u
368 884 531 941 pem-:ili
555 883 619 925 lvx
644 885 671 927 3,
710 902 727 923 »
755 883 968 935 Quoniam
995 882 1059 924 lex
1084 880 1360 939 prohibendo
1388 888 1515 936 auget
1538 878 1703 937 peccati

317 955 616 1012 cupiditatem,
643 954 717 995 nisi
738 953 957 996 diffundat
977 953 1156 1010 Spiritus
1171 952 1441 1001 charitatem,
1463 965 1562 1008 quae
1578 949 1703 1007 plena

318 1034 359 1066 et
386 1023 570 1082 perfecta
599 1034 700 1066 tune
725 1024 820 1076 erit7
850 1038 944 1066 cum
972 1022 1213 1065 videbimus
1236 1021 1345 1064 facie
1368 1022 1420 1063 ad
1441 1019 1610 1064 faciem.

379 1097 474 1136 XV.
506 1113 520 1131 «
546 1097 601 1136 Et
624 1094 721 1141 hoe,
748 1093 919 1151 inquit,
946 1091 1180 1135 dicendum
1206 1101 1267 1135 est
1295 1110 1303 1135 :
1328 1091 1616 1149 Certejustus
1641 1098 1706 1132 est

318 1167 430 1208 Deus
445 1185 453 1213 ;
471 1165 615 1221 negari
631 1164 743 1206 enim
763 1179 849 1207 non
869 1173 1024 1221 potest.
1045 1166 1237 1221 Imputat
1253 1172 1395 1205 autem
1410 1165 1522 1204 Deus
1538 1160 1703 1204 homini

318 1249 445 1276 omne
470 1244 709 1291 peceatum.
739 1236 791 1276 Et
814 1234 897 1276 hoe
919 1248 1096 1292 quoque
1119 1232 1415 1275 confitendum
1442 1240 1571 1290 puto,
1598 1229 1702 1288 quia

316 1319 458 1363 neque
481 1314 705 1362 peccatum
725 1313 803 1358 est,
825 1303 1041 1362 quidquid
1066 1319 1152 1347 non
1175 1303 1464 1360 imputabitur
1489 1302 1532 1344 in
1555 1316 1704 1360 pecca-

316 1383 424 1417 tum.
459 1377 514 1417 Et
542 1375 575 1417 si
599 1383 663 1417 est
687 1373 864 1433 aliquod
889 1383 1112 1431 peecatum
1136 1372 1255 1432 quod
1279 1372 1402 1415 vitari
1425 1387 1512 1414 non
1536 1371 1697 1429 possit,

316 1444 683 1504 quomodojustus
697 1449 806 1487 Deus
817 1445 991 1496 dicitur,
1004 1445 1035 1486 si
1050 1444 1477 1502 imputarecuiquam
1490 1441 1698 1496 creditur,

316 1517 435 1573 quod
460 1515 582 1557 vitari
605 1530 692 1558 non
716 1515 878 1573 possit?
904 1533 923 1554 »
947 1515 1292 1573 Respondemus,
1313 1515 1401 1573 jam
1425 1513 1525 1557 olim
1551 1522 1702 1557 contra

315 1586 523 1643 superbos
539 1585 772 1629 clamatum
797 1604 805 1628 :
828 1604 847 1626 «
869 1587 1024 1628 Beatus
1043 1585 1113 1628 cui
1132 1600 1219 1628 non
1238 1584 1466 1642 imputavit
1491 1583 1701 1627 Dominus

319 1672 339 1694 »
365 1664 591 1712 peccatum
615 1655 646 1697 ⁴.
680 1673 698 1695 »
732 1657 826 1698 Non
849 1656 964 1697 enim
984 1654 1172 1712 imputat
1193 1655 1256 1697 his
1276 1654 1350 1713 qui
1369 1653 1554 1696 fideliter
1574 1653 1612 1696 ei
1632 1652 1702 1696 di-

316 1733 421 1767 cunt
449 1744 456 1768 :
487 1744 505 1766 «
536 1725 709 1767 Dimitte
732 1725 855 1767 nobis
878 1725 1022 1767 debita
1045 1734 1206 1777 nostra,
1229 1725 1340 1767 siout
1358 1724 1400 1766 et
1424 1738 1501 1766 nos
1519 1722 1704 1766 dimitti-

318 1812 338 1834 »
363 1810 457 1837 mus
484 1793 753 1837 debitoribus
777 1796 931 1837 nostris
955 1797 984 1836 ⁵.
1012 1813 1031 1834 »
1056 1797 1240 1853 EtJuste
1258 1809 1344 1837 non
1364 1794 1577 1850 imputat,
1600 1793 1704 1852 quia

311 1866 475 1924 justum
497 1874 559 1908 est
582 1865 700 1923 quod
724 1866 783 1907 ait
803 1884 811 1908 :
834 1885 852 1906 «
880 1868 929 1908 In
953 1881 1039 1924 qua
1062 1880 1263 1908 mensura
1288 1864 1423 1907 mensi
1444 1863 1628 1917 fueritis,
1657 1864 1703 1907 in

318 1952 337 1974 ))
364 1935 513 1977 eadem
536 1934 786 1977 remetietur
810 1935 932 1977 vobis
956 1936 988 1978 ⁶.
1024 1953 1044 1975 »
1074 1938 1304 1978 Peccatum
1327 1944 1390 1977 est
1412 1944 1575 1987 autem,
1600 1948 1703 1976 cum

316 2003 382 2046 vel
401 2020 488 2046 non
509 2013 570 2046 est
587 2005 771 2048 charitas
790 2020 887 2062 quae
904 2019 991 2047 esse
1008 2005 1140 2047 debet
1156 2039 1166 2057 ,
1192 2003 1260 2048 vel
1284 2004 1425 2046 minor
1446 2012 1510 2047 est
1533 2005 1547 2028 ⁷
1571 2018 1703 2062 quam

316 2073 444 2117 debet
463 2110 472 2123 ,
503 2075 590 2117 sive
620 2075 701 2118 hoe
725 2074 950 2117 voluntate
973 2075 1097 2117 vitari
1121 2075 1253 2132 possit
1273 2108 1283 2127 ‚
1310 2074 1396 2117 sive
1419 2089 1507 2117 non
1533 2075 1663 2132 possit
1689 2093 1698 2118 ε

316 2146 414 2204 quia
439 2148 470 2187 si
495 2155 635 2202 potest
655 2181 665 2199 ‚
691 2161 879 2203 praesens
903 2146 1103 2189 voluntas
1127 2146 1209 2189 hoc
1234 2144 1336 2188 facit
1358 2164 1365 2188 :
1388 2145 1421 2187 si
1443 2155 1587 2188 autem
1611 2161 1701 2189 non

316 2225 472 2273 potest,
502 2216 721 2273 i·›i'aeterita
755 2216 953 2260 voluntas
983 2217 1064 2260 hoe
1093 2215 1219 2271 fecit3
1243 2225 1286 2258 et
1308 2225 1451 2258 tamen
1475 2216 1598 2259 vitari
1619 2232 1701 2275 po-

315 2294 411 2337 test,
439 2301 523 2328 non
545 2285 721 2343 quando
742 2287 942 2329 voluntas
964 2287 1150 2345 superba
1173 2285 1379 2330 laudatur
1396 2320 1407 2340 ‚
1430 2285 1505 2330 sed
1525 2286 1701 2345 quando

317 2355 492 2397 humilis
511 2357 755 2413 adjuvatur.

366 2468 370 2480 ¹
391 2460 508 2489 Unwi.
532 2472 575 2498 w,
602 2461 649 2489 1²3.
667 2479 706 2482 —
724 2468 734 2481 Ἰ
756 2463 828 2502 Sap,
855 2472 884 2492 ix
903 2488 910 2502 7
939 2461 987 2492 15.
1005 2479 1045 2483 —
1066 2460 1109 2492 31
1137 2463 1208 2493 Cor.
1226 2473 1278 2501 xv,
1296 2462 1347 2493 ἵν’).
1363 2480 1400 2484 -
1422 2461 1531 2493 ὧΡςῐιῙ.
1556 2473 1641 2502 tui,
1661 2471 1692 2495 2.

315 2513 331 2537 ⁵
353 2514 465 2547 Mavh.
484 2526 526 2553 iv,
548 2527 596 2547 11.
618 2514 684 2538 —G
701 2518 716 2548 Ι
731 2518 748 2547 Ι.
770 2527 829 2553 vii,
849 2526 879 2548 τὶ.
896 2526 959 2549 -7
979 2518 1057 2549 vide
1074 2528 1181 2559 supra,
1199 2518 1254 2549 lib.
1274 2518 1314 2549 de
1336 2518 1454 2559 Spiritu
1474 2523 1506 2550 et
1526 2519 1600 2550 Litt.
1621 2529 1693 2560 cap.

317 2571 372 2611 26,
387 2574 420 2602 et
439 2570 492 2601 lib.
515 2571 553 2601 ⁴10
573 2572 641 2602 Nat.
664 2574 794 2602 esth-at.
816 2583 889 2613 cap.
911 2573 964 2604 38.
