1804 3205
291 209 342 234 nn
379 209 542 233 ximus
576 208 626 234 ET
657 209 1024 245 CONCUI‘ISCENTIA,
1063 210 1143 236 liin.
1183 212 1211 235 ι.
1371 203 1450 238 199

67 268 202 315 ditate
230 272 520 326 erubuissent,
554 272 663 317 soliis
699 273 893 317 ficulneis
921 273 1071 317 cadem
1104 274 1298 318 membra
1334 285 1453 319 texe-

66 350 166 384 runt
184 350 256 396 qut
278 341 428 386 saltem
454 343 632 387 arbitrio
654 343 1041 388 verecundantium
1065 344 1307 400 velaretur,
1333 348 1451 405 quod

63 427 151 456 non
185 413 363 457 arbitrio
401 413 639 458 volentium
678 414 963 470 movebatur,
994 424 1036 458 et
1066 415 1274 474 quoniam
1311 416 1452 475 pude-

62 482 137 526 bat
169 482 288 542 quod
317 482 565 528 indecenter
590 483 769 538 libe-bat,
808 485 1044 544 operiendo
1076 486 1197 530 lieret
1224 486 1345 546 quod
1379 487 1452 531 dc-

63 554 204 598 cebat.

124 626 246 668 VIII.
284 625 394 678 Quia
424 640 527 684 crgo
553 640 632 669 ηερ
663 626 742 670 isto
775 625 981 685 adjuncto
1012 626 1126 671 malo
1148 628 1288 686 perire
1310 629 1453 687 potuit

66 695 318 754 nuptiarum
339 695 520 750 bonum,
544 705 700 756 putant
718 695 1016 756 imprudentes
1039 698 1121 742 hoc
1145 713 1233 743 non
1255 713 1344 743 esse
1358 714 1470 743 ma·-

64 766 173 821 lum,
190 767 266 811 sed
283 768 497 826 pertinere
519 769 573 812 ad
588 767 697 812 illud
716 768 897 813 bonum.
922 769 1186 814 Discernitur
1204 779 1348 814 autem
1364 786 1451 815 non

63 836 203 881 solum
240 838 405 882 ratione
437 839 609 894 subtili,
644 855 794 883 verum
820 840 948 883 etiam
973 840 1455 900 vulgatissimojudicio

64 908 266 961 naturali,
294 910 417 968 qnod
443 918 483 953 et
510 910 553 953 in
578 908 659 953 illis
687 910 887 968 apparuit
916 911 1165 955 hominibus
1185 900 1350 969 primis,
1372 912 1454 956 ho-

63 977 220 1038 dieque
238 988 422 1035 Ιίεηρῑυι·
452 980 505 1024 ab
529 981 780 1024 hominibus
806 981 1062 1039 conjugatis.
1086 970 1219 1034 Quod
1248 983 1363 1025 enim
1393 983 1456 1027 illi

61 1058 209 1108 postea
235 1050 546 1109 propagatione
576 1049 790 1105 fecerunt,
821 1051 904 1095 hoe
933 1061 996 1095 cst
1017 1046 1227 1096 connubii
1247 1052 1413 1096 bonum
1441 1074 1449 1098 :

61 1120 181 1180 quod
206 1135 307 1164 vero
322 1121 440 1180 prius
454 1118 711 1165 confusione
728 1129 944 1176 texerunt,
965 1122 1048 1166 hoc
1066 1132 1130 1167 est
1144 1123 1455 1182 concupiscen-

63 1193 133 1236 tiae
165 1191 352 1247 malum,
391 1192 512 1252 quod
544 1193 651 1237 vitat
681 1194 846 1252 ubique
873 1203 1179 1253 conspectum,
1221 1204 1264 1238 et
1300 1196 1458 1255 quaerit

63 1264 272 1322 pudendo
291 1257 525 1323 secretum]>
542 1263 730 1309 Proinde
745 1274 894 1324 nuptae
910 1265 1010 1324 quia
1025 1266 1155 1309 etiam
1171 1265 1225 1309 de
1243 1264 1317 1310 illo
1337 1266 1454 1311 malo

67 1333 233 1394 aliquid
258 1335 362 1378 boni
396 1334 585 1389 faciunt,
613 1335 852 1392 gloriantur
881 1355 888 1380 :
915 1337 1015 1396 quia
1038 1336 1129 1380 sine
1152 1335 1227 1380 illo
1250 1337 1342 1380 fieri
1364 1352 1452 1381 non

66 1414 223 1464 potest,
249 1405 527 1449 erubescunt.
551 1407 775 1464 Tanquam
793 1406 826 1449 si
845 1406 1057 1465 quispiam
1083 1406 1193 1465 pede
1210 1407 1376 1461 vitiato,
1398 1407 1452 1451 ad

66 1476 243 1535 aliquod
268 1475 434 1520 bonurn
458 1475 587 1519 etiam
606 1475 893 1520 claudicando
915 1477 1153 1536 perveniat,
1179 1492 1260 1522 nec
1276 1487 1455 1537 propter

61 1546 390 1592 claudicationis
412 1548 576 1591 malum
604 1546 718 1592 mala
741 1556 806 1591 est
823 1547 894 1592 illa
910 1549 1156 1607 perventio,
1181 1563 1260 1592 ηερ
1279 1557 1454 1608 propter

61 1617 175 1662 illius
215 1618 506 1679 perventionis
537 1618 702 1662 bonum
725 1618 840 1662 bona
881 1628 944 1662 est
971 1618 1232 1664 claudicatio
1255 1619 1343 1664 :ita
1372 1634 1452 1664 nec

61 1698 236 1748 propter
253 1687 445 1733 libidinis
462 1688 624 1733 malum
647 1691 821 1748 nuptias
842 1690 1152 1745 condemnare,
1174 1706 1251 1736 ηερ
1273 1700 1452 1750 propter

64 1761 315 1820 nuptiarum
334 1761 501 1805 bonum
514 1760 742 1804 libidinem
759 1760 939 1805 laudare
953 1761 1181 1807 debemus.

121 1834 198 1876 IX.
236 1834 320 1875 Iste
348 1833 512 1891 quippe
541 1841 604 1875 est
631 1832 834 1887 morbus,
859 1831 914 1875 de
940 1847 1029 1891 quo
1056 1832 1290 1892 Apostolus
1321 1833 1449 1877 etiam

61 1903 302 1962 conjugatis
319 1901 521 1946 fidelibus
538 1901 722 1961 loquens
743 1902 802 1946 ait
824 1920 832 1946 :
856 1921 876 1944 «
903 1904 1006 1946 Haec
1030 1911 1091 1946 est
1112 1903 1226 1946 enim
1249 1901 1451 1947 voluntas

63 1993 84 2016 n
105 1975 197 2028 Dei,
220 1973 503 2018 sanctificatio
525 1982 682 2027 vestra,
708 1973 923 2017 abstinere
944 1988 1019 2018 vos
1035 1989 1058 2017 a
1075 1972 1380 2029 fornicatione,
1402 1981 1451 2019 ut

64 2063 84 2086 »
111 2046 216 2089 sciat
238 2045 538 2104 unusquisque
559 2053 753 2088 vestrum
775 2059 903 2089 suum
925 2059 998 2088 vas
1021 2044 1239 2104 possidere
1263 2046 1309 2088 in
1327 2059 1451 2089 sanc—

67 2135 84 2156 »
112 2116 346 2160 tificatione
373 2123 418 2159 et
440 2116 629 2168 honore,
655 2130 744 2159 non
771 2116 816 2159 in
839 2115 996 2160 morbo
1017 2115 1242 2170 desiderii,
1271 2115 1383 2160 sicut
1409 2124 1452 2159 et

65 2203 85 2228 »
110 2195 258 2244 gentes
279 2201 379 2246 quae
395 2186 597 2244 ignorant
616 2188 797 2230 Deum1.
825 2205 844 2228 υ
869 2188 965 2232 Νοη
986 2186 1277 2246 solumigitur
1297 2187 1445 2246 conju-

62 2266 186 2316 gatus
205 2256 344 2303 fidelis
367 2272 466 2301 vase
487 2273 577 2302 non
606 2266 756 2302 utatur
780 2257 942 2312 alieno,
966 2256 1088 2318 quod
1114 2255 1279 2301 faciunt
1302 2272 1325 2300 a
1347 2257 1448 2316 qui-

62 2328 144 2371 bus
162 2341 315 2371 uxores
347 2325 497 2370 alienae
525 2337 792 2387 appetuntur
818 2347 827 2372 z
853 2328 928 2372 sed
950 2342 1030 2371 ηερ
1058 2328 1200 2386 ipsum
1224 2328 1448 2386 proprium

62 2398 107 2442 in
125 2397 484 2456 concupiscentiae
501 2398 682 2443 carnalis
697 2398 850 2443 morbo
860 2397 1168 2458 possidendum
1181 2398 1299 2442 sciat.
1319 2398 1448 2451 Quod

62 2483 151 2513 non
172 2468 231 2512 sie
261 2468 561 2527 accipiendum
584 2478 663 2524 est,
690 2478 897 2528 tanquam
919 2469 1192 2528 prohibuerit
1214 2466 1446 2527 Apostolus

111 2560 121 2575 ¹
144 2563 155 2585 ι
180 2553 287 2586 Thess.
310 2563 355 2594 iv,
376 2553 406 2585 3.
