1784 3205
368 1911 484 1946 recte
503 1901 548 1945 id
560 1903 766 1946 meruisse
782 1901 966 1946 dicatur.
989 1905 1046 1946 Et
1063 1901 1182 1961 quod
1201 1901 1330 1944 etiam
1346 1900 1437 1944 sine
1452 1901 1667 1959 baptismo
1682 1900 1747 1945 ori

361 195 444 234 380
792 205 825 231 s.
862 200 1095 230 Ancusnm
1127 202 1310 230 Enscom

362 274 577 327 viventes,
607 280 650 316 et
670 279 766 330 post
794 278 979 314 mortem
1008 268 1117 312 nihil
1146 278 1368 328 sperantes
1396 269 1532 314 veluti
1564 284 1746 328 pecora:

361 359 451 388 non
486 342 540 387 de
562 343 650 397 his,
681 341 756 401 qui
790 355 934 400 neque
966 348 1129 397 negant
1160 354 1204 383 se
1226 341 1333 384 scire
1370 340 1490 400 quod
1507 340 1678 395 sciunt,
1709 350 1752 385 et

359 415 627 460 confitentur
648 428 692 456 se
715 412 878 455 nescire
900 410 1020 471 quod
1042 410 1256 466 nesciunt,
1279 420 1322 455 et
1338 412 1483 469 potius
1500 410 1753 470 intelligunt

360 486 658 531 infirmitatem
677 497 816 537 suam,
842 497 973 543 quam
1000 481 1053 526 de
1078 497 1153 526 sua
1174 482 1335 526 virtute
1357 481 1600 526 confidunt.

419 560 539 601 XVI.
567 559 663 602 Non
685 556 832 614 itaque
862 553 1086 613 displiceat
1112 553 1444 613 praesumptioni
1467 562 1553 597 tuae
1571 553 1753 613 juvenili

361 642 482 671 meus
503 625 647 670 senilis
665 626 817 678 timor,
837 623 914 668 fili.
946 627 1038 682 Ego
1061 624 1194 678 enim,
1215 625 1249 668 si
1270 625 1354 668 hoc
1376 624 1495 684 quod
1518 622 1573 668 de
1593 623 1754 668 anima-

361 712 457 741 rum
481 696 647 755 origine
669 696 903 756 quaerimus
920 731 931 750 ,
963 711 1043 740 nec
1062 698 1151 739 Deo
1168 730 1178 749 ,
1210 710 1290 739 nec
1308 695 1455 755 aliquo
1472 695 1653 754 spiritali
1670 694 1754 740 ho-

360 769 478 812 mine
495 768 694 822 docente,
713 768 820 811 scire
835 776 1035 827 potuero,
1049 766 1238 826 paratior
1249 781 1343 810 sum
1358 762 1766 826 detendere‚qi1ame

362 849 477 884 recte
499 839 630 883 etiam
659 839 744 883 hoc
773 842 911 893 Deus,
937 839 1048 883 sicut
1068 837 1150 882 alia
1182 836 1342 892 multa,
1368 852 1445 881 nos
1473 838 1580 881 scire
1603 836 1758 881 nolue-

363 912 438 968 rit,
454 926 586 971 quam
605 919 767 954 temere
779 911 938 965 dicere,
965 909 1085 970 quod
1105 918 1177 954 aut
1196 911 1254 954 ita
1270 910 1323 954 sit
1338 909 1591 964 obscurum,
1614 917 1663 953 ut
1673 909 1758 953 hoc

365 998 456 1027 non
475 981 617 1026 solum
638 981 693 1024 ad
710 981 894 1026 aliorum
918 981 1246 1038 intelligentiam
1277 982 1516 1041 perducere
1533 995 1588 1024 ne
1610 978 1770 1040 quem,'

364 1054 437 1099 sed
453 1069 533 1097 nec
552 1052 919 1112 ipseintelligarn3
940 1062 1015 1097 aut
1027 1062 1143 1096 certe
1161 1054 1290 1097 etiam
1310 1053 1536 1097 haereticos
1561 1039 1770 1114 adjuvet,l

365 1125 441 1184 qui
464 1134 693 1184 propterea
723 1123 983 1182 persuadere
1012 1130 1228 1167 conantur
1263 1124 1317 1167 ab
1342 1124 1460 1167 omni
1490 1139 1603 1167 noxa
1630 1129 1770 1182 puras&

364 1209 455 1238 esse
478 1195 641 1238 animas
659 1193 965 1253 parvulorum,
992 1208 1046 1236 nc
1069 1193 1232 1237 scilicet
1245 1195 1395 1237 eadem
1411 1209 1521 1237 noxa
1541 1193 1586 1236 in
1609 1201 1770 1253 aucto-5

365 1281 455 1311 rem
474 1269 610 1310 Deum
632 1275 825 1310 recurrat
848 1274 891 1309 et
913 1264 1077 1318 redeat,
1105 1264 1226 1324 quod
1246 1266 1438 1309 insontes
1453 1264 1616 1308 animas
1631 1299 1642 1319 ,
1667 1265 1770 1324 qui-1

369 1326 449 1381 bus
469 1353 549 1382 nec
567 1337 787 1381 lavacrum
812 1336 1149 1395 regenerationis
1171 1335 1490 1379 subventurum
1511 1350 1600 1379 esse
1624 1332 1770 1394 praes-{

366 1408 492 1463 civit,
528 1408 675 1453 dando
711 1408 829 1452 carni
860 1405 1113 1466 peccatrici,
1150 1421 1239 1450 esse
1267 1405 1528 1465 compulerit
1555 1400 1770 1465 peccatrh}

366 1494 450 1533 ces,
476 1479 595 1523 nulla
627 1479 895 1538 baptismatis
918 1480 1051 1536 gratia
1080 1478 1371 1531 subventura,
1402 1492 1487 1536 qua
1519 1473 1770 1521 liberentur}l

367 1565 390 1592 a
430 1549 710 1594 damnatione
748 1558 973 1608 perpetua,
1011 1547 1378 1607 Quandoquidem
1421 1547 1768 1600 innumerabiles,

367 1620 522 1662 animae
558 1619 779 1663 infantum
813 1628 1048 1679 antequam
1079 1618 1383 1677 baptizentur,
1415 1616 1470 1661 de
1508 1618 1768 1684 corporibus[

367 1698 539 1732 exeunt.
577 1690 700 1733 Absit
726 1690 838 1732 enim
857 1724 867 1743 ,
902 1699 949 1732 ut
971 1690 1054 1732 hoc
1084 1688 1233 1733 volens
1257 1687 1422 1731 diluere
1439 1722 1449 1742 ,
1483 1686 1625 1732 dicam
1663 1703 1762 1755 queq

367 1760 457 1818 ipse
476 1759 617 1803 dixisti
636 1779 643 1803 ε
666 1778 685 1800 «
703 1759 831 1812 Quod
847 1760 989 1803 anima
1008 1774 1084 1818 per
1107 1773 1279 1802 carnem
1297 1758 1502 1802 meruerit
1517 1758 1761 1818 inquinari,

367 1839 410 1873 et
443 1846 532 1875 esse
561 1831 800 1889 peccatrix,
834 1830 1006 1874 nullum
1035 1830 1201 1874 habens
1239 1839 1338 1873 ante
1377 1838 1602 1888 peccatum
1621 1865 1631 1883 ,
1673 1845 1732 1889 qu

1760 1897 1761 1915 l

371 1971 527 2030 ginalia
553 1983 730 2031 peccata
748 1972 987 2017 solvantur.
1010 1976 1065 2016 Et
1087 1971 1206 2032 quod
1225 1986 1406 2030 regnum
1425 1986 1603 2030 quoque
1625 1970 1737 2016 coelo
1760 2029 1761 2032 Ἴ

370 2058 465 2086 rum
489 2059 577 2087 non
600 2045 826 2103 baptizatis
848 2045 894 2087 in
917 2046 1003 2087 fine
1026 2044 1260 2087 tribuatur.
1291 2060 1310 2083 n
1335 2045 1438 2087 Haec
1461 2051 1592 2103 atque
1610 2044 1766 2104 hujus7f

369 2113 488 2157 modi
510 2130 675 2160 venena
697 2114 797 2158 fidei
822 2115 900 2157 nisi
923 2115 1068 2158 dicere
1091 2115 1287 2158 timerem
1305 2149 1316 2168 ,
1343 2112 1523 2159 fortasse
1541 2115 1596 2159 de
1618 2115 1699 2159 hac
1717 2109 1766 2162 ref

370 2182 551 2228 definire
574 2185 739 2245 aliquid
762 2201 850 2229 non
873 2185 1087 2229 timerem.
1124 2187 1299 2238 Quanto
1322 2184 1476 2229 melius
1513 2186 1647 2244 igitur
1674 2200 1732 2230 no
1760 2178 1761 2183 ¹

371 2257 599 2315 separatim
633 2256 688 2301 de
717 2258 858 2301 anima
885 2257 1060 2317 disputo
1090 2266 1133 2300 et
1162 2258 1333 2300 affirmo
1355 2256 1475 2316 quod
1497 2258 1665 2315 nescio,
1687 2272 1730 2301 se

372 2327 491 2386 quod
522 2329 786 2388 apertissime
815 2329 1074 2388 Apostolum
1102 2329 1228 2373 video
1251 2328 1475 2383 docuisse,
1512 2318 1771 2389 simpliciter}v

371 2400 542 2441 te11eo¹.
570 2401 635 2442 Ex
653 2415 743 2444 uno
763 2400 939 2444 homine
959 2414 1107 2444 omnes
1126 2399 1322 2443 homines
1341 2399 1403 2442 ire
1421 2399 1467 2442 in
1495 2390 1766 2461 condemna-i

373 2468 536 2513 tionem
568 2470 644 2528 qui
679 2481 917 2516 nascuntur
945 2469 1193 2525 exAdam,
1218 2470 1298 2514 nisi
1328 2470 1386 2513 ita
1403 2480 1682 2515 renascantur
1713 2462 1765 2523 inss

422 2559 429 2575 ¹
453 2555 546 2585 Rom.
571 2564 606 2593 v,
630 2554 682 2585 18.
