1804 3205
328 231 381 257 ne
415 228 547 257 Arum
585 230 636 256 m·
669 229 766 256 mss
799 229 993 266 ommni-t,
1032 231 1113 256 mn.
1157 232 1201 256 11.
1381 220 1464 258 32⁵

71 297 171 340 tiam
194 311 313 340 suam
339 297 437 340 satis
461 296 686 340 evidentes
706 297 970 355 expositam,
1001 296 1212 340 nonnulla
1249 298 1378 341 ctiam
1408 299 1466 342 si-

69 366 314 410 militudine
339 365 584 421 illustrans,
619 365 797 425 adjecit,
837 376 969 426 atque
998 367 1089 410 ait:
1119 386 1136 406 «
1170 366 1285 419 Quid
1317 378 1463 412 autem

66 447 270 497 putamus
294 437 559 498 inquilinum
593 452 859 498 quemquam
891 454 979 482 suae
1010 438 1269 482 habitationi
1292 441 1465 498 prospi-

67 511 189 553 cere?
206 512 361 554 Nonne
383 510 414 553 si
433 524 525 553 eam
551 509 732 553 senserit
748 518 822 552 aut
847 518 962 554 tecto
986 518 1185 563 tremere,
1211 517 1287 553 aut
1312 518 1467 553 nutare

68 581 255 639 pariete,
293 589 366 624 aut
397 580 544 624 labare
573 580 859 634 fundamine,
889 580 1077 624 destinas
1108 579 1293 640 quaerit,
1328 589 1467 624 strues

64 653 275 711 congerit,
291 653 451 712 quibus
468 652 768 696 imminentem
785 652 915 711 possit
933 653 1101 696 ruinam
1118 651 1270 695 sedulo
1284 651 1464 710 diligen·

67 731 217 783 terque
237 722 405 778 fulcire,
429 738 484 766 ne
507 724 588 767 sub
603 722 799 782 periculo
814 723 1049 767 mansionis
1064 722 1298 766 discrimen
1314 722 1465 766 videa-

64 802 135 838 tur
157 793 346 853 pendere
367 794 582 838 mansori?
608 797 672 837 Ita
695 809 800 852 ergo
822 803 864 838 et
881 794 1068 837 animam
1094 807 1373 851 recognosce,
1399 793 1466 837 in-

62 866 173 925 quit,
199 866 318 909 carni
340 880 429 909 susc
450 864 697 909 desiderare
719 865 888 919 cibum,
918 880 969 908 ex
991 881 1075 924 qua
1102 865 1244 923 ipsum
1274 863 1467 923 concipit

59 936 150 980 sine
164 936 299 980 dubio
319 936 598 980 desiderium.
629 955 648 977 η
675 939 776 980 Haec
795 952 952 995 nempe
968 936 1040 980 ille
1055 936 1229 995 juvenis
1244 951 1321 978 sua
1339 948 1464 978 sensa

59 1007 201 1051 verbis
223 1006 576 1051 luculentissimis
597 1017 642 1050 et
663 1006 1037 1050 sullicientissimis
1067 1004 1319 1064 explicavit,
1350 1019 1466 1048 asse-

59 1093 156 1122 rens
192 1094 280 1122 non
304 1079 459 1122 animae
488 1079 649 1137 requiri
672 1077 893 1132 alimenta,
920 1078 995 1121 scd
1017 1077 1215 1136 corpori,
1241 1092 1346 1121 cura
1370 1076 1466 1136 qui-

57 1149 156 1192 dem
172 1147 302 1203 illius,
319 1147 392 1192 sed
414 1157 621 1208 tanquam
638 1148 874 1192 habitantis
893 1148 937 1191 in
955 1148 1103 1202 domo,
1123 1157 1165 1192 et
1185 1146 1464 1191 moribundae

56 1221 195 1264 carnis
213 1221 489 1263 imminentes
510 1221 656 1263 ruinas
681 1218 861 1278 provida
885 1218 1122 1263 refectione
1144 1218 1381 1262 fulcientis.
1403 1219 1460 1261 Et

58 1289 168 1334 illud
212 1305 313 1347 ergo
344 1290 529 1349 explicet
570 1290 647 1333 tibi
663 1324 672 1342 ,
708 1289 817 1348 quid
846 1289 987 1332 anima
1030 1288 1103 1332 illa
1135 1288 1278 1332 divitis
1323 1288 1459 1331 ruitu-

58 1376 152 1404 rum
184 1361 400 1405 destinare
439 1360 658 1420 cupiebat,
686 1375 784 1418 quae
810 1358 995 1402 mortale
1026 1360 1290 1418 corpusjam
1310 1358 1465 1417 utique

55 1432 259 1486 habebat,
277 1441 319 1475 ct
339 1440 487 1475 tamen
508 1431 697 1483 sitiebat,
724 1439 766 1473 ct
791 1444 915 1488 aquae
933 1429 1092 1473 stillam
1112 1428 1166 1472 de
1184 1429 1323 1487 digito
1349 1443 1462 1487 pau-

55 1503 165 1561 peris
191 1501 456 1562 requirebat.
486 1500 628 1544 Habet
644 1499 718 1543 ubi
732 1514 776 1543 se
790 1499 1078 1542 exerceatiste
1095 1498 1250 1542 doctor
1265 1513 1420 1542 senum
1450 1517 1460 1543 :

54 1581 243 1632 quaerat,
276 1581 318 1615 et
347 1571 565 1624 inveniat,
599 1570 631 1613 si
656 1569 868 1629 potuerit,
896 1569 967 1612 cui
993 1569 1053 1611 rei
1079 1569 1221 1611 anima
1244 1567 1318 1611 illa
1341 1567 1461 1626 apud

55 1642 216 1686 inferos
236 1641 469 1686 humidum
496 1640 771 1694 alimentum,
794 1638 864 1683 vel
889 1648 972 1682 tam
998 1640 1204 1697 exiguum
1234 1638 1479 1682 mendica-x

55 1722 137 1766 ret,
159 1728 260 1757 cum
280 1713 456 1756 ruinoso
479 1709 831 1768 habitaculojam
849 1718 1027 1752 careret.

115 1786 521 1841 1X.1nc0rp0reum
544 1795 645 1824 sane
665 1783 802 1822 Deum
823 1794 913 1822 esse
935 1779 1055 1837 quod
1081 1777 1236 1833 credit,
1264 1778 1460 1835 gratulor

52 1868 151 1896 eum
168 1853 270 1897 hinc
282 1851 433 1896 saltem
447 1866 469 1894 a
487 1848 743 1893 Tertulliani
758 1847 1052 1891 deliramentis
1066 1863 1156 1891 esse
1172 1847 1408 1891 discretum
1420 1850 1451 1890 ¹.

56 1924 134 1968 Ille
156 1925 317 1984 quippe
335 1924 446 1967 sicut
466 1922 672 1972 animam,
694 1921 753 1963 ita
778 1919 906 1963 etiam
934 1921 1074 1962 Deum
1091 1933 1352 1977 corporeum
1368 1933 1458 1962 esse

54 1995 295 2040 contendit.
318 1998 353 2039 Α
376 2009 464 2054 quo
485 1993 565 2036 iste
592 1992 635 2034 in
653 1990 736 2034 hoc
760 1989 1038 2043 dissentiens,
1061 1988 1327 2033 mirabiliora
1355 2004 1456 2048 per-

54 2067 235 2111 suadere
249 2065 443 2118 molitur,
462 2067 600 2107 Deum
618 2062 944 2120 incorporeum,
960 2075 1048 2104 non
1067 2060 1122 2103 de
1140 2059 1276 2104 nihilo
1293 2059 1454 2114 facere,

58 2137 132 2182 sed
148 2137 203 2181 de
224 2137 454 2196 semetipso
477 2135 628 2178 flatum
657 2132 856 2176 exhalare
874 2132 1194 2190 corporeum.O
1212 2129 1457 2175 doctrinam

58 2209 128 2253 cui
145 2208 286 2252 omnis
303 2217 405 2251 aetas
423 2220 546 2249 aures
568 2203 785 2260 subrigat,
798 2217 898 2262 quae
916 2203 1114 2246 homines
1132 2217 1335 2256 annosos,
1355 2216 1456 2261 quae

58 2279 248 2339 denique
266 2277 543 2337 presbyteros
567 2282 784 2318 mereatur
803 2273 962 2316 habere
994 2271 1233 2331 discipulos
1262 2272 1270 2314 Ε
1302 2275 1453 2329 Legat,

59 2349 174 2406 legat
189 2348 235 2391 in
254 2347 464 2391 concione
484 2344 606 2405 quod
633 2342 818 2402 scripsit,
843 2350 969 2386 notos
986 2351 1118 2401 atque
1139 2341 1325 2398 ignotos,
1351 2340 1454 2386 doc-

60 2429 126 2465 tos
155 2428 286 2478 atque
309 2416 506 2461 indoctos
538 2414 797 2459 recitaturus
828 2413 997 2456 invitet.
1027 2412 1226 2456 Seniores
1254 2427 1355 2456 cum
1381 2413 1455 2471 ju-

60 2491 252 2535 nioribus
275 2489 504 2534 convenite
526 2522 536 2542 ,
562 2484 684 2546 quod
706 2483 962 2528 nesciebatis
994 2481 1171 2538 discite,
1195 2483 1317 2543 quod
1335 2499 1453 2528 nun-

112 2582 120 2597 ¹
143 2573 273 2606 Tertull.
294 2572 350 2605 llb.
372 2573 412 2604 «le.
426 2571 550 2605 Anima.
583 2569 662 2602 Vide
684 2571 812 2610 August·
834 2569 950 2601 naeres.
974 2579 1099 2605 rxxxw,
1123 2573 1156 2599 et
1174 2568 1260 2603 Epist
1290 2578 1360 2598 cxc.
