1804 3205
303 239 353 264 υιζ
388 241 552 267 NUP'rtls
587 242 638 268 ετ
669 244 1037 284 coucumsczmu,
1073 247 1154 275 Lm.
1193 249 1239 277 1¹.
1377 240 1460 279 245

77 317 435 359 commemorans,
461 316 503 350 et
526 308 630 351 iram
650 310 726 353 Dei
745 326 843 354 eum
861 327 947 371 qua
969 313 1202 369 nascimur,
1220 324 1263 359 et
1281 317 1461 374 gratiam

75 389 160 433 qua
182 374 419 420 liberamur
444 396 452 421 :
484 397 503 419 «
532 381 586 422 Et
609 396 686 425 nos
708 397 873 437 omnes,
906 383 1063 444 inquit,
1089 385 1325 445 aliquando
1353 403 1461 432 con-

78 464 96 486 »
125 445 274 489 versati
293 462 439 491 sumus
461 448 505 492 iu
529 450 749 495 desideriis
778 455 917 498 carnis
940 465 1120 509 nostrae,
1149 456 1354 501 facientes
1384 473 1462 503 vo-

77 532 96 554 »
123 514 335 559 luntatem
358 519 497 562 carnis
527 529 570 563 ct
604 521 902 577 ail'eciionum,
936 534 979 569 et
1007 539 1177 569 eramus
1206 536 1360 572 natura
1384 528 1461 572 filii

76 603 94 626 υ
123 586 209 640 irae,
231 587 340 631 sicut
363 597 405 631 et
427 591 586 634 caeteri.
621 595 729 636 Deus
753 603 897 638 autem
921 596 996 654 qui
1027 595 1146 640 dives
1167 606 1230 641 est
1258 599 1303 642 in
1334 598 1462 643 mise-

75 673 94 696 »
123 657 304 702 ricordia
331 669 506 719 propter
531 662 712 706 multam
745 663 1022 709 dilectionem
1056 682 1142 727 qua
1177 666 1325 713 dilexit
1351 684 1428 714 nos
1446 704 1458 725 ,

73 747 91 768 n
118 738 159 772 et
196 744 297 773 cum
331 746 519 776 essemus
560 735 721 778 mortui
769 738 955 794 pcccatis
976 773 986 792 ‚
1028 739 1345 785 convivificavit
1384 756 1462 787 nos

74 817 92 839 »
118 800 305 855 Christo,
332 803 454 861 cujus
469 804 602 861 gratia
621 820 770 850 sumus
785 807 889 851 salvi
911 807 1014 852 facti
1033 811 1062 852 ¹.
1093 828 1110 850 »
1134 809 1249 863 Quid
1272 821 1334 856 est
1356 827 1460 871 ergo
1488 852 1496 873 Ι,

70 870 229 915 malitia
252 873 457 917 naturalis
482 875 682 930 hominis,
711 887 754 921 et
777 894 924 923 semen
948 879 1228 925 maledictum
1244 882 1299 926 ab
1315 882 1456 939 initio,
1481 881 1487 890 '

67 950 110 984 et
140 945 350 1000 procreati
376 945 629 990 naturaliter
659 948 703 991 in
732 950 1027 1007 captivitatem
1057 960 1099 995 et
1130 952 1380 1007 interitum,
1416 962 1459 998 et

68 1022 220 1058 natura
243 1014 318 1058 lilii
341 1016 415 1059 irae
430 1020 447 1058 ’ἔ
469 1018 692 1077 Numquid
715 1020 758 1062 in
776 1021 917 1064 Adam
940 1030 1094 1066 natura
1110 1023 1189 1067 ista
1209 1024 1268 1067 sic
1282 1025 1459 1070 condita

65 1086 156 1127 est?
180 1085 303 1128 Absit
326 1105 333 1129 :
360 1086 435 1130 scd
452 1088 553 1146 quia
576 1089 620 1131 in
641 1088 716 1133 illo
739 1090 903 1146 vitiata,
930 1092 990 1136 sic
1008 1107 1084 1151 per
1107 1096 1357 1154 omnesjam
1380 1111 1459 1139 na-

67 1155 260 1200 turaliter
280 1159 472 1201 cucurrit
490 1168 531 1202 et
549 1160 700 1214 currit,
726 1170 773 1205 ut
795 1162 851 1209 ab
875 1163 954 1207 hac
973 1165 1216 1223 perditione
1233 1181 1322 1210 non
1346 1165 1456 1211 libe·-

65 1235 143 1280 ret,
163 1226 242 1270 nisi
255 1229 390 1286 gratia
409 1229 482 1272 Dei
499 1245 572 1288 per
589 1233 738 1274 Jesum
754 1233 974 1278 Christum
994 1237 1222 1280 Dominum
1238 1246 1452 1281 nostrum.

122 1301 242 1341 xxi.
280 1298 394 1351 Quid
416 1309 477 1343 cst
497 1317 599 1360 ergo
620 1302 739 1361 quod
763 1304 839 1347 iste
863 1305 1060 1365 adjungit
1086 1316 1128 1351 et
1158 1306 1261 1351 dicit
1284 1307 1338 1352 de
1365 1311 1457 1355 No‘e

64 1378 106 1412 ct
127 1369 221 1412 filiis
259 1371 366 1429 ejus,
388 1371 508 1430 quod
539 1391 558 1413 «
593 1373 799 1417 Similiter
824 1375 1044 1420 benedicti
1069 1377 1155 1421 sint
1176 1388 1223 1421 ut
1251 1378 1389 1423 Adam
1412 1388 1456 1423 et

65 1441 168 1493 Eva,
195 1439 368 1485 dicente
391 1444 480 1486 Deo
504 1462 511 1486 ι
543 1445 795 1498 «Crescite,
831 1454 873 1489 et
902 1446 1278 1506 multiplicamini,
1314 1458 1356 1493 et
1385 1464 1456 1493 re-

64 1529 82 1550 »
111 1509 224 1569 plete
244 1521 415 1566 terram,
441 1522 483 1556 et
502 1512 790 1558 dominamini
811 1517 903 1575 ejus
918 1518 963 1559 ²?
989 1536 1006 1558 υ
1033 1518 1203 1571 Quibus
1223 1519 1299 1563 Dei
1314 1520 1455 1565 verbis

59 1579 180 1624 addit
202 1593 294 1634 sua,
321 1580 469 1626 dicens
490 1602 497 1627 ;
526 1603 545 1625 «
565 1583 776 1643 Voluptas
800 1600 904 1644 ergo
927 1587 1021 1642 ista,
1045 1604 1176 1647 quam
1196 1597 1244 1632 tu
1267 1588 1456 1634 diaboli-

59 1666 150 1695 cam
177 1652 236 1696 vis
258 1653 410 1708 videri,
436 1655 526 1712 jam
556 1655 597 1698 in
623 1656 883 1715 supradictis
907 1659 1167 1719 conjugibus
1190 1659 1451 1716 habebatur,

58 1738 157 1782 quae
176 1723 515 1769 utinstitutione
539 1725 670 1780 bona,
699 1727 757 1771 ita
780 1728 911 1772 etiam
928 1728 1234 1774 benedictione
1252 1746 1456 1789 perman·
1486 1737 1499 1758 ⁹

58 1793 125 1836 sit.
156 1795 251 1838 Non
281 1795 396 1838 enim
430 1794 673 1849 dubitatur,
703 1797 756 1840 de
780 1798 860 1841 hac
883 1799 937 1842 ad
960 1801 1050 1844 No'e
1075 1808 1118 1843 et
1146 1799 1201 1843 ad
1229 1800 1339 1844 filios
1362 1802 1454 1861 ejus

57 1879 287 1923 corporum
297 1866 603 1910 commixtione
618 1867 800 1922 dictum,
820 1871 1048 1928 cujusjam
1062 1885 1165 1914 usus
1179 1870 1420 1916 inoleverat
1440 1891 1449 1917 z

62 1935 294 1980 «Crescite
334 1946 376 1979 et
415 1936 789 1995 multiplicamini,
827 1948 869 1982 et
904 1939 1066 1998 replete
1096 1949 1270 1985 terram.
1307 1960 1325 1982 »
1354 1944 1453 1987 Non

58 2021 167 2064 opus
184 2015 247 2050 est
264 2005 415 2050 eadem
439 2007 585 2051 multis
602 2008 744 2052 verbis
762 2018 973 2067 repetere.
996 2013 1057 2054 De
1075 2010 1180 2055 vitio
1202 2011 1272 2056 hic
1291 2012 1449 2071 agitur,
1486 2020 1494 2035 “

56 2092 144 2137 quo
167 2087 230 2121 est
250 2077 483 2136 depravata
507 2087 660 2123 natura
686 2080 817 2134 bona,
844 2082 970 2140 cujus
991 2081 1083 2126 vitii
1099 2091 1251 2127 auctor
1270 2092 1334 2126 est
1357 2083 1450 2128 dia-

58 2146 210 2204 bolus,
239 2163 327 2192 non
350 2148 404 2192 de
434 2158 602 2194 naturae
628 2150 761 2209 ipsius
793 2151 1016 2206 bonitate,
1054 2154 1178 2213 cujus
1207 2163 1360 2199 auctor
1389 2164 1453 2200 est

58 2221 170 2262 Deus
189 2238 197 2262 ε
215 2219 290 2279 qui
309 2235 452 2279 neque
466 2220 520 2263 ab
535 2220 625 2279 ipsa
641 2221 790 2265 vitiata
807 2223 1130 2283 depravataque
1147 2233 1302 2268 natura
1321 2239 1446 2269 suam

57 2288 265 2334 abstinuit
286 2290 542 2345 bonitatem,
564 2301 612 2335 ut
629 2291 818 2336 auferret
833 2293 887 2337 ab
903 2294 1079 2338 homine
1096 2293 1446 2351 foecunditatem,

56 2359 354 2414 vivacitatem,
380 2360 634 2415 sanitatem,
665 2361 890 2422 ipsamque
921 2362 1206 2408 substantiam
1242 2365 1374 2409 animi
1407 2374 1450 2410 et

57 2429 263 2487 corporis,
290 2444 436 2473 sensus
459 2439 590 2490 atque
613 2431 851 2487 rationem,
885 2432 1089 2478 alimenta
1109 2468 1119 2488 ,
1151 2434 1415 2478 nutrimenta
1433 2469 1445 2490 ,

58 2499 323 2543 incrementa
341 2520 351 2550 ς
371 2519 389 2541 «
412 2501 497 2553 Qui
522 2501 650 2544 etiam
673 2500 770 2545 facit
794 2503 895 2547 oriri
914 2503 1046 2548 solem
1070 2520 1194 2549 suum
1217 2520 1345 2564 super
1366 2506 1448 2549 bo-

107 2591 113 2606 ¹
139 2583 402 2626 Ephcs.11‚3.-
430 2591 442 2608 ²
462 2588 541 2618 Gen.
559 2597 602 2627 ix,
629 2597 654 2618 i.
