1804 3205
344 205 398 233 DE
430 205 717 234 Pnnrzcnonl!
748 205 945 233 JUSTITIAE
980 206 1174 235 HOMINIS.
1401 197 1456 238 39

77 270 215 316 omnis
248 270 439 314 humana
477 270 681 328 cogitatio
706 289 714 314 :
741 270 1099 331 quandoquidem
1126 271 1294 315 initium
1324 275 1461 318 corri-

77 340 206 401 gendi
229 355 303 385 eor
326 339 430 384 {ides
452 348 538 394 est,
562 340 673 384 sieut
701 341 911 400 scriptum
932 349 994 385 est
1023 361 1031 385 :
1063 360 1080 381 α
1104 342 1278 397 Venies,
1304 351 1347 386 et
1362 359 1462 402 per—

79 430 99 452 »
126 413 302 457 transies
324 411 379 456 ab
397 411 520 455 initio
551 410 651 455 fidei
673 415 681 437 ¹
708 431 716 457 :
745 429 765 453 n
795 421 838 456 et
860 413 1045 473 quisque
1063 413 1120 456 ita
1138 413 1257 471 eligit
1279 414 1462 469 bonum,

76 482 187 527 sicut
224 480 461 541 unicuique
494 484 607 526 Deus
649 483 830 541 partitus
861 493 926 528 est
959 498 1208 528 mensuram
1247 483 1390 541 fidei'2,
1423 495 1466 530 et

80 572 100 596 α
125 555 261 598 Nemo
280 561 421 613 potest
452 552 507 597 ad
525 566 593 595 mc
615 553 778 608 venire,
804 553 862 598 ait
884 553 1084 614 princeps
1106 552 1222 609 fidei,
1241 554 1321 599 nisi
1341 558 1467 600 Pater

80 642 100 665 »
127 624 203 683 qui
232 623 346 667 misit
378 637 468 677 me,
501 623 677 667 traxerit
700 624 848 668 eum³.
880 642 899 664 »
925 622 1055 678 Quod
1092 624 1147 668 de
1179 623 1265 668 lide
1300 625 1467 670 dictum

78 708 167 739 esse
189 694 336 754 quain
359 708 459 738 eum
480 692 690 747 creditur,
713 695 814 739 satis
832 693 1056 739 evidenter
1079 704 1225 755 postea
1249 696 1467 755 explanat,

77 765 154 810 ubi
171 764 276 810 dicit
302 783 311 810 ε
340 783 359 805 «
386 764 528 808 Verba
562 780 661 824 quae
689 779 768 824 ego
801 764 975 810 loeutus
997 780 1093 810 sum
1116 766 1265 820 vobis,
1295 767 1469 827 spiritus

80 853 101 878 »
122 845 166 880 et
187 836 274 881 vita
292 844 410 889 sunt,
433 834 510 880 sed
528 834 708 896 quidam
730 845 825 881 sunt
853 851 905 880 ex
926 836 1049 881 vobis
1069 837 1145 897 qui
1161 852 1252 881 non
1266 836 1466 883 credunt.

79 924 100 949 »
130 906 303 953 Sciebat
336 906 452 950 enim
481 906 535 950 ab
559 906 685 951 initio
708 908 858 962 Jesus,
892 908 967 967 qui
991 918 1132 952 essent
1158 906 1401 963 credentes,
1427 917 1471 952 et

81 995 102 1021 »
126 978 224 1038 quis
238 991 339 1022 eum
358 975 596 1022 traditurus
619 987 744 1033 esset,
764 987 808 1022 et
826 978 1022 1024 dicebat:
1039 981 1273 1038 Propterea
1287 979 1376 1024 dixi
1392 995 1471 1025 vo-

81 1068 102 1090 »
130 1048 219 1105 bis3
241 1049 343 1107 quia
363 1062 493 1092 nemo
513 1056 658 1108 potest
675 1047 730 1092 ad
745 1063 813 1092 me
827 1048 992 1103 venire,
1012 1049 1093 1092 nisi
1116 1046 1246 1094 suerit
1263 1050 1300 1094 ei
1317 1049 1469 1095 datum

82 1137 103 1160 »
128 1135 153 1164 a
176 1122 302 1164 Patre
321 1119 459 1163 me04.
484 1139 502 1160 »

138 1192 280 1234 XLII.
319 1191 529 1248 Magnum
553 1197 700 1233 autem
730 1188 898 1250 aliquid
917 1204 996 1249 pro
1019 1204 1095 1234 sua
1123 1205 1252 1235 causa
1274 1205 1319 1235 se
1347 1192 1471 1236 inve-

79 1262 191 1307 nisse
219 1261 452 1305 arbitratus
478 1269 542 1305 est
569 1260 688 1321 apud
718 1262 874 1305 Isa'l‘am
905 1262 1162 1321 prophetam
1179 1296 1191 1317 ,
1221 1262 1324 1322 quia
1359 1265 1472 1306 Deus

82 1332 206 1384 dixit,
235 1351 256 1374 «
291 1332 334 1377 Si
366 1331 588 1376 volueritis
621 1341 664 1376 et
692 1331 914 1376 audieritis
952 1347 1048 1387 me,
1083 1348 1183 1393 quae
1219 1332 1335 1378 bona
1371 1343 1473 1378 sunt

89 1424 103 1444 »
132 1412 258 1448 terrae
279 1401 622 1447 manducabitis:
647 1402 680 1446 si
705 1411 852 1446 autem
872 1402 1097 1446 nolueritis
1121 1411 1163 1445 et
1179 1417 1269 1447 non
1284 1402 1474 1446 audieri-

89 1494 103 1514 ι
131 1473 184 1518 tis
201 1488 294 1527 me,
321 1471 488 1532 gladius
512 1488 586 1517 vos
609 1471 823 1517 comedet.
850 1473 907 1516 Os
930 1473 1046 1516 enim
1075 1472 1248 1518 Domini
1275 1472 1473 1518 locutum

84 1563 105 1588 »
130 1554 195 1590 est
207 1545 344 1589 haec⁵.
373 1562 392 1585 »
419 1543 550 1597 Quasi
566 1558 655 1588 non
673 1543 742 1588 lex
763 1552 852 1588 tota
870 1542 1123 1604 hujusmodi
1145 1543 1473 1589 conditionibus

82 1614 211 1676 plena
227 1615 283 1658 sit
308 1633 317 1658 ε
342 1622 419 1658 aut
439 1613 495 1658 ob
518 1611 638 1658 aliud
664 1613 864 1672 superbis
887 1622 1104 1673 praecepta
1125 1614 1205 1658 ista
1232 1613 1334 1658 data
1355 1614 1442 1659 sint
1458 1649 1470 1671 ‚

89 1708 103 1727 ι
130 1686 219 1732 Nisi
235 1686 337 1746 quia
359 1684 428 1729 lex
438 1684 805 1745 praevaricationis
824 1685 960 1744 gratia
981 1686 1120 1744 posita
1142 1693 1222 1739 est,
1239 1685 1379 1730 donec
1398 1701 1473 1729 ve-

91 1777 106 1798 »
131 1757 244 1802 niret
270 1771 418 1801 semen
445 1755 517 1801 cui
544 1756 800 1815 promissum
829 1757 938 1800 estss.
972 1755 1097 1800 Unde
1127 1755 1391 1800 subintravit
1426 1765 1474 1800 ut

88 1845 109 1868 »
132 1825 378 1872 abundaret
399 1825 627 1881 delictum,
646 1835 690 1870 et
710 1826 787 1870 ubi
807 1825 1050 1870 abundavit
1070 1824 1296 1879 delictum,
1319 1839 1472 1884 super-

90 1916 112 1940 »
136 1896 376 1942 abundavit
403 1897 561 1955 gratia⁷
584 1915 594 1940 ;
629 1913 650 1935 ἱι
675 1895 720 1939 id
749 1904 838 1950 est,
870 1904 921 1939 ut
957 1895 1170 1954 acciperet
1200 1895 1333 1939 homo
1361 1909 1474 1954 prae-

88 1978 230 2028 cepta,
254 1967 437 2027 superbe
459 1967 515 2012 de
541 1966 628 2011 suis
650 1965 813 2011 viribus
839 1965 994 2020 fidens,
1018 1965 1064 2008 in
1086 1964 1248 2025 quibus
1269 1964 1474 2009 deficiens

89 2049 134 2084 et
155 2040 294 2084 factus
320 2038 449 2082 etiam
477 2036 798 2096 praevaricator,
828 2035 1106 2080 liberatorem
1128 2033 1476 2094 salvatoremque

90 2111 357 2170 requireret3
391 2117 523 2168 atque
555 2107 614 2151 ita
639 2122 741 2152 eum
770 2107 899 2152 timor
919 2106 1026 2166 legis
1054 2106 1267 2150 humilem
1289 2106 1472 2162 factum,

90 2191 300 2242 tanquam
316 2179 581 2241 paedagogus
597 2178 653 2224 ad
673 2178 807 2223 fidem
829 2179 1097 2238 gratiamque
1114 2177 1387 2237 perduceret.
1409 2180 1475 2223 Ita

90 2252 389 2313 multiplicatis
404 2250 728 2295 infirmitatibus
740 2258 888 2310 postea
905 2248 1298 2304 acceleraveruntss,
1314 2248 1475 2309 quibus

91 2323 294 2371 sanandis
324 2330 571 2383 opportune
602 2321 799 2368 Christus
826 2319 1017 2366 advenit.
1051 2323 1104 2365 In
1139 2322 1262 2380 cujus
1293 2320 1474 2379 gratiam

143 2449 153 2468 ¹
183 2444 276 2477 Cant.
297 2453 342 2484 iv,
367 2442 460 2484 juxta
478 2442 575 2475 Lxx.
590 2457 632 2465 —
648 2447 661 2463 ²
681 2442 772 2474 Rom.
805 2451 849 2474 ιιι
863 2466 871 2482 ,
893 2440 945 2474 13.
964 2458 1004 2465 —
1022 2437 1036 2463 3
1054 2442 1145 2473 Joan.
1166 2452 1209 2483 vi,
1230 2439 1284 2482 44.
1303 2457 1344 2464 -
1357 2439 1374 2470 4
1395 2439 1476 2473 Ibid.

94 2498 153 2541 64,
183 2500 239 2532 65.
261 2514 301 2523 -
316 2497 330 2523 ⁵
354 2500 424 2534 lsai.
453 2510 488 2540 ι,
513 2509 565 2540 ¹9·
584 2496 655 2522 -s’
685 2497 754 2531 Gal.
787 2508 848 2538 nr,
877 2507 928 2538 ¹9-
945 2504 1014 2531 —7
1036 2499 1129 2530 Rom.
1151 2508 1173 2529 v
1188 2522 1197 2538 ,
1227 2505 1281 2530 20.
1306 2512 1345 2519 —
1364 2495 1379 2518 8
1399 2495 1478 2529 Psal.

98 2566 152 2594 xv,
170 2555 203 2597 4.
