1804 3205
283 208 445 236 cona-aa
479 207 584 236 mus
619 210 750 238 Ειηετ.
787 207 1016 238 nucum.
1053 211 1135 238 Lm.
1174 213 1220 238 ιι.
1371 200 1455 241 463

68 288 88 311 υ
114 271 228 330 gelio
242 272 484 318 secundum
504 274 708 319 virtutem
731 274 805 319 Dei
828 274 968 321 salvos
989 290 1067 320 nos
1091 274 1289 321 facientis
1312 285 1354 320 et
1382 292 1461 322 vo-

67 359 88 384 »
113 342 252 387 cantis
273 344 501 389 vocatione
530 360 606 390 sua
634 354 816 401 sanctas
838 362 926 392 non
946 347 1187 392 secundum
1207 363 1337 407 opera
1360 364 1460 392 nos-

71 430 90 455 »
117 422 180 458 tra
197 448 208 468 ,
241 412 316 459 sed
346 415 589 461 secundum
622 432 748 462 suum
779 418 1046 477 propositum
1069 428 1111 462 et
1130 419 1310 477 gratiam
1328 453 1338 472 ‚
1362 434 1462 477 quoe

71 502 89 524 »
114 483 213 527 data
237 494 302 529 est
328 486 450 530 nobis
472 488 515 530 in
539 487 714 531 Christo
739 490 841 532 Jcsu
864 498 964 532 ante
985 488 1143 532 saecula
1164 498 1351 542 aeterna,
1375 503 1462 532 ma-

69 571 88 594 »
114 553 315 599 nifestata
346 565 494 600 autern
525 573 643 602 nune
677 573 752 617 pei·
783 557 1021 602 adventum
1061 558 1293 603 Salvatoris
1327 558 1461 602 nostri

72 643 88 663 ι)
113 626 216 669 Jcsu
237 626 441 670 Christi¹.
467 645 486 668 »
518 630 610 671 Hoc
637 637 699 671 cst
717 644 819 688 crgo
850 629 1118 688 propositum
1148 630 1218 672 Dei
1250 629 1367 672 undc
1394 628 1460 672 di-

64 694 177 738 citur
200 715 207 740 z
237 715 256 738 «
283 697 441 741 Omnia
466 708 725 756 cooperatur
747 699 791 742 in
823 700 987 743 bonum
1010 698 1093 743 illis
1117 700 1191 759 qui
1218 698 1458 743 secundum

68 783 87 805 »
113 767 384 825 propositum
405 769 547 812 vocati
567 772 714 813 sunt2.
746 789 764 810 »
794 771 992 814 Hominis
1019 780 1164 814 autem
1192 771 1460 830 propositum

64 835 230 880 bonum
250 837 426 897 adjuvat
446 838 624 897 quidem
647 840 917 901 subsequens
937 841 1072 899 gratia
1089 876 1099 894 ,
1121 842 1195 885 scd
1223 857 1299 886 nec
1318 843 1459 901 ipsum

62 915 172 950 esset
203 907 284 951 nisi
323 909 589 967 praecederet
624 912 771 968 gratia.
816 911 1020 956 Studium
1061 928 1238 972 quoque
1276 911 1462 956 hominis

65 977 186 1037 quod
206 977 364 1022 dicitur
397 982 584 1033 bonum,
617 983 817 1040 quamvis
848 997 949 1026 cum
981 998 1070 1026 esse
1098 983 1305 1041 coeperit,
1338 982 1462 1041 adju-

63 1058 188 1092 vetur
217 1051 376 1108 gratia,
413 1067 500 1095 non
524 1061 669 1096 tamen
699 1054 852 1112 incipit
882 1053 973 1096 sine
1001 1054 1135 1110 gratia
1164 1072 1171 1097 :
1197 1052 1271 1096 sed
1300 1053 1353 1096 ab
1386 1053 1462 1096 illo

62 1118 316 1178 inspiratur,
337 1121 392 1164 de
410 1137 499 1181 quo
521 1121 875 1182 (licitApostolus
900 1142 907 1167 :
933 1143 952 1165 «
973 1125 1140 1167 Gratias
1171 1133 1316 1166 autem
1344 1126 1457 1177 Deo⁷

66 1208 86 1231 »
111 1192 188 1251 qui
212 1191 333 1236 dedit
357 1193 474 1236 idem
500 1195 695 1237 studium
729 1210 805 1252 pro
830 1194 954 1237 vobis
983 1195 1027 1237 in
1058 1193 1188 1238 corde
1219 1194 1343 1237 Tim.
1370 1213 1388 1234 »
1418 1195 1460 1238 Si

62 1261 257 1306 studium
275 1264 460 1324 quisque
477 1274 527 1308 ut
546 1280 624 1323 pro
643 1264 734 1307 aliis
755 1265 933 1320 habeat,
956 1268 1069 1309 Deus
1089 1265 1163 1309 dat
1182 1286 1192 1323 3
1212 1274 1258 1308 ut
1276 1281 1351 1324 pro
1369 1266 1459 1324 ipso

65 1348 108 1376 se
126 1333 305 1389 habeat,
327 1336 423 1395 quis
447 1335 555 1379 alius
579 1346 642 1380 est
664 1336 873 1380 daturus?

123 1406 296 1448 XXIII.
332 1407 440 1457 Quae
477 1421 577 1449 cum
608 1407 666 1450 ita
695 1407 808 1461 sint,
839 1406 945 1450 nihil
975 1407 1018 1449 in
1050 1407 1280 1465 Scripturis
1304 1406 1460 1450 sanctis

66 1473 231 1517 homini
255 1491 276 1517 a
301 1475 486 1519 Domino
509 1476 635 1519 video
655 1476 828 1535 juberi,
853 1486 1028 1535 propter
1050 1476 1326 1536 probandum
1350 1475 1461 1519 libe-

67 1560 164 1588 rum
187 1545 430 1600 arbitrium,
448 1546 569 1606 quod
585 1562 674 1590 non
692 1548 940 1590 inveniatur
960 1547 1028 1590 vel
1042 1548 1132 1589 dari
1153 1547 1206 1589 ab
1227 1548 1317 1604 ejus
1337 1546 1461 1589 boni-

68 1623 181 1671 tate,
219 1616 287 1661 vel
315 1618 431 1676 posci
462 1626 640 1676 propter
673 1617 938 1677 adjutorium
973 1617 1121 1676 gratiae
1154 1616 1460 1660 demonstran-

66 1685 172 1729 dum
200 1705 208 1730 :
245 1703 324 1731 nec
352 1687 532 1731 omnino
564 1688 715 1746 incipit
737 1688 869 1731 homo
898 1703 948 1730 ex
980 1686 1095 1730 malo
1127 1687 1169 1728 in
1194 1686 1359 1729 bonum
1385 1701 1461 1744 per

67 1756 237 1800 initium
271 1755 372 1801 fidei
409 1757 694 1811 commutari,
733 1757 809 1800 nisi
841 1757 922 1800 hoc
950 1756 995 1799 in
1027 1756 1101 1799 illo
1131 1766 1228 1814 agat
1264 1756 1459 1800 indebita

68 1835 111 1870 et
133 1818 320 1885 gratuita
354 1827 644 1871 misericordia
669 1827 760 1870 Dei.
799 1830 857 1870 De
891 1842 975 1886 qua
998 1841 1120 1870 suam
1152 1828 1458 1885 cogitationem

68 1897 260 1943 recolens
283 1898 486 1959 quidam,
519 1899 628 1943 sicut
651 1898 833 1957 legimus
864 1899 907 1941 in
941 1897 1118 1941 Psalmis
1148 1917 1158 1942 ;
1191 1917 1210 1939 «
1237 1897 1459 1956 Numquid

70 1989 90 2012 »
116 1969 420 2024 obliviscetur,
455 1970 620 2029 inquit,
658 1969 846 2012 misereri
879 1972 1010 2022 Deus,
1036 1977 1112 2011 aut
1142 1967 1384 2012 continebit
1414 1968 1459 2010 in

70 2060 89 2083 υ
114 2041 175 2085 ira
201 2056 277 2085 sua
306 2041 600 2085 miserationes
628 2041 756 2084 suas?
787 2043 842 2083 Et
872 2039 959 2083 dixi
993 2059 1002 2084 ;
1038 2042 1164 2084 Nunc
1198 2040 1311 2099 coepi
1331 2074 1341 2094 ,
1367 2040 1460 2083 haec

68 2129 88 2153 i>
114 2111 297 2156 mutatio
319 2112 506 2155 dexterae
526 2110 742 2155 Excelsi4.
773 2128 793 2150 »
819 2112 931 2155 Cum
954 2125 1056 2168 ergo
1078 2109 1274 2164 dixisset,
1305 2129 1323 2151 α
1343 2124 1460 2152 nunc

69 2201 88 2224 »
114 2184 251 2242 coepi3
276 2202 295 2223 »
323 2199 411 2227 non
430 2184 508 2237 ait,
533 2183 627 2226 haec
650 2182 832 2225 mutatio
861 2182 1027 2225 arbitrii
1056 2182 1137 2224 mei
1166 2200 1174 2225 :
1200 2182 1274 2224 sed
1303 2200 1320 2221 «
1350 2180 1455 2224 dex-

68 2272 88 2295 »
115 2263 219 2298 terae
247 2254 428 2299 Excelsi.
463 2275 479 2294 »
520 2255 587 2298 Sic
610 2255 756 2312 itaque
786 2254 861 2296 Dei
898 2252 1031 2309 gratia
1059 2253 1295 2310 cogitetur,
1323 2261 1370 2295 ut
1403 2252 1458 2295 ab

66 2325 190 2368 initio
225 2324 351 2369 bonae
388 2325 639 2368 mutationis
681 2339 768 2366 suae
820 2338 961 2381 usque
999 2323 1043 2366 in
1085 2324 1215 2366 finem
1255 2338 1460 2367 consum-

66 2395 266 2440 mationis
295 2395 370 2455 qui
415 2394 624 2454 gloriatur
671 2395 715 2437 in
756 2394 942 2438 Domino
976 2392 1233 2452 glorietur⁵.
1260 2394 1370 2447 Quia
1396 2394 1454 2438 si-

119 2506 124 2519 ¹
147 2507 167 2529 2
187 2499 266 2530 Tim.
289 2510 313 2538 1,
332 2498 352 2530 8
370 2502 406 2530 et
418 2508 506 2540 seqq.
524 2513 565 2519 —
582 2503 594 2518 ²
613 2499 703 2528 Rom.
724 2507 798 2537 vui,
814 2495 868 2528 28.
887 2513 922 2519 -
941 2493 955 2517 3
976 2503 997 2528 '2
1016 2497 1090 2530 Cor.
1112 2507 1181 2534 vni,
1206 2496 1255 2528 16.
1271 2495 1338 2525 -4
1358 2495 1439 2528 Psal.

64 2565 174 2595 mxxvi,
197 2564 235 2586 ιο
252 2558 286 2586 et
306 2552 443 2586 1¹.—5
469 2563 488 2586 2
505 2555 579 2587 Cor.
606 2562 638 2591 x,
669 2562 719 2593 ¹7·
