1804 3205
351 219 404 245 nn
438 218 725 246 l'ERFEC'l·10NB
757 218 952 244 stsTlTIAE
988 217 1184 244 nominis.
1402 207 1452 242 15

76 284 168 328 haec
184 282 382 329 faciendo
403 285 447 328 in
469 284 664 328 doctrina
681 298 799 338 sana,
824 297 909 343 qua
933 283 1172 326 :edificatur
1194 280 1299 324 fides
1324 290 1451 335 recta,

71 368 168 414 spes
194 355 333 410 firma,
357 355 540 400 charitas
568 370 691 414 pura.
725 356 827 398 Haec
858 363 922 397 est
949 368 1067 397 nune
1090 361 1237 396 nostra·
1254 352 1421 410 justitia
1441 386 1451 405 ,

71 441 159 486 qua
176 426 390 471 currimus
411 427 648 472 esurientes
670 434 713 470 et
735 425 926 470 sitientes
950 423 1003 469 ad
1029 424 1336 484 perfectionem
1360 422 1455 482 ple-

71 495 404 558 nitudinemque
434 497 613 557 justitiae
631 532 641 551 ,
682 505 731 540 ut
763 511 811 540 ea
846 505 992 555 postea
1031 505 1289 540 saturemur.
1334 493 1455 538 Unde

70 568 280 611 Dominus
295 567 340 612 in
360 566 597 627 Evangelio
618 581 719 611 cum
739 566 914 611 dixisset
935 587 942 610 :
969 585 988 609 «
1009 566 1150 612 Nolite
1171 566 1310 610 facere
1326 564 1455 624 justi-

71 653 93 678 »
112 637 215 680 tiam
239 646 425 682 vestram
447 653 591 682 coram
619 637 884 691 hominibus,
908 646 957 681 ut
973 636 1206 682 videamini
1231 637 1284 679 al)
1302 636 1403 690 eis¹3
1433 653 1453 675 »

67 722 124 752 ne
147 708 277 752 istum
309 718 507 754 nostrum
540 724 715 754 cursum
743 709 847 753 sinae
880 709 1083 752 humanae
1109 708 1258 766 gloriae
1282 707 1457 750 metire-

68 793 188 835 mur,
213 795 302 826 non
325 789 388 825 est
415 782 459 825 in
479 781 746 841 expositione
763 781 941 840 justitiae
960 781 1093 840 ipsius
1115 788 1320 824 executus
1341 813 1351 833 ,
1378 778 1455 821 nisi

65 851 147 895 tria
163 851 241 897 ista
257 887 268 907 ‚
282 853 498 912 jejunium
515 888 526 907 ,
547 852 865 910 eleemosynas,
885 853 1102 897 orationes
1125 874 1135 909 3
1155 852 1321 911 jejunio
1340 849 1455 894 seili-

64 929 137 965 cet
153 922 400 967 universam
418 924 609 982 eorporis
628 923 951 982 castigationem
973 922 1240 980 significans,
1265 921 1456 964 eleemo-

69 991 187 1048 synis
205 1007 379 1037 omnem
399 992 746 1038 benevolentiam
771 1002 814 1037 et
836 992 1186 1047 beneficentiam,
1212 990 1280 1035 vel
1303 989 1453 1044 dandi,

68 1061 138 1106 vel
152 1063 429 1122 ignoscendi,
451 1074 494 1109 et
508 1065 702 1109 oratione
720 1064 943 1109 insinuans
962 1079 1113 1108 omnes
1132 1064 1301 1122 regulas
1319 1062 1456 1106 sancti

68 1131 269 1178 desiderii
295 1156 304 1180 :
330 1146 380 1180 ut
407 1137 613 1196 quoniam
642 1137 687 1180 in
718 1136 998 1194 castigatione
1034 1135 1226 1195 corporis
1261 1133 1457 1178 frenatur

68 1206 436 1265 concupiscentia,
465 1223 565 1267 quae
592 1222 680 1252 non
709 1207 898 1261 frenari,
933 1207 1008 1251 sed
1039 1207 1220 1250 omnino
1248 1221 1339 1249 esse
1368 1219 1456 1249 non

68 1272 224 1330 debet,
255 1291 335 1321 nec
366 1277 447 1321 erit
471 1277 515 1321 in
542 1276 615 1321 illa
653 1276 921 1337 perfectione
939 1277 1118 1336 justitiae
1136 1312 1146 1330 ,
1177 1276 1253 1320 ubi
1283 1274 1455 1319 nullum

68 1344 149 1389 erit
171 1347 348 1392 omnino
373 1357 599 1407 peccatum
622 1369 632 1404 ς
657 1357 700 1392 et
721 1363 835 1408 saepe
859 1348 901 1391 in
925 1363 1005 1392 usu
1030 1363 1175 1392 rerum
1203 1347 1334 1391 etiam
1357 1361 1456 1390 con·

65 1429 281 1460 cessarum
304 1426 435 1477 atque
449 1418 664 1462 licitarum
678 1419 812 1462 exerit
828 1417 1230 1462 immoderationem
1245 1431 1365 1460 suam
1385 1435 1394 1460 :
1411 1416 1455 1459 in

63 1485 155 1544 ipsa
175 1501 276 1532 vera
301 1488 587 1533 beneficentia
609 1505 695 1548 qua
720 1490 862 1549 justus
884 1488 1072 1533 consulit
1089 1488 1309 1547 proximo,
1330 1502 1454 1547 quae-

64 1554 166 1600 dam
199 1557 313 1602 fiunt
342 1574 440 1618 quae
464 1559 625 1614 obsint,
658 1574 759 1604 cum
782 1561 984 1618 prodesse
1001 1568 1151 1618 putata
1171 1558 1283 1615 sint,
1308 1566 1350 1601 et
1373 1556 1454 1600 ali-

64 1626 243 1686 quando
257 1630 655 1688 perinfirmitatem,
673 1630 739 1674 vel
753 1646 852 1675 cum
868 1631 1009 1675 minus
1024 1631 1183 1674 suflicit
1198 1631 1355 1673 necessi
1362 1628 1456 1671 tati-

64 1696 147 1741 bus
161 1697 439 1755 aliorum‚vel
453 1716 607 1760 parum
620 1702 665 1745 in
685 1702 744 1746 eis
763 1703 950 1761 proficit,
971 1701 1091 1762 quod
1112 1700 1391 1759 benignitatis
1407 1716 1454 1743 ac

64 1766 224 1813 laboris
242 1770 527 1830 impenditur,
553 1772 748 1830 subrepit
771 1772 967 1827 taedium,
989 1788 1079 1832 quo
1097 1772 1293 1816 fuscetur
1313 1770 1453 1814 hilari-

64 1846 128 1882 tas
158 1839 203 1883 in
235 1856 323 1900 qua
355 1840 552 1886 datorem
581 1841 725 1901 diligit
760 1846 900 1899 Deus,
934 1843 1128 1900 subrepit
1157 1850 1302 1885 autem
1332 1849 1453 1883 tanto

62 1909 226 1968 magis,
253 1920 420 1971 quanto
449 1912 591 1956 minus
622 1913 834 1972 quisque,
870 1922 913 1956 et
944 1922 1065 1956 tanto
1096 1912 1253 1965 minus,
1287 1919 1453 1970 quanto

66 1981 200 2037 magis
216 1980 448 2040 profecerit
465 1986 482 2008 ²
511 2001 520 2026 :
545 1983 610 2026 his
627 1992 758 2042 atque
776 1982 1026 2041 hujusmodi
1045 1981 1340 2035 consideratis,
1362 1995 1454 2023 me-

64 2049 149 2094 rito
170 2051 216 2094 in
237 2052 428 2096 oratione
443 2051 642 2106 dicimus,
665 2053 878 2096 «Dimitte
898 2053 1022 2097 nobis
1045 2052 1192 2096 debita
1215 2061 1378 2105 nostra,
1402 2051 1454 2094 si-

69 2136 90 2159 »
124 2128 200 2164 cut
220 2130 265 2165 et
286 2136 364 2166 nos
386 2121 646 2166 dimittimus
667 2122 940 2167 debitoribus
964 2123 1160 2167 nostrisss.
1191 2140 1210 2163 »
1239 2123 1281 2167 Si
1306 2132 1452 2166 tamen

65 2190 183 2249 quod
203 2190 404 2247 dicimus,
424 2192 631 2237 faciamus
646 2228 656 2247 ‚
682 2202 731 2237 ut
753 2193 820 2237 vel
847 2194 927 2254 ipsi
948 2195 1077 2238 etiam
1101 2193 1339 2252 diligantur
1367 2192 1451 2236 ini-

65 2260 168 2304 mici
189 2279 198 2306 :
218 2261 286 2306 vel
299 2263 333 2306 si
350 2264 580 2323 quisquam
598 2263 742 2308 adhuc
759 2265 803 2308 in
822 2265 993 2309 Christo
1011 2265 1218 2324 parvulus
1235 2265 1316 2308 hoc
1334 2278 1451 2308 non-

65 2328 172 2374 dum
194 2329 297 2377 facit
315 2353 327 2390 3
350 2334 584 2393 poenitenti
606 2343 751 2378 tamen
773 2333 893 2394 quod
913 2334 958 2378 in
976 2350 1076 2379 eum
1097 2335 1452 2395 quisquepeeca—

63 2400 128 2444 vit
144 2436 155 2456 ,
179 2411 224 2446 et
245 2405 414 2449 veniam
437 2406 619 2465 petenti,
645 2421 695 2449 ex
719 2406 873 2450 intimo
899 2405 1039 2450 cordis
1065 2406 1273 2464 ignoscat,
1300 2406 1332 2448 si
1357 2405 1450 2448 vult

64 2478 114 2514 ut
135 2472 226 2531 ejus
245 2474 485 2519 orationem
509 2479 636 2520 Pater
658 2475 845 2520 coelestis
867 2475 1081 2520 exaudiat.

112 2555 125 2574 ¹
141 2556 260 2590 Matth.
280 2568 324 2600 vi,
346 2569 376 2591 ι.
391 2577 433 2583 -
446 2565 459 2582 ²
479 2567 498 2592 2
516 2562 590 2594 Cor.
608 2571 653 2602 ix,
670 2571 700 2602 7.
713 2577 753 2584 —
769 2558 783 2584 3
800 2560 920 2595 Matth.
941 2570 987 2603 v1,
1010 2570 1061 2593 12.
