1804 3205
293 250 457 278 CONTRA
494 248 598 279 οιἈε.
633 252 762 280 misr.
801 250 1029 280 ennomu-
1067 253 1148 280 mn.
1187 255 1215 280 1.
1368 244 1450 283 433

62 332 82 355 n
108 315 229 373 quod
250 315 526 374 intelligitur,
553 315 729 361 credere
753 318 796 362 in
824 333 921 375 me,
946 318 1026 362 nisi
1044 318 1081 361 ei
1104 317 1255 362 datum
1280 318 1410 364 fuerit
1428 337 1450 364 a

68 405 80 424 ι
111 389 235 430 Patre
256 388 414 431 meo'?
438 405 457 427 »
488 390 641 431 Utrum
671 389 758 447 jam
783 388 952 433 volenti
976 389 1150 433 credere
1178 404 1255 448 pro
1290 391 1451 434 meritis

61 456 186 500 bonae
206 457 442 502 voluntatis
462 459 543 503 hoc
565 459 696 503 datur
724 479 731 503 :
757 476 811 503 an
835 461 981 519 potius
1010 469 1058 504 ut
1076 459 1239 515 credat,
1266 461 1353 519 ipsa
1376 476 1452 505 vo-

58 524 227 582 luntas,
248 528 358 572 sicut
394 527 539 574 Sauli.
570 529 758 588 desuper
789 531 1025 585 excitatur,
1057 530 1187 574 etiarn
1220 531 1254 574 si
1283 540 1368 574 tam
1400 531 1454 574 sit

59 612 231 642 aversus
255 615 277 642 a
302 598 408 653 fide,
440 609 487 644 ut
510 600 736 644 credentes
764 601 893 644 etiam
926 603 1239 660 persequatur?
1264 604 1317 645 Ut
1347 600 1454 661 quid

59 667 173 711 enim
196 668 320 712 nobis
340 671 549 713 Dominus
573 671 801 729 praecepit,
828 681 875 715 ut
899 686 1072 716 oremus
1093 687 1170 730 pro
1192 672 1250 715 eis
1277 672 1353 731 qui
1378 687 1454 716 nos

58 743 434 798 persequuntur²i³
466 741 691 802 Numquid
720 742 803 786 hoc
832 758 1031 797 oramus,
1064 752 1113 786 ut
1146 744 1204 786 cis
1235 757 1312 801 pro
1342 742 1453 786 bona

58 824 210 854 eorum
242 811 469 856 voluntate
499 812 633 871 gratia
659 813 732 856 Dei
759 814 1046 867 retribuatur,
1069 830 1116 858 ac
1139 828 1228 858 non
1245 813 1389 872 potius
1407 821 1456 857 ut

58 880 170 925 mala
201 881 247 925 in
274 882 442 927 bonum
474 882 678 928 voluntas
704 884 794 943 ipsa
823 885 1047 928 mutetur?
1071 884 1189 929 Sicut
1212 883 1451 937 credimus,

61 960 165 997 tunc
183 968 207 996 a
228 954 386 998 sanctis
411 969 520 1013 quos
539 956 932 1015 persequebatui·³,
960 970 1047 999 non
1070 955 1256 999 inaniter
1283 963 1453 999 oratum

56 1037 146 1067 esse
169 1038 247 1082 pro
273 1023 428 1080 Saulo,
452 1034 500 1069 ut
516 1025 571 1069 ad
591 1024 722 1068 fidem
741 1040 872 1084 quam
896 1025 1114 1078 vastabat,
1135 1025 1336 1068 voluntas
1364 1025 1456 1082 ejus

57 1103 396 1138 converteretur.
428 1097 483 1139 Et
510 1094 625 1139 illius
647 1095 827 1154 quidem
859 1095 1085 1139 conversio
1108 1096 1294 1154 desuper
1316 1093 1426 1138 facta
1441 1128 1451 1147 ‚

57 1164 308 1209 manisfesto
337 1165 466 1209 etiam
497 1164 708 1210 miraculo
743 1166 974 1225 apparuit*
1004 1184 1013 1210 ε
1045 1180 1177 1225 quam
1211 1164 1337 1208 multi
1373 1164 1455 1207 ini-

59 1235 161 1280 mici
174 1236 334 1281 Christi
348 1236 546 1296 quotidie
563 1236 709 1281 subito
723 1238 799 1281 Dei
818 1235 987 1281 occulta
1001 1236 1136 1294 gratia
1150 1236 1384 1280 trahuntur
1401 1234 1456 1279 ad

56 1307 296 1351 Christum.
323 1307 454 1360 Quod
477 1308 659 1351 verbum
684 1307 718 1351 si
741 1322 829 1352 non
853 1322 902 1350 ex
926 1305 1163 1365 Evangelio
1187 1307 1424 1365 posuissem
1441 1340 1452 1360 ,

57 1386 223 1436 quanta
251 1376 305 1421 de
329 1392 397 1421 me
422 1386 601 1436 propter
628 1378 710 1422 hoc
735 1377 813 1421 istc
835 1376 1031 1426 dixisset:v
1059 1392 1159 1422 cum
1183 1377 1313 1421 etiam
1337 1391 1455 1420 nunc

62 1445 317 1491 obluctetur
340 1462 428 1491 non
450 1447 574 1502 mihi,
606 1446 680 1492 sed
712 1446 773 1491 illi
795 1448 870 1508 qui
896 1446 1055 1492 clamat
1075 1466 1083 1491 :
1115 1466 1134 1488 «
1155 1449 1292 1493 Nemo
1314 1455 1456 1506 potest

62 1535 82 1558 »
107 1518 255 1562 venire
280 1518 334 1562 ad
359 1533 443 1573 me,
466 1518 545 1563 nisi
565 1521 690 1563 Pater
717 1519 794 1578 qui
814 1518 928 1562 misit
949 1533 1033 1572 me,
1054 1519 1231 1562 traxerit
1257 1519 1382 1560 eum5
1398 1518 1415 1560 Ρ
1431 1534 1452 1555 »

58 1589 156 1632 Non
178 1587 296 1632 enim
320 1589 394 1643 ait,
421 1587 616 1643 duxerit,
645 1598 695 1632 ut
715 1588 802 1632 illic
825 1587 973 1647 aliquo
995 1585 1128 1632 modo
1158 1585 1451 1645 intelligamus

57 1657 303 1718 praecedere
327 1659 616 1704 voluntatem.
640 1659 746 1712 Quis
774 1659 975 1714 trahitur,
1004 1659 1037 1702 si
1059 1660 1147 1718 jam
1171 1657 1379 1702 volebat?
1398 1658 1453 1699 Et

56 1738 203 1774 tamen
225 1744 355 1774 nemo
383 1730 526 1784 venit,
554 1730 634 1774 nisi
666 1729 785 1773 velit.
814 1729 1019 1773 Trahitur
1040 1743 1147 1786 ergo
1171 1727 1288 1771 miris
1311 1726 1451 1771 modis

60 1810 108 1846 ut
128 1800 255 1855 velit,
281 1800 338 1844 ab
354 1799 431 1844 illo
448 1800 525 1860 qui
543 1800 663 1844 novit
679 1800 796 1844 intus
815 1800 857 1842 in
878 1799 977 1858 ipsis
996 1798 1224 1843 hominum
1248 1796 1454 1842 cordibus

57 1872 226 1932 operari
245 1906 256 1927 ,
276 1887 366 1917 non
389 1880 439 1916 ut
460 1871 656 1916 homines
672 1906 682 1926 ,
709 1870 830 1931 quod
847 1870 940 1913 fieri
955 1885 1043 1914 non
1069 1878 1235 1928 potest,
1257 1868 1453 1914 nolentes

57 1943 260 1988 credant.
284 1942 360 1987 sed
382 1951 431 1986 ut
444 1942 639 1987 volentes
660 1957 711 1985 ex
737 1939 987 1984 nolentibus
1010 1940 1131 1983 fiant.

116 2015 369 2058 XXXVIII.
398 2015 491 2057 Hoc
509 2027 660 2056 verum
684 2026 774 2055 esse
793 2025 884 2055 non
911 2011 1159 2069 conjectura
1182 2010 1452 2068 suspicamur

57 2085 274 2139 humana,
294 2084 370 2128 sed
394 2082 713 2128 evidentissima
736 2081 979 2125 divinarum
1006 2081 1326 2138 Scripturarum
1345 2094 1451 2123 anc-

59 2154 231 2199 toritate
263 2153 569 2213 dignoscimus.
607 2152 785 2210 Legitur
818 2151 860 2194 in
887 2149 1249 2209 Paralipomenon
1286 2148 1407 2192 libris
1440 2166 1448 2191 :

65 2243 82 2265 «
105 2227 161 2269 Et
171 2224 350 2286 quidem
373 2226 419 2269 in
435 2224 549 2269 Juda
572 2223 686 2268 facta
704 2231 766 2266 est
787 2236 938 2265 manus
960 2221 1050 2272 Dei,
1069 2229 1118 2264 ut
1140 2221 1262 2263 daret
1278 2217 1361 2262 illis
1378 2232 1451 2262 cor

64 2314 84 2337 »
101 2311 257 2350 unum,
269 2305 319 2340 ut
332 2295 524 2340 facerent
538 2301 806 2354 praeceptum
820 2293 927 2349 regis
941 2301 982 2334 et
998 2290 1245 2349 principum
1257 2290 1301 2333 in
1317 2289 1451 2333 verbo

61 2384 82 2408 »
104 2366 318 2411 Dominifi.
338 2384 357 2407 »
377 2369 486 2410 Item
501 2380 579 2425 per
595 2360 866 2408 Ezechielem
886 2361 1139 2420 prophetam
1159 2359 1369 2403 Dominus
1383 2357 1450 2402 di-

60 2437 146 2483 cit:
168 2456 188 2480 «
214 2437 336 2482 Dabo
355 2437 414 2482 eis
436 2452 512 2483 cor
529 2435 648 2481 aliud
663 2469 674 2491 ‚
694 2442 737 2478 et
759 2432 956 2492 spiritum
980 2445 1143 2476 novum
1167 2429 1283 2475 dabo
1305 2430 1382 2484 eis,
1408 2438 1451 2473 et

110 2549 120 2564 ¹
143 2543 236 2575 Joan.
256 2552 303 2581 vr,
323 2541 435 2574 66.—
454 2547 466 2564 ²
488 2540 601 2574 matth.
624 2550 658 2578 v,
677 2534 808 2580 44.-3
827 2539 899 2571 Act.
920 2547 974 2575 vn,
990 2535 1096 2579 59.—
1110 2534 1191 2568 41d.
1212 2545 1256 2568 ix.
1271 2531 1335 2557 —5
1355 2534 1446 2565 Joan.

64 2597 180 2641 v1,44.
194 2614 235 2622 -
251 2595 266 2620 ⁶
285 2605 305 2630 2
327 2599 397 2631 Par.
418 2608 495 2639 xxx,
519 2605 568 2630 12.

251 2661 364 2693 cni.
1212 2641 1265 2682 28
