1804 3205
336 221 386 246 m:
420 222 553 248 AMMA
593 225 642 250 m·
677 227 769 252 mis
803 229 995 266 orimum,
1032 232 1113 257 irin.
1154 234 1180 257 t.
1378 226 1459 262 287

70 283 350 328 conviciantis
380 287 607 336 voluntate
636 292 919 349 crediderim,
946 295 1021 339 sed
1045 296 1211 341 diversa
1235 301 1460 346 sentientis

69 354 323 399 necessitate
345 355 508 402 fecisse.
540 361 618 404 Ubi
643 363 758 407 enim
786 365 891 408 mihi
915 366 1084 411 animus
1103 383 1203 426 erga
1227 385 1295 413 me
1315 372 1452 415 homi-

68 423 134 467 nis
154 424 328 483 ignotus
345 437 464 473 estet
483 429 690 487 incertus,
717 434 868 479 melius
885 435 1069 482 arbitror
1083 438 1259 483 meliora
1279 442 1454 497 sentire,

66 509 195 553 quam
215 495 481 556 inexplorata
498 500 688 560 culpare.
714 507 917 551 Fortassis
934 509 1046 552 enim
1068 524 1214 554 amore
1234 511 1316 555 mei
1337 511 1454 567 feeit,

64 564 201 610 sciens
230 567 283 611 ad
315 584 383 613 me
411 573 636 629 pervenire
673 590 795 634 posse
823 579 942 638 quod
972 581 1169 640 scripsit3
1194 582 1299 627 dum
1330 584 1373 627 in
1397 584 1455 628 eis

65 636 194 682 rebus
216 653 359 684 errare
382 657 450 685 me
473 658 559 687 non
585 645 706 700 vult,
732 647 774 690 in
797 649 957 708 quibus
981 666 1024 694 se
1047 653 1189 711 potius
1207 669 1348 698 errare
1366 670 1454 700 non

63 715 203 765 putat.
228 711 284 753 Et
305 709 402 756 ideo
430 712 570 759 debeo
604 716 733 761 etiam
766 720 857 779 ejus
887 721 1047 766 habere
1070 732 1234 781 gratam
1262 726 1454 770 benevo-

60 774 263 834 lentiam,
288 782 411 841 cujus
435 799 503 828 me
528 801 702 831 neccsse
721 799 783 834 est
807 791 1055 850 improbare
1078 797 1337 840 sententiam
1370 816 1377 840 :
1405 813 1453 842 ac

60 862 136 906 per
160 850 243 894 hoc
267 851 311 895 in
336 854 394 897 eis
418 871 518 915 quse
541 873 626 901 non
655 870 771 904 reete
799 863 931 922 sapit,
966 865 1109 910 adhuc
1135 866 1290 911 leniter
1314 870 1451 912 corri-

59 919 226 976 gendus
245 923 350 967 mihi
375 926 562 982 videtur,
587 945 673 973 nou
699 946 847 990 aspere
869 933 1178 994 detestandus3
1211 940 1449 996 praesertim

56 989 172 1048 quia,
194 992 306 1037 sicut
323 995 470 1048 audio,
492 1013 631 1058 nuper
648 1002 888 1047 catholicus
903 1004 1043 1049 factus
1060 1017 1138 1061 est,
1161 1010 1279 1066 quod
1299 1009 1335 1052 ei
1353 1025 1443 1068 gra-

57 1060 287 1107 tulandum
311 1075 389 1110 est.
421 1069 573 1114 Caruit
595 1073 710 1115 enim
743 1075 1065 1121 Donatistarum
1097 1078 1165 1122 vel
1189 1080 1332 1139 potius
1357 1084 1449 1125 Ro-

54 1132 305 1189 gatistarum
328 1136 539 1183 divisione
565 1150 605 1184 et
634 1157 799 1199 errore,
832 1161 921 1205 quo
951 1158 1076 1192 antea
1109 1151 1339 1194 tenebatur
1373 1171 1380 1196 ;
1414 1152 1448 1196 si

54 1210 200 1247 tamen
229 1206 488 1253 catholicam
519 1212 744 1257 veritatem
777 1217 887 1260 sicut
916 1228 1088 1276 oportet
1125 1220 1359 1279 intelligat,
1399 1232 1448 1267 ut

51 1287 152 1317 vere
175 1274 230 1319 de
248 1275 363 1322 illius
380 1283 664 1327 conversione
682 1287 965 1343 gaudeamus.

110 1347 191 1389 ΙΙΙ.
231 1349 375 1394 Habet
402 1352 516 1396 enim
541 1353 787 1415 eloquium,
819 1374 908 1418 quo
938 1361 1071 1418 possit
1098 1362 1311 1421 explicare
1344 1380 1444 1424 quae

47 1417 193 1461 sentit.
218 1421 344 1464 Unde
372 1437 471 1467 cum
499 1424 573 1470 illo
598 1428 819 1485 agendum
845 1440 929 1482 est,
961 1433 1087 1492 eique
1116 1436 1358 1493 optandum
1395 1446 1445 1480 ut

47 1496 161 1530 recta
180 1490 352 1545 sentiat,
375 1508 428 1535 ne,
456 1493 584 1539 faciat
605 1512 694 1541 esse
710 1498 981 1545 delectabilia
1005 1519 1104 1562 quae
1126 1492 1228 1548 sunt
1244 1505 1439 1562 inutilia,

46 1565 89 1600 et
111 1573 213 1616 quae
241 1559 398 1606 diserta
422 1564 600 1620 dixerit,
624 1583 724 1613 vera
746 1568 902 1614 dixisse
929 1572 1142 1617 videatur.
1170 1576 1374 1628 Quamvis
1399 1586 1443 1620 et

43 1625 88 1670 in
115 1628 208 1686 ipso
225 1630 400 1692 eloquio
422 1636 581 1681 habeat
602 1638 736 1684 multa
755 1642 1046 1699 emendanda,
1064 1655 1144 1690 eta
1161 1647 1292 1690 nimia
1311 1664 1441 1692 exun-

42 1696 190 1744 dantia
207 1705 496 1761 reprimenda.
517 1711 646 1762 Quod
663 1711 707 1754 in
725 1712 800 1757 illo
818 1715 896 1758 tibi
913 1732 1105 1776 quoque,
1130 1728 1175 1761 ut
1192 1719 1285 1763 viro
1301 1720 1435 1777 gravi,

42 1768 153 1814 sicut
176 1777 250 1817 tu'a
270 1774 467 1822 indicant
489 1780 672 1840 scriptii,
702 1783 938 1842 displicuit.
981 1787 1064 1830 Sed
1098 1788 1180 1832 hoc
1208 1789 1275 1833 vel
1313 1788 1438 1834 facile

40 1841 289 1900 corrigitur,
325 1846 393 1889 vel
423 1849 514 1892 sine
538 1850 803 1898 detrimento
835 1856 937 1899 fidei
967 1873 988 1900 a
1017 1857 1185 1902 levibus
1216 1861 1439 1904 mentibus

41 1920 227 1966 amatur,
264 1915 475 1961 toleratur
503 1935 525 1963 a
556 1923 774 1979 gravibus.
806 1926 1028 1971 Habemus
1057 1929 1170 1972 enim
1191 1931 1279 1989 jam
1304 1946 1437 1990 quos-

41 1980 141 2024 dam
164 1997 365 2042 spumeos
387 1987 431 2031 in
453 2004 669 2046 sermone,
695 1996 771 2038 sed
801 1996 845 2039 in
868 1997 955 2040 fide
987 2013 1126 2043 sanos.
1157 2002 1254 2045 Non
1288 2001 1436 2061 itaque

40 2050 360 2112 desperandum
384 2069 463 2114 est,
494 2061 624 2106 etiam
651 2064 731 2108 hoc
758 2066 802 2110 in
824 2067 921 2122 isto,
952 2070 1166 2128 (quamvis
1188 2071 1243 2115 sit
1272 2071 1433 2116 tolera-

39 2121 142 2177 bile,
165 2125 198 2168 si
222 2131 544 2188 permanserim
567 2148 688 2191 posse
704 2144 848 2180 tamen
870 2140 1100 2198 expurgari
1121 2150 1164 2185 et
1180 2144 1429 2201 temperari,

39 2201 170 2253 atque
205 2195 260 2240 ad
285 2197 504 2258 integrum
541 2211 584 2246 et
610 2204 799 2250 solidum
827 2206 896 2251 vel
926 2209 1122 2268 perduci,
1147 2211 1216 2255 vel
1241 2214 1434 2257 revocari

38 2265 219 2309 modum
247 2286 256 2312 ι
284 2272 520 2327 praesertim
543 2275 643 2333 quia
654 2276 826 2334 juvenis
844 2293 934 2322 esse
950 2281 1221 2338 perhibetur,
1244 2291 1292 2326 ut
1308 2284 1429 2344 quod

38 2334 180 2379 minus
194 2337 328 2383 habet
348 2341 515 2398 peritia,
535 2345 737 2404 suppleat
754 2346 978 2407 diligentia
997 2371 1008 2408 3
1029 2360 1072 2395 et
1089 2352 1211 2411 quod
1238 2353 1430 2399 cruditas

35 2402 310 2465 loquacitatis
332 2421 515 2468 eructat,
547 2416 686 2460 aetatis
714 2420 940 2464 maturitas
967 2420 1199 2482 decoquat.
1229 2424 1344 2469 Illud
1367 2435 1431 2470 est

36 2475 269 2523 molestum
291 2490 334 2526 et
355 2483 646 2542 periculosum
670 2486 738 2532 vel
763 2491 1069 2548 perniciosum,
1095 2494 1130 2538 si
1153 2510 1253 2539 cum
1275 2494 1431 2540 lauda—

36 2552 107 2590 tur
122 2547 388 2610 eloquentia,
409 2558 721 2614 persuadeatur
735 2559 998 2619 insipientia,
1017 2563 1117 2609 etin
1135 2565 1327 2624 pretioso
1344 2580 1426 2625 po-

36 2613 138 2662 culo
158 2616 335 2667 bibatur
356 2624 558 2682 pestifera
572 2627 708 2686 potio.
