1804 3205
273 257 324 282 niz
360 258 524 282 ἐιμι-115
560 258 610 282 m·
642 256 1012 289 (ῑυκηῑίηρςσιτΝΊ-Μ,
1050 257 1131 282 Mn.
1172 257 1216 282 ιι.
1372 246 1448 282 ‘281

65 323 200 366 minos
230 331 538 374 nascerentur,
570 338 642 381 per
671 321 896 364 diabolum
933 335 1076 364 autern
1107 320 1223 363 unde
1258 307 1478 380 parentes?

65 402 443 437 commoverentur
462 428 472 446 ,
497 393 737 436 ascribetur
766 393 856 435 sino
881 391 1016 435 dubio
1047 391 1250 435 sanctitas
1274 406 1454 436 nascen-

67 466 181 509 tibus
215 474 256 508 et
295 465 422 524 culpa
454 465 776 522 generantibus.
810 464 937 517 Quod
973 463 1073 523 quia
1112 462 1458 507 manifestissimo

66 537 236 595 nuptias
261 535 437 580 damnat
459 571 469 587 ‚
495 545 693 580 amoveto
715 536 832 579 hune
855 551 1027 579 sonsum
1050 550 1203 594 precor
1225 534 1279 578 de
1306 534 1460 578 Eccle-

66 607 219 650 siarum
255 606 399 651 medio
418 643 428 661 ,
460 616 501 651 et
524 622 622 650 vere
645 606 810 650 credito
839 607 939 666 quia
965 622 1037 666 per
1062 608 1210 650 Jesurn
1236 605 1458 650 Christum

69 677 178 721 facta
198 687 299 722 sunt
324 677 484 732 omnia,
507 687 549 721 et
567 679 657 721 sine
681 679 772 737 ipso
792 677 956 722 factum
980 687 1042 722 est
1065 677 1172 721 nihil
1197 679 1224 720 ¹.
1247 695 1266 717 n
1291 679 1354 720 Ita
1378 677 1462 720 hoc

66 748 185 801 dicit,
208 749 328 809 quasi
348 763 423 792 nos
442 748 637 793 dicamus
653 785 662 803 ‚
684 764 761 809 per
779 749 1004 793 diabolum
1027 746 1190 808 aliquid
1209 747 1461 791 substantiae

66 828 259 862 creatum
278 820 317 861 in
338 819 601 863 hominibus.
627 821 837 863 Persuasit
858 819 1019 862 malum
1036 817 1235 862 dia-bolus
1253 828 1461 878 tanquam

67 894 290 943 pet-catum
313 920 322 935 ,
347 901 434 929 non
454 886 617 929 creavit
642 895 849 945 tanquan]
877 894 1092 929 naturam.
1123 885 1206 928 Sed
1230 883 1359 942 plane
1385 898 1464 926 na-

68 964 175 998 turse
193 957 419 1014 persuasit,
441 957 540 1016 qnia
558 957 688 1000 homo
712 966 865 999 natura
885 965 962 1008 est,
981 965 1023 999 et
1044 956 1145 998 ideo
1169 970 1262 997 eam
1288 969 1464 1013 persua-

66 1027 210 1071 dendo
243 1028 422 1072 vitiavit.
451 1028 532 1081 Qui
557 1028 671 1071 enim
702 1027 935 1079 vulnerat,
970 1042 1057 1070 non
1092 1035 1208 1070 creat
1243 1025 1504 1079 membra‚··'

66 1098 140 1140 sed
158 1108 295 1141 vexat.
319 1098 400 1142 sod
423 1098 602 1141 vuinerzi
622 1114 721 1158 quae
744 1097 999 1156 corporibus
1022 1097 1307 1155 infliguntur,
1330 1110 1464 1138 mem-

69 1169 142 1212 bra
177 1167 340 1212 fficium
369 1169 630 1223 claudicare,
657 1169 721 1213 vel
749 1184 862 1226 aegre
886 1169 1066 1222 moveri,
1095 1184 1182 1211 non
1208 1182 1301 1210 eam
1324 1168 1464 1210 virtu-

69 1249 154 1284 tem
178 1257 262 1301 qua
281 1242 424 1301 justus
446 1252 508 1285 est
530 1242 661 1285 homo
685 1261 693 1285 :
723 1241 882 1285 vulnus
909 1249 1070 1294 autem,
1093 1238 1211 1300 quod
1237 1248 1464 1298 peecatum

69 1321 263 1360 vocatur,
290 1312 424 1370 ipsam
455 1312 587 1355 vitam
612 1311 829 1363 vulnerat,
855 1327 938 1371 qua
961 1320 1077 1354 recte
1099 1311 1344 1354 vivebatur.
1374 1311 1465 1353 Hoc

71 1391 214 1425 nutem
251 1381 378 1425 valde
415 1390 518 1426 tunc
554 1384 691 1442 majus
723 1391 853 1441 atque
889 1382 1015 1424 altius
1046 1380 1246 1424 diabolus
1277 1380 1462 1433 inflixit,

71 1467 201 1511 quam
225 1462 326 1495 sunt
344 1453 421 1495 ista
445 1453 699 1496 hominibus
722 1461 822 1495 nota
847 1461 1036 1508 peccata.
1063 1451 1187 1495 Unde
1213 1450 1286 1494 illo
1310 1465 1467 1507 magno

72 1522 195 1582 primi
216 1522 399 1565 hominis
421 1531 612 1581 peccato,
642 1532 795 1566 natura
817 1523 874 1565 ibi
895 1531 1037 1565 nostra
1062 1522 1107 1564 in
1129 1521 1319 1564 (leterius
1343 1536 1465 1564 com·
1507 1566 1511 1585 i

72 1602 253 1647 mutata,
280 1608 367 1637 non
396 1593 534 1637 solum
560 1593 672 1638 saeta
696 1603 759 1637 est
788 1593 1307 1652 peccatrix,v‹÷1‘umetiam
1334 1607 1467 1650 gene-
1498 1590 1511 1634 -ἰ

74 1674 139 1707 rat
173 1673 420 1722 peccatores
451 1684 458 1708 z
485 1674 527 1710 et
551 1673 697 1708 tamen
717 1665 808 1722 ipse
839 1663 1024 1722 languor
1047 1678 1136 1722 quo
1163 1662 1272 1706 bone
1295 1661 1468 1706 vivendi

71 1737 209 1780 viltus
222 1737 367 1813 'peliin
386 1752 472 1780 non
493 1747 555 1780 est
574 1737 725 1796 utique
749 1745 918 1789 natura,
936 1735 1008 1778 sed
1027 1735 1206 1777 vitium:
1226 1735 1336 1777 sicut
1352 1743 1468 1778 certe
1504 1792 1509 1802 Ι

73 1806 184 1849 mala
220 1807 265 1850 in
294 1822 475 1865 empore
507 1806 714 1850 valetudo
737 1809 872 1863 ‚finon
907 1814 969 1849 est
1010 1804 1095 1848 ulla
1131 1804 1374 1848 substantia
1397 1804 1467 1848 vel

73 1885 244 1931 natura,
274 1877 344 1920 sed
370 1878 558 1930 vitiumjz
581 1885 623 1919 et
647 1875 746 1919 licet
771 1891 859 1919 non
881 1890 1077 1934 semper,
1104 1883 1247 1918 tamen
1272 1873 1468 1933 plerum-

75 1963 161 2007 que
197 1947 322 1991 rnalae
353 1946 625 1990 valetudines
661 1955 889 2004 parentum
930 1946 1243 2003 ingenerantur
1277 1944 1469 2004 quodam

75 2018 223 2071 modo,
243 2030 285 2062 et
301 2027 511 2076 apparent
534 2018 578 2060 in
602 2017 857 2075 corporibus
878 2017 1086 2061 filiorum.

134 2091 294 2132 Lvllt.
330 2091 421 2132 Hoc
451 2097 596 2131 autem
627 2097 884 2146 peccatum,
919 2087 1039 2146 quod
1073 2087 1213 2146 ipsum
1248 2086 1469 2130 hominem

76 2160 118 2202 in
148 2159 348 2218 paladiso
383 2160 426 2202 in
466 2160 586 2219 pejus
623 2159 828 2212 mutavit,
859 2160 960 2218 quia
992 2157 1131 2201 multo
1166 2166 1228 2200 est
1263 2155 1470 2215 οι3ηὰἰυ5

76 2245 205 2290 quam
223 2230 420 2290 judicare
443 2245 520 2274 nos
544 2244 795 2289 possumus,
818 2229 872 2272 ab
893 2230 1013 2273 omni
1033 2238 1237 2272 nascente
1262 2227 1466 2281 trahitur,
1488 2225 1504 2250 ··’
1544 2233 1548 2235 ’
1599 2227 1620 2244 “”

77 2315 156 2344 nec
179 2300 257 2343 nisi
274 2300 319 2343 in
340 2309 590 2343 renascente
599 2299 873 2353 remittitur·
907 2299 964 2341 ita
989 2307 1036 2342 ut
1054 2299 1181 2341 etiam
1201 2296 1255 2341 de
1276 2297 1470 2355 palenti-

81 2371 160 2414 bus
183 2372 273 2429 jam
304 2370 481 2423 leuatis,
507 2371 552 2413 in
589 2370 749 2429 quibus
775 2370 998 2413 remissum
1029 2378 1160 2428 atque
1186 2377 1349 2412 tectum
1382 2377 1468 2424 est,

79 2443 278 2485 trahatur
294 2442 337 2484 in
356 2450 522 2485 reatum
541 2441 810 2485 nascentium
834 2440 1038 2492 filiorum,
1058 2441 1135 2484 nisi
1153 2449 1196 2483 et
1213 2440 1342 2499 ipsos,
1361 2454 1471 2499 quos

81 2512 217 2570 prima
240 2511 422 2555 carnalis
446 2512 646 2557 nativitas
667 2511 890 2569 obligavit,
908 2509 1097 2567 see-uknda
1116 2509 1317 2572 spiritalis
1333 2509 1470 2569 absul-

131 2599 137 2614 ¹
163 2606 174 2627 ι
199 2598 291 2629 Joan.
311 2607 332 2630 1.
355 2596 385 2628 3.
