1804 3205
534 226 587 252 οε
619 225 758 252 cunis
792 225 976 252 nmen.
1391 218 1443 252 55

62 299 265 336 reternam
293 311 304 346 3
329 289 432 334 alios
461 291 513 333 ad
543 292 783 341 sinistram,
809 292 968 350 quibus
1003 291 1215 333 bonorum
1244 300 1445 334 stou-nua-

64 371 147 404 tem
178 362 424 419 imputan5‚
456 375 527 403 eos
557 370 720 404 :eterno
752 363 852 417 igne
886 361 1163 405 condemnet.
1199 360 1447 419 Aliquando

62 447 232 477 servum
261 446 448 491 nequam
486 440 529 474 et
561 432 756 489 pigrum,
788 433 862 491 qui
888 433 1116 491 pecuniam
1139 434 1230 490 ejus
1261 432 1448 488 neglexit

62 503 313 561 impendere
352 505 380 556 ¹,
412 501 478 545 vel
502 501 630 545 etiam
664 502 885 545 hominem
919 503 1145 545 inventum
1178 502 1220 545 in
1249 502 1450 545 convivio

63 588 150 617 non
181 573 413 617 habentem
439 581 600 616 vestem
631 572 869 630 nuptialem
895 610 906 629 ,
931 574 1058 633 jubet
1082 572 1222 630 ligatis
1249 574 1449 616 manibus

61 652 104 687 et
127 641 310 702 pedibus
332 642 443 686 mitti
466 643 510 685 in
535 642 733 686 tenebras
763 644 993 686 exteriores
1014 646 1045 685 ⁴².
1081 641 1330 701 Aliquando
1361 658 1452 686 sus-

63 715 197 773 ceptis
218 715 412 773 quinque
444 713 734 772 prudentibus
755 748 765 767 ,
800 715 958 758 ostium
981 724 1132 758 contra
1166 714 1318 758 stultas
1352 714 1453 757 alias

63 785 259 844 quinque
272 786 460 843 virgines
481 784 689 828 claudit3.
718 788 838 839 llaec,
864 794 907 828 et
929 787 961 828 si
983 784 1087 845 quid
1114 794 1177 828 est
1201 785 1318 828 aliud
1336 786 1456 844 quod

64 858 108 900 in
139 857 366 915 praesentia
395 871 483 900 nou
519 858 739 911 occurrit,
765 857 819 901 dc
842 859 1008 917 judicio
1041 857 1248 901 dicuntur
1281 857 1449 911 futuro,

62 929 214 987 utique
236 942 324 971 non
345 928 388 971 in
410 942 500 971 uno
521 926 589 971 vel
613 929 822 987 quinque,
847 929 921 972 sed
944 929 989 972 in
1013 928 1161 972 multis
1191 929 1450 972 exercendo.

62 1000 169 1043 Nam
193 998 227 1041 si
249 1012 363 1041 unus
392 1006 530 1047 esset,
557 998 631 1056 qui
661 997 715 1040 de
747 997 948 1042 convivio
968 1033 978 1052 ,
1003 997 1125 1058 quod
1154 1013 1241 1042 non
1266 998 1453 1042 habebat

61 1077 223 1113 vestem
239 1067 497 1127 nuptialem,
521 1069 566 1112 in
590 1068 790 1113 tenebras
807 1071 950 1128 jussus
970 1077 1033 1113 est
1056 1069 1167 1113 mitti
1196 1089 1206 1125 ς
1231 1084 1320 1113 non
1343 1083 1452 1113 eon-

64 1139 187 1183 tinuo
205 1148 462 1198 sequeretur
481 1173 493 1193 ,
519 1148 562 1182 et
587 1138 749 1183 diceret
778 1158 786 1183 :
814 1157 833 1180 «
861 1138 990 1184 Multi
1019 1137 1134 1182 enim
1158 1148 1260 1183 sunt
1282 1140 1421 1184 vocati
1442 1174 1453 1193 ,

66 1228 86 1251 »
111 1210 238 1269 pauci
277 1224 380 1254 vero
407 1208 533 1253 electi
559 1211 573 1234 ⁴
602 1229 610 1253 ;
639 1228 659 1250 »
691 1224 790 1254 cum
818 1211 962 1268 potius
985 1225 1075 1254 uno
1098 1211 1293 1268 projecto
1325 1219 1456 1268 atque

63 1282 284 1336 damnato,
300 1280 487 1326 multiin
509 1280 641 1325 domo
664 1282 916 1325 remansisse
933 1281 1179 1324 videantur.
1205 1279 1289 1324 Sed
1312 1281 1366 1323 de
1392 1281 1456 1323 his

64 1351 267 1397 omnibus
290 1366 408 1395 nunc
421 1360 637 1409 quantum
659 1352 758 1394 satis
782 1360 845 1394 est
862 1350 1083 1409 disputare
1106 1349 1363 1408 perlongum
1377 1359 1454 1393 est.

66 1425 159 1467 Hoc
182 1431 328 1466 tamen
348 1422 536 1465 breviter
553 1436 729 1480 possum
751 1420 912 1474 dicere,
930 1421 1021 1464 sine
1039 1419 1457 1480 praejudicio,(quod

66 1495 110 1538 in
131 1493 388 1552 pecuniariis
406 1491 647 1536 rationibus
674 1491 761 1535 dici
790 1491 899 1535 solet
923 1490 1140 1548 )melioris
1157 1490 1454 1544 discussionis,

66 1580 203 1609 unum
226 1564 416 1624 aliquem
434 1562 586 1622 judieii
605 1562 802 1616 modum,
823 1563 901 1620 qui
917 1572 980 1606 est
998 1562 1290 1606 inscrutabilis
1311 1561 1454 1614 nobis,

65 1644 231 1679 servata
254 1634 467 1678 duntaxat
489 1634 534 1676 in
563 1633 748 1692 praemiis
770 1643 812 1676 et
838 1633 982 1690 poenis
1004 1632 1255 1676 diversitate
1278 1632 1458 1675 merito-

67 1721 180 1759 rum,
198 1705 344 1750 multis
361 1719 438 1763 per
452 1702 695 1761 Scripturas
718 1712 886 1747 sanctas
910 1702 1142 1761 significari
1162 1702 1315 1746 modis,
1329 1700 1459 1754 Quod

66 1785 211 1822 autem
234 1775 337 1819 huic
353 1789 512 1831 causae,
527 1774 581 1817 de
593 1788 680 1833 qua
693 1788 812 1817 nunc
833 1772 990 1830 agitur,
1011 1774 1111 1816 satis
1129 1781 1208 1826 est,
1234 1773 1268 1815 si
1286 1772 1460 1815 dixisset

70 1847 281 1905 Pelagius,
297 1860 447 1891 omnes
465 1844 644 1889 omnino
661 1852 908 1901 peccatores
926 1851 1090 1886 aeterno
1108 1843 1209 1900 igne
1232 1851 1275 1885 et
1294 1856 1458 1884 aeterno

63 1916 280 1976 supplicio
300 1915 545 1975 puniendos
573 1932 580 1957 ε
606 1913 800 1972 quisquis
823 1911 867 1955 id
889 1912 1101 1971 judicium
1128 1914 1141 1936 ⁵
1158 1926 1453 1970 approoassetq

69 1989 114 2031 in
135 2002 179 2031 se
195 1988 338 2046 ipsum
367 1985 566 2045 primitus
587 1983 846 2028 sententiam
868 1981 1130 2041 protulisset.
1167 2000 1188 2023 «
1214 1984 1319 2034 Quis
1341 1997 1457 2025 enin.

73 2077 93 2100 »
119 2058 373 2116 gloriabitur
404 2071 449 2101 se
480 2053 696 2099 mundum
731 2068 821 2098 esse
844 2068 867 2096 a
885 2053 1072 2112 peccatis
1095 2054 1148 2096 ⁶?
1174 2070 1194 2093 »
1220 2053 1329 2105 Quia
1360 2066 1463 2096 vero

70 2145 150 2174 nec
174 2143 322 2174 omnes
345 2128 452 2172 dixit
471 2163 482 2182 ,
517 2141 597 2170 nec
618 2124 829 2185 quosdam
847 2160 857 2178 ,
883 2124 957 2169 sed
984 2124 1209 2168 indefinite
1231 2124 1400 2183 posuit,
1421 2132 1463 2167 et

71 2203 153 2246 hoe
186 2199 428 2244 secundum
457 2196 746 2255 Evangelium
783 2211 827 2239 se
857 2196 1012 2240 dixisse
1051 2195 1274 2255 respondit
1311 2213 1320 2239 :
1361 2208 1463 2238 vera

69 2270 247 2332 quidem
273 2269 486 2314 sententia
520 2265 753 2327 episcopali
782 2275 845 2310 est
873 2267 1129 2310 confirmata
1157 2264 1323 2325 judicio
1350 2284 1360 2321 3
1385 2265 1461 2308 sed

72 2341 216 2387 adhuc
227 2339 336 2401 quid
352 2339 510 2384 sentiat
525 2337 723 2396 Pelagius
737 2352 825 2381 non
844 2346 1039 2396 apparet,
1057 2346 1099 2380 et
1116 2345 1214 2396 post
1232 2337 1313 2381 hoc
1331 2335 1460 2380 etiam

73 2410 538 2473 episcopalejudieium
554 2423 645 2454 non
665 2408 944 2468 impudenter
973 2408 1220 2467 inquiritur.

118 2521 126 2537 ¹
151 2516 229 2546 Luc.
254 2523 320 2553 xix,
339 2520 395 2544 ¹22.
409 2529 449 2535 —
468 2518 480 2534 ²
507 2511 626 2543 Matth.
649 2521 730 2549 χιιι,
755 2508 957 2543 11‚›-³1d.
990 2521 1067 2548 xxv,
1092 2521 1138 2543 ιο.
1155 2527 1195 2533 --
1209 2508 1224 2538 4
1243 2508 1288 2540 Id.
1312 2518 1389 2541 xxii,
1413 2508 1463 2546 14.

77 2587 117 2593 -
132 2568 145 2593 5
168 2569 270 2601 For'te
286 2567 441 2609 judicum.
455 2565 519 2590 ——s’
535 2569 628 2599 Prov.
646 2576 699 2607 xx,
717 2567 806 2606 juxta
827 2566 926 2597 Lxx.
