<?xml version="1.0" encoding="UTF-8"?>
<!DOCTYPE html PUBLIC "-//W3C//DTD XHTML 1.0 Transitional//EN"
    "http://www.w3.org/TR/xhtml1/DTD/xhtml1-transitional.dtd">
<html xmlns="http://www.w3.org/1999/xhtml" xml:lang="en" lang="en">
 <head>
  <title>
</title>
<meta http-equiv="Content-Type" content="text/html;charset=utf-8" />
  <meta name='ocr-system' content='tesseract 3.04.00' />
  <meta name='ocr-capabilities' content='ocr_page ocr_carea ocr_par ocr_line ocrx_word'/>
</head>
<body>
  <div class='ocr_page' id='page_1' title='image "./operaomniaaccura34auguuoft_0293.png"; bbox 0 0 1804 3205; ppageno 0'>
   <div class='ocr_carea' id='block_1_1' title="bbox 259 227 1438 275">
    <p class='ocr_par' dir='ltr' id='par_1_1' title="bbox 259 227 1438 275">
     <span class='ocr_line' id='line_1_1' title="bbox 259 227 1438 275; baseline 0.001 -11"><span class='ocrx_word' id='word_1_1' title='bbox 259 237 313 264; x_wconf 72' lang='lat' dir='ltr'>niz</span> <span class='ocrx_word' id='word_1_2' title='bbox 345 238 512 264; x_wconf 60' lang='lat' dir='ltr'>Nonus</span> <span class='ocrx_word' id='word_1_3' title='bbox 545 238 598 264; x_wconf 74' lang='lat' dir='ltr'>m·</span> <span class='ocrx_word' id='word_1_4' title='bbox 628 235 996 275; x_wconf 65' lang='lat' dir='ltr'>concnprsetmm‚</span> <span class='ocrx_word' id='word_1_5' title='bbox 1033 238 1114 264; x_wconf 73' lang='lat' dir='ltr'>Lm.</span> <span class='ocrx_word' id='word_1_6' title='bbox 1153 240 1198 264; x_wconf 86' lang='lat'>11.</span> <span class='ocrx_word' id='word_1_7' title='bbox 1355 227 1438 266; x_wconf 77' lang='lat'>283</span> 
     </span>
    </p>
   </div>
   <div class='ocr_carea' id='block_1_2' title="bbox 48 300 1442 857">
    <p class='ocr_par' dir='ltr' id='par_1_2' title="bbox 48 300 1442 857">
     <span class='ocr_line' id='line_1_2' title="bbox 50 300 1440 364; baseline 0.001 -18"><span class='ocrx_word' id='word_1_8' title='bbox 50 300 337 362; x_wconf 78' lang='lat' dir='ltr'>praevenirct,</span> <span class='ocrx_word' id='word_1_9' title='bbox 371 302 572 347; x_wconf 88' lang='lat' dir='ltr'>voluntas</span> <span class='ocrx_word' id='word_1_10' title='bbox 605 303 817 347; x_wconf 89' lang='lat' dir='ltr'>continuo</span> <span class='ocrx_word' id='word_1_11' title='bbox 852 311 1136 363; x_wconf 80' lang='lat' dir='ltr'>sequeretur3</span> <span class='ocrx_word' id='word_1_12' title='bbox 1169 318 1306 360; x_wconf 59' lang='lat' dir='ltr'>er,</span> <span class='ocrx_word' id='word_1_13' title='bbox 1341 319 1440 364; x_wconf 74' lang='lat' dir='ltr'>quae</span> 
     </span>
     <span class='ocr_line' id='line_1_3' title="bbox 50 369 1440 444; baseline 0 -26"><span class='ocrx_word' id='word_1_14' title='bbox 50 382 228 434; x_wconf 81' lang='lat' dir='ltr'>propter</span> <span class='ocrx_word' id='word_1_15' title='bbox 258 370 592 434; x_wconf 44' lang='lat' dir='ltr'>hoel-nunquam</span> <span class='ocrx_word' id='word_1_16' title='bbox 617 374 770 417; x_wconf 80' lang='lat' dir='ltr'>absens</span> <span class='ocrx_word' id='word_1_17' title='bbox 797 389 887 418; x_wconf 83' lang='lat' dir='ltr'>esse</span> <span class='ocrx_word' id='word_1_18' title='bbox 909 369 1122 444; x_wconf 53' lang='lat' dir='ltr'>debebat]</span> <span class='ocrx_word' id='word_1_19' title='bbox 1148 374 1236 417; x_wconf 88' lang='lat' dir='ltr'>sive</span> <span class='ocrx_word' id='word_1_20' title='bbox 1259 390 1440 434; x_wconf 84' lang='lat' dir='ltr'>concep-</span> 
     </span>
     <span class='ocr_line' id='line_1_4' title="bbox 50 444 1440 504; baseline -0.001 -16"><span class='ocrx_word' id='word_1_21' title='bbox 50 453 163 498; x_wconf 83' lang='lat' dir='ltr'>tura,</span> <span class='ocrx_word' id='word_1_22' title='bbox 184 445 272 487; x_wconf 75' lang='lat' dir='ltr'>sive</span> <span class='ocrx_word' id='word_1_23' title='bbox 289 446 376 503; x_wconf 89' lang='lat' dir='ltr'>jam</span> <span class='ocrx_word' id='word_1_24' title='bbox 401 445 599 504; x_wconf 83' lang='lat' dir='ltr'>gravida,</span> <span class='ocrx_word' id='word_1_25' title='bbox 621 444 736 488; x_wconf 87' lang='lat' dir='ltr'>illico</span> <span class='ocrx_word' id='word_1_26' title='bbox 760 445 1065 488; x_wconf 85' lang='lat' dir='ltr'>admoveretur</span> <span class='ocrx_word' id='word_1_27' title='bbox 1091 465 1101 502; x_wconf 80' lang='lat'><em>3</em></span> <span class='ocrx_word' id='word_1_28' title='bbox 1129 454 1171 488; x_wconf 90' lang='lat' dir='ltr'>et</span> <span class='ocrx_word' id='word_1_29' title='bbox 1202 454 1275 488; x_wconf 89' lang='lat' dir='ltr'>aut</span> <span class='ocrx_word' id='word_1_30' title='bbox 1301 445 1440 503; x_wconf 87' lang='lat' dir='ltr'>proles</span> 
     </span>
     <span class='ocr_line' id='line_1_5' title="bbox 49 514 1441 574; baseline 0 -16"><span class='ocrx_word' id='word_1_31' title='bbox 49 515 359 570; x_wconf 79' lang='lat' dir='ltr'><strong>seminaretur,</strong></span> <span class='ocrx_word' id='word_1_32' title='bbox 385 525 460 559; x_wconf 87' lang='lat' dir='ltr'>aut</span> <span class='ocrx_word' id='word_1_33' title='bbox 482 514 684 574; x_wconf 90' lang='lat' dir='ltr'>voluptas</span> <span class='ocrx_word' id='word_1_34' title='bbox 705 515 912 559; x_wconf 88' lang='lat' dir='ltr'>naturalis</span> <span class='ocrx_word' id='word_1_35' title='bbox 934 524 976 558; x_wconf 87' lang='lat' dir='ltr'>et</span> <span class='ocrx_word' id='word_1_36' title='bbox 997 514 1228 559; x_wconf 83' lang='lat' dir='ltr'>laudabilis</span> <span class='ocrx_word' id='word_1_37' title='bbox 1246 514 1441 574; x_wconf 79' lang='lat' dir='ltr'>explere-</span> 
     </span>
     <span class='ocr_line' id='line_1_6' title="bbox 52 585 1440 645; baseline 0.001 -16"><span class='ocrx_word' id='word_1_38' title='bbox 52 594 123 630; x_wconf 88' lang='lat' dir='ltr'>tur</span> <span class='ocrx_word' id='word_1_39' title='bbox 154 606 165 642; x_wconf 66' lang='grc' dir='ltr'><strong>ς</strong></span> <span class='ocrx_word' id='word_1_40' title='bbox 200 595 242 629; x_wconf 89' lang='lat' dir='ltr'>et</span> <span class='ocrx_word' id='word_1_41' title='bbox 274 586 432 645; x_wconf 90' lang='lat' dir='ltr'>periret</span> <span class='ocrx_word' id='word_1_42' title='bbox 460 600 607 630; x_wconf 87' lang='lat' dir='ltr'>semen</span> <span class='ocrx_word' id='word_1_43' title='bbox 642 585 828 629; x_wconf 86' lang='lat' dir='ltr'>hominis</span> <span class='ocrx_word' id='word_1_44' title='bbox 846 621 855 634; x_wconf 84' lang='grc'>,</span> <span class='ocrx_word' id='word_1_45' title='bbox 882 601 936 629; x_wconf 89' lang='lat' dir='ltr'>ne</span> <span class='ocrx_word' id='word_1_46' title='bbox 959 586 1177 645; x_wconf 79' lang='lat' dir='ltr'>appetitus</span> <span class='ocrx_word' id='word_1_47' title='bbox 1201 595 1288 629; x_wconf 91' lang='lat' dir='ltr'>tam</span> <span class='ocrx_word' id='word_1_48' title='bbox 1315 586 1440 630; x_wconf 79' lang='lat' dir='ltr'>bonae</span> 
     </span>
     <span class='ocr_line' id='line_1_7' title="bbox 49 655 1441 716; baseline -0.001 -15"><span class='ocrx_word' id='word_1_49' title='bbox 49 657 411 716; x_wconf 65' lang='lat' dir='ltr'>concupiscentia!</span> <span class='ocrx_word' id='word_1_50' title='bbox 434 655 708 700; x_wconf 76' lang='lat' dir='ltr'>fraudaretur</span> <span class='ocrx_word' id='word_1_51' title='bbox 737 678 743 701; x_wconf 88' lang='lat'>;</span> <span class='ocrx_word' id='word_1_52' title='bbox 778 666 944 700; x_wconf 85' lang='lat' dir='ltr'>tantum</span> <span class='ocrx_word' id='word_1_53' title='bbox 966 672 1051 702; x_wconf 91' lang='lat' dir='ltr'>non</span> <span class='ocrx_word' id='word_1_54' title='bbox 1069 670 1113 700; x_wconf 81' lang='lat' dir='ltr'>se</span> <span class='ocrx_word' id='word_1_55' title='bbox 1135 666 1441 701; x_wconf 86' lang='lat' dir='ltr'>converterent</span> 
     </span>
     <span class='ocr_line' id='line_1_8' title="bbox 48 727 1442 787; baseline -0.001 -15"><span class='ocrx_word' id='word_1_56' title='bbox 48 728 256 787; x_wconf 87' lang='lat' dir='ltr'>conjuges</span> <span class='ocrx_word' id='word_1_57' title='bbox 278 728 323 770; x_wconf 89' lang='lat' dir='ltr'>in</span> <span class='ocrx_word' id='word_1_58' title='bbox 346 742 445 770; x_wconf 90' lang='lat' dir='ltr'>eum</span> <span class='ocrx_word' id='word_1_59' title='bbox 472 743 617 781; x_wconf 83' lang='lat' dir='ltr'>usum,</span> <span class='ocrx_word' id='word_1_60' title='bbox 643 729 718 787; x_wconf 81' lang='lat' dir='ltr'>qui</span> <span class='ocrx_word' id='word_1_61' title='bbox 739 737 802 772; x_wconf 88' lang='lat' dir='ltr'>cst</span> <span class='ocrx_word' id='word_1_62' title='bbox 822 737 975 772; x_wconf 85' lang='lat' dir='ltr'>contra</span> <span class='ocrx_word' id='word_1_63' title='bbox 996 737 1213 778; x_wconf 88' lang='lat' dir='ltr'>naturam,</span> <span class='ocrx_word' id='word_1_64' title='bbox 1239 727 1313 771; x_wconf 88' lang='lat' dir='ltr'>sed</span> <span class='ocrx_word' id='word_1_65' title='bbox 1336 743 1442 787; x_wconf 82' lang='lat' dir='ltr'>quo-</span> 
     </span>
     <span class='ocr_line' id='line_1_9' title="bbox 48 798 1441 857; baseline 0.001 -15"><span class='ocrx_word' id='word_1_66' title='bbox 48 799 125 842; x_wconf 89' lang='lat' dir='ltr'>ties</span> <span class='ocrx_word' id='word_1_67' title='bbox 166 798 436 851; x_wconf 85' lang='lat' dir='ltr'>delectaret,</span> <span class='ocrx_word' id='word_1_68' title='bbox 475 799 679 843; x_wconf 87' lang='lat' dir='ltr'>membris</span> <span class='ocrx_word' id='word_1_69' title='bbox 716 799 769 843; x_wconf 86' lang='lat' dir='ltr'>ad</span> <span class='ocrx_word' id='word_1_70' title='bbox 804 800 886 844; x_wconf 84' lang='lat' dir='ltr'>hoc</span> <span class='ocrx_word' id='word_1_71' title='bbox 921 800 1073 843; x_wconf 83' lang='lat' dir='ltr'>creatis</span> <span class='ocrx_word' id='word_1_72' title='bbox 1109 809 1151 844; x_wconf 88' lang='lat' dir='ltr'>et</span> <span class='ocrx_word' id='word_1_73' title='bbox 1181 799 1441 857; x_wconf 83' lang='lat' dir='ltr'>genitalibus</span> 
     </span>
    </p>
   </div>
   <div class='ocr_carea' id='block_1_3' title="bbox 48 870 1462 929">
    <p class='ocr_par' dir='ltr' id='par_1_3' title="bbox 48 870 1462 929">
     <span class='ocr_line' id='line_1_10' title="bbox 48 870 1462 929; baseline 0 -17"><span class='ocrx_word' id='word_1_74' title='bbox 48 872 613 914; x_wconf 68' lang='lat' dir='ltr'>uterenturNerumtamen</span> <span class='ocrx_word' id='word_1_75' title='bbox 634 870 742 929; x_wconf 78' lang='lat' dir='ltr'>quid</span> <span class='ocrx_word' id='word_1_76' title='bbox 759 872 790 914; x_wconf 90' lang='lat' dir='ltr'>si</span> <span class='ocrx_word' id='word_1_77' title='bbox 808 881 852 914; x_wconf 89' lang='lat' dir='ltr'>et</span> <span class='ocrx_word' id='word_1_78' title='bbox 866 871 938 914; x_wconf 91' lang='lat' dir='ltr'>ille</span> <span class='ocrx_word' id='word_1_79' title='bbox 954 886 1055 914; x_wconf 90' lang='lat' dir='ltr'>usus</span> <span class='ocrx_word' id='word_1_80' title='bbox 1067 883 1216 915; x_wconf 72' lang='lat' dir='ltr'>contra</span> <span class='ocrx_word' id='word_1_81' title='bbox 1240 880 1462 914; x_wconf 86' lang='lat' dir='ltr'>naturam.</span> 
     </span>
    </p>
   </div>
   <div class='ocr_carea' id='block_1_4' title="bbox 42 940 1441 1708">
    <p class='ocr_par' dir='ltr' id='par_1_4' title="bbox 42 940 1441 1708">
     <span class='ocr_line' id='line_1_11' title="bbox 47 940 1441 1000; baseline 0 -17"><span class='ocrx_word' id='word_1_82' title='bbox 47 940 229 984; x_wconf 80' lang='lat' dir='ltr'>forsitan</span> <span class='ocrx_word' id='word_1_83' title='bbox 255 940 512 994; x_wconf 80' lang='lat' dir='ltr'>delectaret,</span> <span class='ocrx_word' id='word_1_84' title='bbox 538 940 646 1000; x_wconf 85' lang='lat' dir='ltr'>quid</span> <span class='ocrx_word' id='word_1_85' title='bbox 669 942 702 985; x_wconf 88' lang='lat' dir='ltr'>si</span> <span class='ocrx_word' id='word_1_86' title='bbox 732 950 774 985; x_wconf 88' lang='lat' dir='ltr'>et</span> <span class='ocrx_word' id='word_1_87' title='bbox 798 942 840 985; x_wconf 88' lang='lat' dir='ltr'>in</span> <span class='ocrx_word' id='word_1_88' title='bbox 864 942 975 985; x_wconf 84' lang='lat' dir='ltr'>hanc</span> <span class='ocrx_word' id='word_1_89' title='bbox 994 941 1264 1000; x_wconf 90' lang='lat' dir='ltr'>voluptatem</span> <span class='ocrx_word' id='word_1_90' title='bbox 1287 940 1441 984; x_wconf 85' lang='lat' dir='ltr'>lauda-</span> 
     </span>
     <span class='ocr_line' id='line_1_12' title="bbox 46 1010 1439 1070; baseline 0 -16"><span class='ocrx_word' id='word_1_91' title='bbox 46 1010 142 1054; x_wconf 88' lang='lat' dir='ltr'>bilis</span> <span class='ocrx_word' id='word_1_92' title='bbox 161 1010 232 1054; x_wconf 90' lang='lat' dir='ltr'>illa</span> <span class='ocrx_word' id='word_1_93' title='bbox 255 1011 391 1055; x_wconf 88' lang='lat' dir='ltr'>libido</span> <span class='ocrx_word' id='word_1_94' title='bbox 415 1010 664 1055; x_wconf 89' lang='lat' dir='ltr'>adhinnires</span> <span class='ocrx_word' id='word_1_95' title='bbox 684 1046 695 1065; x_wconf 89' lang='lat'><em>‚</em></span> <span class='ocrx_word' id='word_1_96' title='bbox 718 1020 1159 1070; x_wconf 70' lang='lat' dir='ltr'>utrumsequerentur</span> <span class='ocrx_word' id='word_1_97' title='bbox 1181 1026 1273 1054; x_wconf 88' lang='lat' dir='ltr'>eam</span> <span class='ocrx_word' id='word_1_98' title='bbox 1289 1046 1298 1064; x_wconf 88' lang='lat'><strong>‚</strong></span> <span class='ocrx_word' id='word_1_99' title='bbox 1325 1026 1439 1070; x_wconf 82' lang='lat' dir='ltr'>quo·</span> 
     </span>
     <span class='ocr_line' id='line_1_13' title="bbox 47 1081 1440 1141; baseline 0.001 -17"><span class='ocrx_word' id='word_1_100' title='bbox 47 1081 162 1125; x_wconf 89' lang='lat' dir='ltr'>niam</span> <span class='ocrx_word' id='word_1_101' title='bbox 186 1082 326 1125; x_wconf 83' lang='lat' dir='ltr'>suavis</span> <span class='ocrx_word' id='word_1_102' title='bbox 345 1092 451 1125; x_wconf 84' lang='lat' dir='ltr'>esset</span> <span class='ocrx_word' id='word_1_103' title='bbox 473 1102 483 1138; x_wconf 80' lang='lat'>3</span> <span class='ocrx_word' id='word_1_104' title='bbox 510 1097 562 1125; x_wconf 84' lang='lat' dir='ltr'>an</span> <span class='ocrx_word' id='word_1_105' title='bbox 584 1091 896 1140; x_wconf 79' lang='lat' dir='ltr'>repugnarent,</span> <span class='ocrx_word' id='word_1_106' title='bbox 917 1083 1121 1141; x_wconf 83' lang='lat' dir='ltr'>quoniam</span> <span class='ocrx_word' id='word_1_107' title='bbox 1147 1083 1285 1140; x_wconf 83' lang='lat' dir='ltr'>turpis</span> <span class='ocrx_word' id='word_1_108' title='bbox 1300 1084 1440 1126; x_wconf 76' lang='lat' dir='ltr'>esset?</span> 
     </span>
     <span class='ocr_line' id='line_1_14' title="bbox 49 1151 1440 1212; baseline -0.001 -16"><span class='ocrx_word' id='word_1_109' title='bbox 49 1153 90 1196; x_wconf 91' lang='lat' dir='ltr'>Si</span> <span class='ocrx_word' id='word_1_110' title='bbox 113 1161 418 1212; x_wconf 75' lang='lat' dir='ltr'>sequerentur,</span> <span class='ocrx_word' id='word_1_111' title='bbox 440 1153 515 1195; x_wconf 89' lang='lat' dir='ltr'>ubi</span> <span class='ocrx_word' id='word_1_112' title='bbox 534 1162 598 1196; x_wconf 88' lang='lat' dir='ltr'>est</span> <span class='ocrx_word' id='word_1_113' title='bbox 619 1152 824 1210; x_wconf 83' lang='lat' dir='ltr'>cogitatio</span> <span class='ocrx_word' id='word_1_114' title='bbox 846 1151 1179 1212; x_wconf 84' lang='lat' dir='ltr'>qualiscumque</span> <span class='ocrx_word' id='word_1_115' title='bbox 1195 1153 1440 1196; x_wconf 80' lang='lat' dir='ltr'>honesatiSP</span> 
     </span>
     <span class='ocr_line' id='line_1_15' title="bbox 48 1223 1440 1283; baseline 0.001 -17"><span class='ocrx_word' id='word_1_116' title='bbox 48 1223 89 1267; x_wconf 90' lang='lat' dir='ltr'>Si</span> <span class='ocrx_word' id='word_1_117' title='bbox 115 1233 424 1282; x_wconf 81' lang='lat' dir='ltr'>repugnarent,</span> <span class='ocrx_word' id='word_1_118' title='bbox 449 1223 525 1267; x_wconf 90' lang='lat' dir='ltr'>ubi</span> <span class='ocrx_word' id='word_1_119' title='bbox 554 1233 617 1267; x_wconf 73' lang='lat' dir='ltr'>est</span> <span class='ocrx_word' id='word_1_120' title='bbox 636 1240 716 1283; x_wconf 76' lang='lat' dir='ltr'>pax</span> <span class='ocrx_word' id='word_1_121' title='bbox 736 1233 867 1267; x_wconf 71' lang='lat' dir='ltr'>tantae</span> <span class='ocrx_word' id='word_1_122' title='bbox 890 1223 1107 1267; x_wconf 82' lang='lat' dir='ltr'>felicitatis</span> <span class='ocrx_word' id='word_1_123' title='bbox 1130 1225 1146 1266; x_wconf 68' lang='lat' dir='ltr'>P</span> <span class='ocrx_word' id='word_1_124' title='bbox 1172 1224 1250 1267; x_wconf 89' lang='lat' dir='ltr'>Hic</span> <span class='ocrx_word' id='word_1_125' title='bbox 1271 1225 1304 1267; x_wconf 92' lang='lat' dir='ltr'>si</span> <span class='ocrx_word' id='word_1_126' title='bbox 1326 1223 1440 1268; x_wconf 85' lang='lat' dir='ltr'>forte</span> 
     </span>
     <span class='ocr_line' id='line_1_16' title="bbox 44 1293 1436 1353; baseline 0.001 -18"><span class='ocrx_word' id='word_1_127' title='bbox 44 1293 296 1347; x_wconf 86' lang='lat' dir='ltr'>erubuerit,</span> <span class='ocrx_word' id='word_1_128' title='bbox 323 1303 365 1337; x_wconf 87' lang='lat' dir='ltr'>et</span> <span class='ocrx_word' id='word_1_129' title='bbox 387 1293 543 1337; x_wconf 86' lang='lat' dir='ltr'>dixerit</span> <span class='ocrx_word' id='word_1_130' title='bbox 568 1303 730 1337; x_wconf 84' lang='lat' dir='ltr'>tantam</span> <span class='ocrx_word' id='word_1_131' title='bbox 752 1309 901 1353; x_wconf 84' lang='lat' dir='ltr'>pacem</span> <span class='ocrx_word' id='word_1_132' title='bbox 928 1293 1143 1337; x_wconf 77' lang='lat' dir='ltr'>felicitatis</span> <span class='ocrx_word' id='word_1_133' title='bbox 1172 1293 1312 1348; x_wconf 90' lang='lat' dir='ltr'>illius,</span> <span class='ocrx_word' id='word_1_134' title='bbox 1339 1303 1436 1338; x_wconf 89' lang='lat' dir='ltr'>tan-</span> 
     </span>
     <span class='ocr_line' id='line_1_17' title="bbox 44 1364 1438 1425; baseline 0 -17"><span class='ocrx_word' id='word_1_135' title='bbox 44 1373 228 1424; x_wconf 87' lang='lat' dir='ltr'>tumque</span> <span class='ocrx_word' id='word_1_136' title='bbox 251 1364 448 1408; x_wconf 85' lang='lat' dir='ltr'>ordinem</span> <span class='ocrx_word' id='word_1_137' title='bbox 479 1365 523 1407; x_wconf 89' lang='lat' dir='ltr'>in</span> <span class='ocrx_word' id='word_1_138' title='bbox 546 1365 609 1408; x_wconf 85' lang='lat' dir='ltr'>his</span> <span class='ocrx_word' id='word_1_139' title='bbox 635 1365 762 1408; x_wconf 85' lang='lat' dir='ltr'>rebus</span> <span class='ocrx_word' id='word_1_140' title='bbox 789 1380 878 1408; x_wconf 84' lang='lat' dir='ltr'>esse</span> <span class='ocrx_word' id='word_1_141' title='bbox 899 1365 1110 1423; x_wconf 85' lang='lat' dir='ltr'>potuisse,</span> <span class='ocrx_word' id='word_1_142' title='bbox 1137 1375 1184 1408; x_wconf 90' lang='lat' dir='ltr'>ut</span> <span class='ocrx_word' id='word_1_143' title='bbox 1211 1380 1438 1425; x_wconf 85' lang='lat' dir='ltr'>nunquam</span> 
     </span>
     <span class='ocr_line' id='line_1_18' title="bbox 44 1435 1438 1496; baseline -0.001 -16"><span class='ocrx_word' id='word_1_144' title='bbox 44 1435 182 1480; x_wconf 91' lang='lat' dir='ltr'>carnis</span> <span class='ocrx_word' id='word_1_145' title='bbox 205 1436 554 1496; x_wconf 85' lang='lat' dir='ltr'>concupiscentia</span> <span class='ocrx_word' id='word_1_146' title='bbox 578 1435 849 1480; x_wconf 76' lang='lat' dir='ltr'>voluntatem</span> <span class='ocrx_word' id='word_1_147' title='bbox 882 1436 1059 1480; x_wconf 89' lang='lat' dir='ltr'>illorum</span> <span class='ocrx_word' id='word_1_148' title='bbox 1079 1436 1303 1480; x_wconf 90' lang='lat' dir='ltr'>hominum</span> <span class='ocrx_word' id='word_1_149' title='bbox 1324 1451 1438 1496; x_wconf 80' lang='lat' dir='ltr'>prae-</span> 
     </span>
     <span class='ocr_line' id='line_1_19' title="bbox 43 1505 1438 1567; baseline 0 -17"><span class='ocrx_word' id='word_1_150' title='bbox 43 1507 209 1551; x_wconf 89' lang='lat' dir='ltr'>veniret</span> <span class='ocrx_word' id='word_1_151' title='bbox 232 1505 340 1566; x_wconf 59' lang='lat' dir='ltr'>{sed</span> <span class='ocrx_word' id='word_1_152' title='bbox 363 1522 463 1550; x_wconf 87' lang='lat' dir='ltr'>curn</span> <span class='ocrx_word' id='word_1_153' title='bbox 489 1507 566 1565; x_wconf 84' lang='lat' dir='ltr'>ipsi</span> <span class='ocrx_word' id='word_1_154' title='bbox 584 1506 761 1560; x_wconf 71' lang='lat' dir='ltr'>vellent,</span> <span class='ocrx_word' id='word_1_155' title='bbox 784 1517 890 1551; x_wconf 86' lang='lat' dir='ltr'>tunc</span> <span class='ocrx_word' id='word_1_156' title='bbox 914 1507 984 1550; x_wconf 90' lang='lat' dir='ltr'>illa</span> <span class='ocrx_word' id='word_1_157' title='bbox 1009 1507 1311 1567; x_wconf 60' lang='lat' dir='ltr'>consurgereth</span> <span class='ocrx_word' id='word_1_158' title='bbox 1334 1518 1438 1551; x_wconf 90' lang='lat' dir='ltr'>tunc</span> 
     </span>
     <span class='ocr_line' id='line_1_20' title="bbox 43 1576 1435 1637; baseline 0.001 -16"><span class='ocrx_word' id='word_1_159' title='bbox 43 1586 189 1621; x_wconf 89' lang='lat' dir='ltr'>autem</span> <span class='ocrx_word' id='word_1_160' title='bbox 211 1576 404 1631; x_wconf 90' lang='lat' dir='ltr'>vellent,</span> <span class='ocrx_word' id='word_1_161' title='bbox 430 1577 609 1637; x_wconf 84' lang='lat' dir='ltr'>quando</span> <span class='ocrx_word' id='word_1_162' title='bbox 641 1577 693 1622; x_wconf 89' lang='lat' dir='ltr'>ad</span> <span class='ocrx_word' id='word_1_163' title='bbox 723 1577 999 1622; x_wconf 86' lang='lat' dir='ltr'>seminandos</span> <span class='ocrx_word' id='word_1_164' title='bbox 1031 1578 1146 1622; x_wconf 85' lang='lat' dir='ltr'>filios</span> <span class='ocrx_word' id='word_1_165' title='bbox 1163 1594 1273 1637; x_wconf 88' lang='lat' dir='ltr'>opus</span> <span class='ocrx_word' id='word_1_166' title='bbox 1296 1588 1435 1636; x_wconf 80' lang='lat' dir='ltr'>esset3</span> 
     </span>
     <span class='ocr_line' id='line_1_21' title="bbox 42 1648 1438 1708; baseline 0.001 -17"><span class='ocrx_word' id='word_1_167' title='bbox 42 1649 101 1691; x_wconf 92' lang='lat' dir='ltr'>ita</span> <span class='ocrx_word' id='word_1_168' title='bbox 135 1657 184 1691; x_wconf 91' lang='lat' dir='ltr'>ut</span> <span class='ocrx_word' id='word_1_169' title='bbox 221 1648 368 1692; x_wconf 85' lang='lat' dir='ltr'>nullus</span> <span class='ocrx_word' id='word_1_170' title='bbox 403 1648 576 1692; x_wconf 87' lang='lat' dir='ltr'>seminis</span> <span class='ocrx_word' id='word_1_171' title='bbox 614 1658 722 1692; x_wconf 88' lang='lat' dir='ltr'>esset</span> <span class='ocrx_word' id='word_1_172' title='bbox 757 1649 902 1692; x_wconf 84' lang='lat' dir='ltr'>irritus</span> <span class='ocrx_word' id='word_1_173' title='bbox 927 1650 1068 1708; x_wconf 86' lang='lat' dir='ltr'>jactus</span> <span class='ocrx_word' id='word_1_174' title='bbox 1087 1684 1096 1700; x_wconf 86' lang='lat'>,</span> <span class='ocrx_word' id='word_1_175' title='bbox 1135 1649 1283 1693; x_wconf 90' lang='lat' dir='ltr'>nullus</span> <span class='ocrx_word' id='word_1_176' title='bbox 1315 1649 1438 1693; x_wconf 88' lang='lat' dir='ltr'>fieret</span> 
     </span>
    </p>
   </div>
   <div class='ocr_carea' id='block_1_5' title="bbox 43 1719 1528 1841">
    <p class='ocr_par' dir='ltr' id='par_1_5' title="bbox 43 1719 1528 1841">
     <span class='ocr_line' id='line_1_22' title="bbox 44 1719 1528 1779; baseline -0.001 -16"><span class='ocrx_word' id='word_1_177' title='bbox 44 1719 330 1774; x_wconf 86' lang='lat' dir='ltr'>concubitus,</span> <span class='ocrx_word' id='word_1_178' title='bbox 367 1734 499 1779; x_wconf 90' lang='lat' dir='ltr'>quem</span> <span class='ocrx_word' id='word_1_179' title='bbox 534 1734 623 1762; x_wconf 89' lang='lat' dir='ltr'>non</span> <span class='ocrx_word' id='word_1_180' title='bbox 655 1728 910 1778; x_wconf 81' lang='lat' dir='ltr'>sequeretur</span> <span class='ocrx_word' id='word_1_181' title='bbox 937 1729 1174 1778; x_wconf 89' lang='lat' dir='ltr'>conceptus</span> <span class='ocrx_word' id='word_1_182' title='bbox 1195 1729 1238 1763; x_wconf 91' lang='lat' dir='ltr'>et</span> <span class='ocrx_word' id='word_1_183' title='bbox 1269 1729 1434 1777; x_wconf 86' lang='lat' dir='ltr'>partus,</span> <span class='ocrx_word' id='word_1_184' title='bbox 1461 1732 1487 1776; x_wconf 56' lang='lat' dir='ltr'>gx</span> <span class='ocrx_word' id='word_1_185' title='bbox 1506 1719 1528 1743; x_wconf 55' lang='lat'>‘²‘</span> 
     </span>
     <span class='ocr_line' id='line_1_23' title="bbox 43 1786 1472 1841; baseline 0 -8"><span class='ocrx_word' id='word_1_186' title='bbox 43 1790 98 1834; x_wconf 86' lang='lat' dir='ltr'>ad</span> <span class='ocrx_word' id='word_1_187' title='bbox 124 1799 281 1834; x_wconf 89' lang='lat' dir='ltr'>nutum</span> <span class='ocrx_word' id='word_1_188' title='bbox 314 1792 529 1834; x_wconf 87' lang='lat' dir='ltr'>serviente</span> <span class='ocrx_word' id='word_1_189' title='bbox 551 1806 680 1834; x_wconf 87' lang='lat' dir='ltr'>carne</span> <span class='ocrx_word' id='word_1_190' title='bbox 699 1825 710 1841; x_wconf 85' lang='lat'>,</span> <span class='ocrx_word' id='word_1_191' title='bbox 737 1789 791 1833; x_wconf 89' lang='lat' dir='ltr'>ad</span> <span class='ocrx_word' id='word_1_192' title='bbox 820 1799 978 1833; x_wconf 88' lang='lat' dir='ltr'>nutum</span> <span class='ocrx_word' id='word_1_193' title='bbox 1002 1790 1215 1834; x_wconf 86' lang='lat' dir='ltr'>serviente</span> <span class='ocrx_word' id='word_1_194' title='bbox 1236 1790 1433 1834; x_wconf 89' lang='lat' dir='ltr'>libidine.</span> <span class='ocrx_word' id='word_1_195' title='bbox 1463 1786 1472 1796; x_wconf 78' lang='lat'><strong><em>‘</em></strong></span> 
     </span>
    </p>
   </div>
   <div class='ocr_carea' id='block_1_6' title="bbox 43 1860 1442 2486">
    <p class='ocr_par' dir='ltr' id='par_1_6' title="bbox 43 1860 1442 2486">
     <span class='ocr_line' id='line_1_24' title="bbox 43 1860 1438 1916; baseline -0.001 -11"><span class='ocrx_word' id='word_1_196' title='bbox 43 1863 138 1905; x_wconf 85' lang='lat' dir='ltr'>Hoc</span> <span class='ocrx_word' id='word_1_197' title='bbox 153 1861 186 1905; x_wconf 88' lang='lat' dir='ltr'>si</span> <span class='ocrx_word' id='word_1_198' title='bbox 207 1860 329 1916; x_wconf 90' lang='lat' dir='ltr'>dicit,</span> <span class='ocrx_word' id='word_1_199' title='bbox 347 1860 497 1905; x_wconf 89' lang='lat' dir='ltr'>saltem</span> <span class='ocrx_word' id='word_1_200' title='bbox 511 1860 753 1905; x_wconf 88' lang='lat' dir='ltr'>consideret</span> <span class='ocrx_word' id='word_1_201' title='bbox 774 1876 892 1905; x_wconf 91' lang='lat' dir='ltr'>nunc</span> <span class='ocrx_word' id='word_1_202' title='bbox 910 1862 954 1904; x_wconf 91' lang='lat' dir='ltr'>in</span> <span class='ocrx_word' id='word_1_203' title='bbox 972 1861 1222 1905; x_wconf 87' lang='lat' dir='ltr'>hominibus</span> <span class='ocrx_word' id='word_1_204' title='bbox 1241 1877 1328 1905; x_wconf 92' lang='lat' dir='ltr'>non</span> <span class='ocrx_word' id='word_1_205' title='bbox 1348 1869 1438 1905; x_wconf 84' lang='lat' dir='ltr'>esse</span> 
     </span>
     <span class='ocr_line' id='line_1_25' title="bbox 43 1923 1442 1991; baseline 0 -17"><span class='ocrx_word' id='word_1_206' title='bbox 43 1931 164 1991; x_wconf 90' lang='lat' dir='ltr'>quod</span> <span class='ocrx_word' id='word_1_207' title='bbox 188 1923 393 1990; x_wconf 65' lang='lat' dir='ltr'>dicit.[Et</span> <span class='ocrx_word' id='word_1_208' title='bbox 425 1932 459 1975; x_wconf 86' lang='lat' dir='ltr'>si</span> <span class='ocrx_word' id='word_1_209' title='bbox 487 1947 574 1975; x_wconf 89' lang='lat' dir='ltr'>non</span> <span class='ocrx_word' id='word_1_210' title='bbox 601 1930 696 1974; x_wconf 88' lang='lat' dir='ltr'>vult</span> <span class='ocrx_word' id='word_1_211' title='bbox 732 1930 972 1975; x_wconf 82' lang='lat' dir='ltr'>concedere</span> <span class='ocrx_word' id='word_1_212' title='bbox 995 1932 1145 1975; x_wconf 84' lang='lat' dir='ltr'>vitium</span> <span class='ocrx_word' id='word_1_213' title='bbox 1171 1947 1260 1975; x_wconf 86' lang='lat' dir='ltr'>esse</span> <span class='ocrx_word' id='word_1_214' title='bbox 1294 1932 1442 1975; x_wconf 91' lang='lat' dir='ltr'>libidi-</span> 
     </span>
     <span class='ocr_line' id='line_1_26' title="bbox 43 2001 1436 2064; baseline -0.001 -17"><span class='ocrx_word' id='word_1_215' title='bbox 43 2017 143 2047; x_wconf 89' lang='lat' dir='ltr'>nem</span> <span class='ocrx_word' id='word_1_216' title='bbox 169 2022 178 2047; x_wconf 85' lang='lat'>:</span> <span class='ocrx_word' id='word_1_217' title='bbox 205 2002 321 2047; x_wconf 85' lang='lat' dir='ltr'>dicat</span> <span class='ocrx_word' id='word_1_218' title='bbox 347 2002 498 2047; x_wconf 84' lang='lat' dir='ltr'>saltem</span> <span class='ocrx_word' id='word_1_219' title='bbox 527 2018 604 2062; x_wconf 87' lang='lat' dir='ltr'>per</span> <span class='ocrx_word' id='word_1_220' title='bbox 626 2002 800 2047; x_wconf 90' lang='lat' dir='ltr'>illorum</span> <span class='ocrx_word' id='word_1_221' title='bbox 833 2003 1059 2047; x_wconf 91' lang='lat' dir='ltr'>hominum</span> <span class='ocrx_word' id='word_1_222' title='bbox 1093 2001 1436 2064; x_wconf 78' lang='lat' dir='ltr'>inobedientiam</span> 
     </span>
     <span class='ocr_line' id='line_1_27' title="bbox 47 2074 1436 2133; baseline 0.001 -17"><span class='ocrx_word' id='word_1_223' title='bbox 47 2074 176 2117; x_wconf 85' lang='lat' dir='ltr'>etiam</span> <span class='ocrx_word' id='word_1_224' title='bbox 196 2074 332 2132; x_wconf 90' lang='lat' dir='ltr'>ipsam</span> <span class='ocrx_word' id='word_1_225' title='bbox 354 2074 547 2118; x_wconf 88' lang='lat' dir='ltr'>vitiatam</span> <span class='ocrx_word' id='word_1_226' title='bbox 561 2089 652 2118; x_wconf 89' lang='lat' dir='ltr'>esse</span> <span class='ocrx_word' id='word_1_227' title='bbox 675 2075 814 2117; x_wconf 86' lang='lat' dir='ltr'>carnis</span> <span class='ocrx_word' id='word_1_228' title='bbox 837 2074 1271 2133; x_wconf 52' lang='lat' dir='ltr'>concupiscentiam]</span> <span class='ocrx_word' id='word_1_229' title='bbox 1297 2084 1343 2117; x_wconf 89' lang='lat' dir='ltr'>ut</span> <span class='ocrx_word' id='word_1_230' title='bbox 1362 2074 1436 2118; x_wconf 88' lang='lat' dir='ltr'>illa</span> 
     </span>
     <span class='ocr_line' id='line_1_28' title="bbox 44 2144 1438 2208; baseline 0.001 -21"><span class='ocrx_word' id='word_1_231' title='bbox 44 2159 144 2204; x_wconf 85' lang='lat' dir='ltr'>quae</span> <span class='ocrx_word' id='word_1_232' title='bbox 167 2144 420 2208; x_wconf 54' lang='lat' dir='ltr'>obedienter</span> <span class='ocrx_word' id='word_1_233' title='bbox 438 2154 480 2188; x_wconf 90' lang='lat' dir='ltr'>et</span> <span class='ocrx_word' id='word_1_234' title='bbox 494 2144 692 2205; x_wconf 64' lang='lat' dir='ltr'>Qfflnate</span> <span class='ocrx_word' id='word_1_235' title='bbox 712 2154 974 2200; x_wconf 85' lang='lat' dir='ltr'>moveretur,</span> <span class='ocrx_word' id='word_1_236' title='bbox 996 2161 1113 2189; x_wconf 86' lang='lat' dir='ltr'>nunc</span> <span class='ocrx_word' id='word_1_237' title='bbox 1135 2144 1438 2189; x_wconf 84' lang='lat' dir='ltr'>inobedienter</span> 
     </span>
     <span class='ocr_line' id='line_1_29' title="bbox 43 2203 1436 2276; baseline 0 -18"><span class='ocrx_word' id='word_1_238' title='bbox 43 2203 380 2274; x_wconf 67' lang='lat' dir='ltr'>inordinateque</span> <span class='ocrx_word' id='word_1_239' title='bbox 409 2225 638 2259; x_wconf 89' lang='lat' dir='ltr'>moveatur</span> <span class='ocrx_word' id='word_1_240' title='bbox 664 2235 671 2258; x_wconf 88' lang='grc'>;</span> <span class='ocrx_word' id='word_1_241' title='bbox 699 2216 755 2258; x_wconf 86' lang='lat' dir='ltr'>ita</span> <span class='ocrx_word' id='word_1_242' title='bbox 778 2225 827 2258; x_wconf 86' lang='lat' dir='ltr'>ut</span> <span class='ocrx_word' id='word_1_243' title='bbox 851 2216 951 2275; x_wconf 88' lang='lat' dir='ltr'>ipsis</span> <span class='ocrx_word' id='word_1_244' title='bbox 983 2232 1160 2276; x_wconf 80' lang='lat' dir='ltr'>quoque</span> <span class='ocrx_word' id='word_1_245' title='bbox 1185 2216 1352 2274; x_wconf 84' lang='lat' dir='ltr'>pudicis</span> <span class='ocrx_word' id='word_1_246' title='bbox 1383 2214 1436 2258; x_wconf 88' lang='lat' dir='ltr'>ad</span> 
     </span>
     <span class='ocr_line' id='line_1_30' title="bbox 43 2285 1436 2345; baseline 0 -15"><span class='ocrx_word' id='word_1_247' title='bbox 43 2295 202 2330; x_wconf 89' lang='lat' dir='ltr'>nutum</span> <span class='ocrx_word' id='word_1_248' title='bbox 230 2301 320 2330; x_wconf 90' lang='lat' dir='ltr'>non</span> <span class='ocrx_word' id='word_1_249' title='bbox 340 2286 613 2345; x_wconf 83' lang='lat' dir='ltr'>obtemperet</span> <span class='ocrx_word' id='word_1_250' title='bbox 638 2286 898 2345; x_wconf 82' lang='lat' dir='ltr'>conjugatis,</span> <span class='ocrx_word' id='word_1_251' title='bbox 916 2287 991 2330; x_wconf 87' lang='lat' dir='ltr'>sed</span> <span class='ocrx_word' id='word_1_252' title='bbox 1011 2297 1054 2330; x_wconf 90' lang='lat' dir='ltr'>et</span> <span class='ocrx_word' id='word_1_253' title='bbox 1069 2285 1246 2345; x_wconf 85' lang='lat' dir='ltr'>quando</span> <span class='ocrx_word' id='word_1_254' title='bbox 1267 2301 1356 2329; x_wconf 88' lang='lat' dir='ltr'>non</span> <span class='ocrx_word' id='word_1_255' title='bbox 1374 2295 1436 2330; x_wconf 81' lang='lat' dir='ltr'>est</span> 
     </span>
     <span class='ocr_line' id='line_1_31' title="bbox 44 2355 1436 2415; baseline -0.001 -16"><span class='ocrx_word' id='word_1_256' title='bbox 44 2357 278 2400; x_wconf 87' lang='lat' dir='ltr'>necessaria</span> <span class='ocrx_word' id='word_1_257' title='bbox 297 2365 535 2410; x_wconf 87' lang='lat' dir='ltr'>moveatur,</span> <span class='ocrx_word' id='word_1_258' title='bbox 556 2366 598 2399; x_wconf 90' lang='lat' dir='ltr'>et</span> <span class='ocrx_word' id='word_1_259' title='bbox 624 2355 801 2415; x_wconf 86' lang='lat' dir='ltr'>quando</span> <span class='ocrx_word' id='word_1_260' title='bbox 823 2356 1058 2399; x_wconf 79' lang='lat' dir='ltr'>necessaria</span> <span class='ocrx_word' id='word_1_261' title='bbox 1077 2366 1139 2399; x_wconf 86' lang='lat' dir='ltr'>est</span> <span class='ocrx_word' id='word_1_262' title='bbox 1160 2391 1170 2410; x_wconf 91' lang='lat'>,</span> <span class='ocrx_word' id='word_1_263' title='bbox 1201 2355 1436 2414; x_wconf 83' lang='lat' dir='ltr'>aliquando</span> 
     </span>
     <span class='ocr_line' id='line_1_32' title="bbox 45 2426 1435 2486; baseline 0 -16"><span class='ocrx_word' id='word_1_264' title='bbox 45 2427 188 2482; x_wconf 86' lang='lat' dir='ltr'>citius,</span> <span class='ocrx_word' id='word_1_265' title='bbox 214 2426 450 2486; x_wconf 85' lang='lat' dir='ltr'>aliquando</span> <span class='ocrx_word' id='word_1_266' title='bbox 469 2427 656 2480; x_wconf 87' lang='lat' dir='ltr'>tardius,</span> <span class='ocrx_word' id='word_1_267' title='bbox 678 2443 764 2470; x_wconf 90' lang='lat' dir='ltr'>non</span> <span class='ocrx_word' id='word_1_268' title='bbox 785 2443 935 2471; x_wconf 87' lang='lat' dir='ltr'>eorum</span> <span class='ocrx_word' id='word_1_269' title='bbox 959 2436 1165 2486; x_wconf 84' lang='lat' dir='ltr'>sequatur</span> <span class='ocrx_word' id='word_1_270' title='bbox 1186 2437 1335 2479; x_wconf 84' lang='lat' dir='ltr'>nutus,</span> <span class='ocrx_word' id='word_1_271' title='bbox 1360 2428 1435 2470; x_wconf 86' lang='lat' dir='ltr'>sed</span> 
     </span>
    </p>
   </div>
   <div class='ocr_carea' id='block_1_7' title="bbox 44 2491 1469 2557">
    <p class='ocr_par' dir='ltr' id='par_1_7' title="bbox 44 2491 1469 2557">
     <span class='ocr_line' id='line_1_33' title="bbox 44 2491 1469 2557; baseline 0.001 -15"><span class='ocrx_word' id='word_1_272' title='bbox 44 2513 143 2542; x_wconf 89' lang='lat' dir='ltr'>suos</span> <span class='ocrx_word' id='word_1_273' title='bbox 165 2491 308 2543; x_wconf 70' lang='lat' dir='ltr'>exerat</span> <span class='ocrx_word' id='word_1_274' title='bbox 329 2508 486 2543; x_wconf 90' lang='lat' dir='ltr'>motus.</span> <span class='ocrx_word' id='word_1_275' title='bbox 515 2501 636 2542; x_wconf 85' lang='lat' dir='ltr'>Hanc</span> <span class='ocrx_word' id='word_1_276' title='bbox 667 2513 769 2556; x_wconf 81' lang='lat' dir='ltr'>ergo</span> <span class='ocrx_word' id='word_1_277' title='bbox 803 2500 893 2557; x_wconf 86' lang='lat' dir='ltr'>ejus</span> <span class='ocrx_word' id='word_1_278' title='bbox 916 2498 1256 2542; x_wconf 89' lang='lat' dir='ltr'>inobedientiam</span> <span class='ocrx_word' id='word_1_279' title='bbox 1287 2498 1435 2541; x_wconf 86' lang='lat' dir='ltr'>inobe-</span> <span class='ocrx_word' id='word_1_280' title='bbox 1455 2524 1469 2543; x_wconf 53' lang='grc' dir='ltr'>ν.</span> 
     </span>
    </p>
   </div>
   <div class='ocr_carea' id='block_1_8' title="bbox 45 2569 1432 2628">
    <p class='ocr_par' dir='ltr' id='par_1_8' title="bbox 45 2569 1432 2628">
     <span class='ocr_line' id='line_1_34' title="bbox 45 2569 1432 2628; baseline 0 -16"><span class='ocrx_word' id='word_1_281' title='bbox 45 2569 211 2614; x_wconf 87' lang='lat' dir='ltr'>dientes</span> <span class='ocrx_word' id='word_1_282' title='bbox 233 2570 293 2613; x_wconf 88' lang='lat' dir='ltr'>illi</span> <span class='ocrx_word' id='word_1_283' title='bbox 319 2579 421 2614; x_wconf 85' lang='lat' dir='ltr'>tunc.</span> <span class='ocrx_word' id='word_1_284' title='bbox 445 2571 641 2614; x_wconf 86' lang='lat' dir='ltr'>homines</span> <span class='ocrx_word' id='word_1_285' title='bbox 662 2579 940 2627; x_wconf 81' lang='lat' dir='ltr'>receperunt,</span> <span class='ocrx_word' id='word_1_286' title='bbox 967 2579 1010 2613; x_wconf 88' lang='lat' dir='ltr'>et</span> <span class='ocrx_word' id='word_1_287' title='bbox 1031 2571 1076 2614; x_wconf 92' lang='lat' dir='ltr'>in</span> <span class='ocrx_word' id='word_1_288' title='bbox 1095 2585 1172 2614; x_wconf 91' lang='lat' dir='ltr'>nos</span> <span class='ocrx_word' id='word_1_289' title='bbox 1195 2570 1432 2628; x_wconf 80' lang='lat' dir='ltr'>propagine</span> 
     </span>
    </p>
   </div>
  </div>
 </body>
</html>
