1804 3205
343 223 394 249 nn
427 222 714 250 PEanc'rtoNE
746 221 943 249 ιιέτιτυε
978 220 1171 246 ιιοΜιΜε.
1398 209 1451 246 23

74 286 236 332 munda
258 288 411 341 oratio,
429 287 530 345 quia
548 287 717 330 veniam
737 300 824 330 non
842 285 997 343 injuste
1015 284 1205 343 petebat,
1232 284 1305 342 qui
1330 299 1453 327 vera,

73 357 179 401 citer
201 356 350 401 dabat.

132 430 293 471 xxvt.
328 430 382 471 Et
410 425 528 486 quod
557 425 661 470 dicit
686 423 739 469 dc
764 425 964 479 Domino,
994 442 1013 465 «
1040 423 1198 468 Multas
1222 422 1336 466 enim
1354 438 1459 467 con-

76 516 95 538 »
124 497 315 541 tritiones
347 511 464 541 meas
490 496 591 540 fecit
618 496 709 540 sine
729 498 877 540 causa¹
905 514 913 540 :
943 512 963 537 »
991 509 1079 539 non
1097 494 1172 548 ait,
1195 492 1337 537 nullas
1360 493 1461 537 sceit

72 584 172 613 cum
197 583 349 624 causa,
373 569 471 623 sed,
501 586 520 609 «
550 567 707 611 multas
735 567 825 611 sine
853 581 996 610 causa.
1027 584 1046 606 »
1073 567 1170 610 Non
1198 564 1311 608 enim
1336 579 1463 624 prop-

75 649 137 684 tcr
167 640 303 684 multa
330 647 505 699 peccata
535 640 627 698 ejus
656 638 780 683 sactae
804 647 906 682 sunt
929 646 971 681 ct
991 636 1141 681 multae
1163 636 1460 690 contritiones,

74 711 149 757 scd
172 721 348 771 propter
371 711 672 772 probationem
696 710 926 770 patientiae.
946 711 1054 754 Nam
1077 716 1252 767 propter
1269 716 1463 767 peccata,

75 784 165 828 sine
185 784 361 843 quibus,
382 782 548 841 utgatibi
565 782 840 837 confitetur2,
864 796 953 827 non
977 780 1077 835 fuit,
1097 779 1299 839 pauciora
1317 794 1361 824 se
1376 779 1464 838 pati

74 854 271 899 debuisse
287 852 473 914 judicat.

132 927 317 970 XXVII.
344 928 451 969 Item
475 923 595 984 quod
613 923 734 979 dicit,
759 942 779 965 «
801 922 900 967 Vias
923 921 1038 966 enim
1054 922 1145 981 ejus
1167 919 1404 976 custodivi,
1424 928 1468 964 ct

76 1015 96 1038 »
122 1011 212 1041 non
233 994 446 1041 declinavi
465 1011 488 1039 a
513 993 728 1039 mandatis
750 995 864 1053 ejus,
890 1008 1033 1053 neque
1047 991 1308 1038 discedam³.
1328 1008 1347 1032 »
1366 992 1469 1035 Cus-

75 1067 186 1112 todit
205 1068 293 1113 vias
311 1067 404 1121 Dei,
427 1067 503 1127 qui
525 1081 615 1111 non
641 1066 700 1110 sic
722 1064 954 1120 exorbitat,
982 1073 1029 1109 ut
1046 1079 1117 1108 eas
1138 1062 1372 1122 relinquat,
1393 1060 1468 1106 sed

74 1138 118 1183 in
137 1138 196 1182 eis
212 1136 431 1183 currendo
447 1137 617 1197 proficit
635 1157 646 1194 3
672 1136 752 1181 etsi
775 1134 1012 1196 aliquando
1034 1144 1085 1180 ut
1105 1135 1302 1178 infirmus
1324 1133 1469 1178 offen-

73 1206 138 1252 dit
166 1216 242 1253 aut
261 1207 421 1253 titubat
442 1226 451 1253 z
477 1207 650 1267 proficit
677 1215 821 1251 autem
845 1205 1085 1250 minuendo
1105 1213 1303 1265 peccata,
1328 1203 1469 1248 donec

74 1279 298 1337 perveniat
319 1277 397 1323 ubi
421 1278 514 1323 sine
542 1286 721 1337 peccato
745 1277 814 1321 sit.
847 1279 944 1322 Non
970 1276 1085 1320 enim
1110 1274 1232 1319 aliter
1251 1282 1394 1333 potest
1417 1288 1469 1318 eo

74 1348 207 1395 modo
234 1349 470 1408 proficere,
503 1349 584 1394 nisi
606 1346 893 1394 custodiendo
922 1348 1011 1392 vias
1037 1348 1143 1406 ejus.
1170 1345 1371 1390 Declinat
1392 1360 1471 1388 au-

76 1428 163 1465 tem
195 1435 219 1464 a
248 1419 462 1464 mandatis
493 1419 663 1465 Domini
686 1427 818 1478 atque
838 1416 1020 1462 discedit
1042 1424 1257 1476 apostata3
1287 1430 1377 1460 non
1399 1413 1471 1458 ille

75 1490 177 1549 qui,
203 1489 369 1534 etiamsi
391 1489 551 1534 habeat
574 1498 799 1549 peccatum
814 1523 825 1544 ,
853 1487 1120 1547 confligendi
1137 1496 1282 1531 tamen
1303 1500 1406 1530 cum
1421 1500 1472 1530 eo

74 1560 438 1619 perseverantiam
472 1575 560 1605 non
595 1559 840 1620 relinquit,
876 1559 1017 1603 donec
1051 1573 1102 1602 eo
1143 1557 1367 1617 perveniat
1395 1556 1472 1600 uhi

76 1630 198 1676 nulla
217 1645 318 1675 cum
346 1639 487 1677 morte
519 1631 744 1676 contentio
768 1629 1026 1674 remanebit.
1054 1631 1106 1672 In
1134 1629 1216 1673 isto
1239 1642 1341 1686 ergo
1365 1641 1472 1672 con-

75 1701 199 1747 flictu
226 1701 452 1746 induimur
481 1716 529 1745 ea
543 1701 736 1761 justitia,
768 1715 854 1760 qua
877 1699 947 1744 hic
971 1714 1022 1743 ex
1044 1699 1131 1743 side
1160 1699 1338 1753 vivitur,
1357 1706 1401 1742 et
1421 1712 1471 1742 ea

75 1771 269 1832 quodam
297 1771 430 1817 modo
459 1771 709 1817 loricamur.
736 1771 1006 1816 Assumimus
1038 1784 1216 1830 quoquc
1233 1769 1467 1829 judicium,

76 1841 197 1902 quod
214 1842 344 1888 etiam
359 1851 511 1888 contra
529 1857 608 1888 nos
625 1857 705 1902 pro
726 1841 853 1886 nobis
872 1841 1072 1894 facimuS‚
1097 1839 1276 1900 quando
1293 1846 1470 1898 peccata

77 1921 223 1958 nostra
242 1912 485 1960 accusando
502 1910 762 1957 damnamus
780 1910 925 1956 :unde
939 1910 1147 1968 scriptum
1166 1917 1246 1962 est,
1275 1927 1295 1950 «
1320 1910 1469 1953 Justus

79 2002 100 2026 n
138 1984 228 2042 ipse
261 1983 327 2027 sui
359 1992 585 2028 accusator
621 1990 684 2027 est
712 1982 758 2026 in
787 1980 1025 2040 primordio
1047 1979 1295 2024 sermonis⁴.
1317 1979 1470 2022 »Hinc

77 2055 181 2098 item
199 2053 320 2109 dicit,
345 2072 364 2096 α
390 2053 563 2100 Justitia
579 2053 758 2098 vestitus
775 2066 909 2107 eram,
928 2059 972 2095 et
988 2048 1256 2096 circumdedi
1279 2049 1469 2108 mihiju-

81 2143 102 2167 »
136 2125 299 2170 dicium
326 2125 438 2170 sicut
472 2122 796 2182 chlamydem⁵.
842 2143 856 2164 ι
892 2125 1002 2169 Nam
1036 2131 1080 2166 et
1100 2121 1179 2166 ista
1206 2120 1336 2166 vestis
1364 2119 1469 2164 belli

79 2197 214 2255 magis
236 2196 345 2242 solet
370 2211 460 2241 esse
487 2211 619 2257 quam
644 2196 783 2255 pacis,
803 2195 882 2240 ubi
905 2193 1049 2240 adhuc
1065 2201 1341 2253 expugnatur
1364 2206 1471 2236 con-

82 2268 363 2328 cupiscentia,
388 2282 478 2312 non
499 2267 577 2312 ubi
605 2267 686 2312 erit
709 2266 836 2326 plena
860 2266 951 2310 sine
972 2265 1120 2326 aliquo
1144 2278 1319 2324 prorsus
1342 2263 1469 2308 hoste

75 2339 259 2399 justitia,
284 2338 516 2385 novissima
533 2338 708 2383 inimica
729 2346 869 2383 morte
885 2335 1119 2382 destructa.

140 2410 345 2453 XXVIII.
373 2408 502 2462 Quod
530 2417 677 2454 autem
710 2408 869 2454 iterum
902 2407 960 2452 ait
997 2407 1114 2451 idem
1144 2414 1318 2450 sanctus
1356 2403 1469 2459 Job,

130 2518 141 2534 ¹
173 2511 249 2552 Iob,
272 2521 324 2553 ιι,
346 2521 396 2553 17.
413 2529 454 2536 —
469 2513 615 2553 ²1d.v1,
633 2520 667 2545 2.
682 2529 723 2537 -
739 2509 753 2536 ³
772 2512 819 2546 Id.
840 2521 934 2551 xxm,
965 2521 1015 2543 ιι.
1031 2527 1072 2534 -
1086 2508 1103 2539 4
1128 2511 1333 2548 Prov.xv1n,
1360 2517 1468 2549 17.-

86 2566 99 2590 5
118 2566 191 2605 soh,
210 2578 294 2608 xxix,
309 2567 361 2600 15.
