1804 3205
309 226 471 256 con-rm
505 224 610 254 mus
644 227 774 254 nris-r.
810 224 1038 253 summm.
1075 226 1156 251 Lm.
1196 227 1240 251 lt.
1393 211 1475 251 455

94 314 114 338 »
135 310 224 340 suae
243 295 288 338 in
305 308 402 338 vasa
425 293 726 337 misericordiae
744 308 843 352 quae
861 290 1118 352 praeparavit
1137 290 1179 333 in
1198 289 1377 348 gloriam
1400 291 1429 332 ¹.
1455 308 1474 329 »

94 369 187 412 Hoc
208 375 272 410 est
295 365 441 423 gratiae
468 365 556 418 Dei,
584 379 670 408 non
693 363 833 407 solum
862 361 1123 421 adjutorium
1140 396 1150 415 ,
1175 375 1326 404 verum
1350 360 1480 404 etiam

92 437 407 481 documentum
435 454 443 479 :
470 435 733 494 adjutorium
759 433 920 477 scilicet
943 434 986 476 in
1011 432 1120 475 vasis
1148 428 1482 488 misericordae,

92 509 135 552 in
172 509 282 552 vasis
317 515 461 551 autern
499 508 571 550 irae
604 507 918 549 documentum
948 524 955 548 :
983 503 1026 547 in
1060 502 1118 546 eis
1153 502 1266 545 enim
1299 501 1487 545 ostendit

94 580 201 623 iram
221 615 231 633 ,
255 587 298 623 et
318 578 587 622 domonstrat
607 576 841 636 potentiam
862 590 982 619 suam
999 609 1009 628 ,
1028 574 1128 634 quia
1149 582 1232 616 tarn
1255 582 1407 631 potens
1426 581 1489 615 est

98 651 270 694 bonitas
296 651 405 709 ejus,
433 657 479 692 ut
504 649 614 692 bene
643 656 790 691 utatur
814 647 941 690 etiam
966 644 1113 701 malis,
1138 652 1180 686 et
1209 643 1253 686 in
1277 642 1335 685 eis
1367 651 1490 685 notas

95 719 197 765 facit
225 720 395 766 divitias
425 720 572 777 gloria·
606 735 694 762 suze
724 719 767 762 in
800 733 894 761 vasa
926 713 1247 768 miscricordiae,
1283 713 1488 772 quoniam

96 792 215 853 quod
240 792 295 834 ab
326 792 399 833 irae
427 792 534 834 vasis
558 791 688 849 exigit
707 789 871 849 justitia
901 787 1143 846 punientis,
1168 785 1251 828 hoc
1273 784 1381 828 vasis
1406 783 1491 826 mi-

94 863 340 907 sericordiae
357 862 533 906 (limittit
554 862 706 920 gratia,
728 861 976 904 liberantis:
996 874 1074 901 nec
1095 855 1353 900 beneficium
1372 855 1492 913 quod

93 932 356 994 quibusdam
385 934 513 991 gratis
542 933 764 986 tribuitur,
801 938 1042 990 appareret,
1071 928 1149 971 nisi
1178 929 1290 970 Deus
1320 925 1410 969 aliis
1440 940 1489 968 ex

94 1004 245 1048 eadem
263 1019 395 1048 massa
414 1003 572 1063 pariter
591 1003 801 1062 reisjusto
819 1000 1032 1060 supplicio
1049 995 1364 1049 condemnatis,
1382 994 1489 1054 quid

93 1076 289 1135 utrisque
317 1073 566 1128 deberetur,
602 1073 864 1117 ostenderet.
898 1070 1003 1123 Quis
1032 1068 1147 1112 enirn
1174 1076 1216 1110 te
1250 1065 1491 1109 discernit?

96 1148 154 1192 ait
182 1147 295 1190 idern
320 1144 571 1205 Apostolus,
601 1144 769 1188 homini
800 1152 1006 1201 tanquam
1033 1139 1087 1183 dc
1115 1138 1344 1196 semetipso
1372 1146 1415 1179 et
1438 1135 1493 1180 de

96 1233 175 1263 suo
198 1218 374 1277 proprio
402 1218 516 1261 bono
544 1215 745 1274 glorianti
772 1233 780 1258 ε
811 1232 830 1255 «
854 1213 958 1266 Quis
985 1210 1096 1255 enim
1124 1218 1167 1252 te
1192 1207 1490 1252 disce1-nit0—P»

96 1290 250 1348 utique
277 1289 332 1331 ab
356 1288 430 1331 irae
453 1287 560 1330 vasis
580 1321 590 1341 ,
618 1301 641 1330 a
667 1299 802 1329 massa
828 1281 1079 1343 perditionis
1098 1316 1108 1335 ,
1133 1295 1232 1339 quae
1255 1294 1332 1337 per
1354 1292 1490 1321 unum

98 1373 249 1404 omnes
274 1358 389 1402 misit
416 1358 460 1401 in
490 1356 814 1400 damnationem
845 1374 853 1398 :
883 1373 902 1395 «
929 1353 1034 1406 Quis
1059 1361 1099 1396 te
1128 1349 1366 1394 discernit?
1398 1367 1410 1387 ›
1438 1349 1494 1391 Et

102 1439 310 1490 tanquam
338 1427 628 1487 respondisset
655 1446 663 1471 :
694 1444 714 1467 a
737 1424 950 1470 Discernit
973 1438 1042 1466 me
1066 1421 1170 1466 fides
1194 1435 1306 1474 mea,
1332 1433 1493 1478 propo-

104 1521 122 1543 »
150 1502 281 1546 situm
301 1514 467 1554 meum,
489 1499 692 1542 meritum
708 1511 872 1541 meum.
894 1494 1009 1548 Quid
1029 1493 1143 1537 enim
1159 1492 1310 1546 habes,
1329 1489 1494 1549 inquit,

102 1591 122 1613 »
149 1571 270 1632 quod
292 1585 381 1615 non
405 1569 638 1628 accepisti?
663 1569 705 1612 Si
729 1575 874 1611 autem
899 1574 942 1609 et
965 1563 1182 1622 accepisti,
1209 1559 1314 1621 quid
1338 1559 1496 1618 gloria-

101 1662 121 1685 »
148 1643 202 1687 ris
225 1643 349 1702 quasi
368 1657 459 1686 non
481 1639 727 1699 acceperis?
749 1639 832 1682 hoc
855 1646 932 1691 est,
959 1636 1081 1695 quasi
1106 1633 1160 1678 de
1185 1642 1259 1676 tuo
1281 1632 1349 1685 sit,
1376 1629 1495 1674 unde

100 1733 120 1757 »
147 1712 417 1758 discerneris.
447 1730 468 1752 n
499 1713 618 1768 Ergo
641 1709 712 1753 ille
734 1708 967 1760 discernit,
992 1706 1065 1765 qui
1097 1703 1215 1747 unde
1240 1700 1495 1746 discernaris

95 1784 305 1843 impertit,
327 1796 504 1842 poenam
527 1780 721 1824 debitam
741 1777 1022 1831 removendo,
1049 1774 1288 1819 indebitam
1311 1773 1493 1831 gratiam

97 1854 356 1914 largiendo:
379 1853 451 1897 ille
480 1851 712 1907 discernit,
738 1851 814 1909 qui
845 1864 944 1893 cum
975 1847 1166 1895 tenebrae
1195 1853 1335 1888 essent
1363 1857 1492 1902 super

97 1927 331 1984 abyssum,
363 1923 472 1968 dixit
503 1942 511 1967 :
542 1942 562 1965 «
593 1923 690 1966 Fiat
713 1921 803 1976 lux,
831 1930 874 1964 et
901 1919 1014 1964 facta
1040 1927 1104 1962 est
1124 1916 1199 1961 lux
1228 1935 1236 1960 z
1263 1924 1305 1959 et
1327 1913 1489 1967 divisit,

101 2016 121 2039 »
149 1998 232 2041 hoc
253 2005 333 2049 est,
359 1994 559 2039 discrevit
581 1994 695 2037 inter
719 1991 860 2036 lucem
885 2000 927 2034 et
951 1989 1190 2034 tenebrasss.
1215 2005 1234 2028 »
1254 1988 1353 2030 Non
1377 1984 1492 2028 enim

97 2083 198 2114 cum
224 2067 325 2112 solae
352 2074 494 2110 essent
521 2064 743 2118 tenebrae,
770 2061 877 2123 quid
904 2061 1168 2105 discerneret
1189 2058 1355 2102 invenit
1383 2076 1392 2101 z
1419 2052 1490 2100 sed

99 2140 241 2184 lucem
270 2137 471 2181 faciendo
503 2135 734 2189 discrevit,
770 2142 820 2177 ut
842 2131 1086 2193 justificatis
1113 2128 1252 2189 impiis
1281 2128 1452 2172 dicatur
1480 2146 1488 2171 :

101 2227 122 2254 α
157 2209 312 2254 Fuistis
344 2209 459 2252 enim
495 2205 730 2267 aliquando
765 2205 985 2257 tenebrae,
1024 2217 1141 2245 nunc
1175 2209 1316 2244 autern
1349 2198 1423 2246 lux
1447 2199 1491 2242 in

103 2301 123 2323 »
159 2281 373 2326 Domino⁴
393 2298 402 2324 ε
426 2297 446 2321 »
467 2294 517 2322 ac
537 2279 597 2322 sic
614 2278 692 2338 qui
716 2276 940 2335 gloriatur,
967 2272 1122 2317 nonin
1146 2286 1190 2315 se
1211 2271 1318 2329 ipso,
1349 2268 1424 2313 sed
1447 2271 1492 2313 in

102 2352 288 2397 Domino
317 2351 528 2410 glorietur
553 2352 584 2393 ⁵.
611 2348 687 2392 Ille
716 2346 936 2399 discernit,
968 2344 1043 2404 qui
1072 2342 1127 2386 de
1155 2340 1351 2386 nondum
1380 2340 1490 2383 natis

101 2438 245 2482 neque
281 2422 357 2482 qui
393 2419 558 2480 aliquid
586 2426 763 2476 egerant
791 2416 896 2460 boni
920 2423 995 2459 aut
1019 2412 1119 2457 mali
1140 2447 1151 2465 ,
1177 2420 1227 2455 ut
1251 2408 1490 2455 secundum

151 2530 158 2546 ¹
182 2526 272 2556 Rom.
291 2533 335 2561 ix,
351 2530 392 2555 22
413 2526 446 2554 et.
463 2521 517 2552 23.
531 2537 567 2542 —
582 2528 592 2542 ²
615 2531 624 2551 ι
648 2521 720 2551 Cor.
748 2530 794 2553 w,
815 2528 845 2560 7.
864 2515 928 2539 ...3
943 2518 1021 2548 Gen.
1042 2520 1069 2547 1.'
1087 2513 1317 2554 2.—'·F.pt10.z
1353 2523 1385 2547 v,
1401 2512 1431 2542 8.
1447 2528 1484 2532 ——

102 2580 117 2604 ⁵
139 2589 157 2613 2
193 2580 264 2611 Cor.
285 2588 318 2617 x,
356 2578 405 2610 16.
