1804 3205
332 226 383 252 ue
417 224 553 253 ΛΜΜΑ
589 226 639 253 1⁴:¹1·
673 224 768 253 zius
801 225 992 262 cuicum,
1028 226 1110 252 Lus.
1150 229 1176 252 1.
1363 218 1444 256 305,

64 301 292 346 memorat,
314 307 590 352 nequaquam
614 293 800 337 doceant
830 291 874 336 id
894 290 1013 351 quod
1036 291 1292 350 persuadere
1314 310 1446 339 cona-

66 372 162 418 tur,
182 366 198 420 (
221 363 339 423 quod
367 363 483 408 enim
519 364 573 408 ad
604 365 716 409 hane
747 364 1032 424 quaestionem
1056 364 1236 418 attinet,
1269 367 1448 411 omnino

64 450 150 479 non
175 436 426 495 exprimunt
444 438 475 493 2)
497 437 605 496 quid
628 446 690 480 est
713 437 831 496 quod
854 436 984 480 dicit:
1014 455 1033 477 «
1055 436 1254 480 Animam
1277 453 1326 480 cx
1347 438 1448 481 tlatu

64 506 138 550 Dei
168 516 415 551 constanter
445 508 699 562 asserimus,
735 524 822 552 non
853 524 903 552 ex
927 507 1130 562 traduce,
1161 507 1262 566 quia
1289 524 1339 552 ex
1364 511 1452 552 Deo

63 575 192 620 datur
214 579 230 618 ?
254 596 274 619 »
297 578 428 630 Quasi
454 594 611 638 corpus
634 595 683 622 ex
703 577 787 623 alio
810 578 963 632 detur,
990 593 1121 638 quam
1141 594 1192 622 ex
1215 578 1290 623 illo
1320 594 1342 622 a
1365 595 1454 638 quo

63 656 249 702 creatur,
271 663 320 692 ex
344 664 434 708 quo
453 650 614 703 omnia,
632 665 707 709 per
729 665 858 710 quem
884 650 1045 703 omnia,
1064 650 1108 693 in
1130 665 1218 709 quo
1241 649 1386 694 omnia
1411 653 1420 674 ¹
1443 671 1452 695 ;

62 717 260 777 quamvis
277 733 366 763 non
388 720 478 779 ejus
500 729 669 774 natura,
696 719 771 763 sed
791 735 842 763 ex
866 721 956 779 ejus
974 719 1162 779 opificio.
1195 739 1212 761 κ
1234 722 1384 779 Neque
1407 736 1455 764 ex

63 787 216 844 nihilo,
238 789 398 849 inquit,
424 791 526 850 quia
559 806 611 834 ex
632 794 720 835 Deo
743 791 1083 850 proficiscitur.»
1107 793 1200 834 Hoc
1226 789 1351 850 plane
1370 807 1458 836 non

63 859 205 905 adhuc
233 861 524 920 quaerendum
548 878 793 917 monemus,
816 873 963 906 utrum
990 862 1047 906 ita
1070 862 1120 905 sit
1147 882 1154 906 ;
1186 861 1260 905 sed
1286 877 1459 920 prorsus

63 946 214 976 verum
239 947 329 977 non
357 948 446 977 esse
479 934 600 992 quod
630 933 767 987 dicit,
794 932 839 977 id
868 941 958 986 est,
997 931 1118 991 quod
1146 932 1287 976 anima
1308 948 1388 976 nec
1410 949 1460 976 ex

62 1001 244 1048 traduce
265 1004 335 1058 sit,
354 1019 434 1048 nec.
459 1019 511 1048 ex
525 1003 664 1049 nihilo
691 1026 702 1061 3
731 1005 836 1057 hoc,
868 1004 1062 1061 inquam,
1088 1017 1241 1045 verum
1264 1017 1354 1046 non
1371 1017 1461 1047 esse

61 1074 153 1118 sine
170 1074 442 1119 dubitatione
465 1076 701 1119 firmamus.
718 1077 863 1118 Unum
885 1082 949 1117 est
965 1073 1081 1116 enim
1104 1088 1128 1116 e
1145 1073 1335 1129 duobus,
1357 1074 1391 1118 si
1412 1091 1463 1120 ex

64 1144 246 1190 traduce
266 1161 355 1190 non
373 1155 452 1201 est,
475 1161 526 1190 ex
545 1144 685 1190 nihilo
704 1153 790 1202 est,
807 1160 862 1189 ne
879 1144 938 1187 ita
955 1143 1009 1187 sit
1026 1157 1077 1186 ex
1101 1146 1206 1199 Deo,
1227 1154 1276 1188 ut
1295 1154 1462 1189 naturae

64 1216 117 1259 sit
145 1216 246 1271 Dei,
266 1217 387 1276 quod
412 1218 592 1262 omnino
616 1216 875 1275 sacrilegum
900 1226 965 1261 est
991 1213 1181 1257 credere.
1213 1214 1297 1259 Sed
1320 1216 1463 1259 adhuc

64 1293 211 1329 utrum
232 1301 322 1331 non
348 1288 401 1331 sit
426 1303 476 1331 ex
496 1287 692 1341 traduce,
715 1297 831 1331 certa
858 1288 1106 1332 testimonia
1128 1287 1374 1346 flagitamus
1389 1294 1464 1330 aut

64 1355 302 1415 quaerimus
330 1376 336 1399 :
370 1373 458 1400 non
498 1357 644 1415 qualia
676 1358 754 1402 iste
787 1358 959 1416 posuit,
978 1359 1061 1403 hoc
1084 1358 1204 1417 quod
1228 1359 1464 1418 quaerimus

61 1425 222 1486 ‹pnbus
256 1441 346 1470 non
383 1426 640 1471 omendstun

123 1499 263 1541 XXV.
306 1496 390 1550 Qui
418 1496 584 1541 utinam
619 1498 665 1540 in
692 1506 812 1541 tanta
843 1498 1145 1556 profunditate
1179 1501 1428 1559 quaestionis
1447 1535 1458 1554 ,

64 1568 264 1629 quandiu
299 1567 406 1628 quid
446 1567 562 1611 dicat
599 1567 797 1625 ignorat,
826 1568 1070 1612 imitaretur
1106 1571 1460 1615 Machabaeorum

62 1649 246 1685 matrem
271 1659 279 1684 ε
306 1654 406 1699 quae
429 1653 532 1682 cum
553 1638 682 1683 sciret
699 1637 754 1683 de
771 1638 865 1683 viro
883 1655 927 1683 se
950 1639 1061 1684 filios
1079 1643 1350 1700 concepisse,
1369 1651 1412 1686 et
1436 1657 1458 1684 a

61 1713 266 1757 Creatore
283 1708 502 1764 omnium,
530 1709 618 1753 sive
635 1708 879 1753 secundum
905 1724 1084 1768 corpus,
1106 1711 1194 1754 sive
1215 1711 1459 1754 secundum

63 1783 253 1827 animam
277 1793 320 1827 et
334 1781 532 1840 spiritum
555 1780 638 1824 sibi
657 1789 824 1824 creatos
847 1795 936 1824 esse
952 1815 962 1834 ‚
984 1781 1042 1824 ait
1060 1789 1208 1825 tamen
1233 1800 1240 1825 :
1264 1801 1281 1822 «
1305 1784 1459 1828 Nescio

64 1853 287 1912 quomodo
321 1851 520 1912 paruistis
552 1850 598 1893 in
637 1859 831 1894 ventrem
871 1866 1017 1895 mcum
1052 1853 1083 1894 ².
1121 1870 1139 1893 «
1178 1852 1346 1896 Vellem
1379 1854 1459 1897 iste

66 1923 228 1967 diceret
249 1957 258 1976 ,
291 1922 400 1980 quid
421 1923 500 1963 ista
521 1920 756 1965 nesciebat.
784 1923 888 1964 Haec
909 1922 1025 1965 enim
1052 1938 1150 1979 quae
1176 1922 1280 1976 dixi,
1306 1924 1459 1982 utique

65 1993 229 2038 sciebat
253 2027 263 2046 ,
306 1988 530 2050 quomodo
572 1989 815 2034 secundum
859 2005 1016 2048 corpus
1055 1991 1100 2034 in
1144 1993 1235 2052 ejus
1284 2002 1457 2037 uterum

66 2063 265 2108 venerint
290 2083 300 2118 ·,
324 2061 427 2120 quia
455 2059 509 2103 de
543 2060 633 2103 viro
664 2074 736 2104 eos
770 2074 813 2103 se
848 2061 1096 2120 concepisse
1128 2061 1330 2107 dubitare
1369 2079 1457 2109 non

67 2142 253 2192 poterat.
279 2131 583 2178 Confitebatur
612 2130 766 2185 etiam,
792 2131 896 2190 quia
926 2141 968 2176 et
989 2133 1073 2178 hoc
1099 2134 1253 2193 utique
1277 2135 1455 2189 sciebat,

67 2204 190 2265 quod
222 2202 442 2266 Deus-illis
471 2202 660 2246 animam
689 2211 733 2245 et
759 2203 958 2262 spiritum
990 2204 1190 2260 dederit,
1221 2206 1343 2264 quod
1369 2207 1460 2265 ipse

68 2274 151 2319 illis
175 2273 323 2318 vultus
344 2282 388 2317 et
415 2272 611 2316 membra
640 2272 908 2317 sormaverit.
937 2273 1052 2325 Quid
1081 2288 1182 2331 ergo
1205 2276 1423 2321 nesciebat
1443 2278 1460 2316 ἱ)

70 2348 139 2389 An
152 2346 266 2390 forte
287 2344 408 2403 quod
430 2343 647 2387 nescimus
661 2350 705 2385 et
717 2357 811 2397 nos,
831 2352 980 2387 utrum
999 2345 1185 2389 animam
1206 2355 1247 2390 et
1261 2347 1459 2406 spiritum

70 2431 201 2476 quem
225 2419 341 2460 Deus
363 2414 447 2458 illis
468 2414 559 2458 sine
589 2413 725 2457 dubio
747 2412 892 2468 dedit,
917 2413 973 2458 de
993 2416 1243 2473 parentibus
1260 2419 1458 2471 traxerit,

73 2504 128 2533 an
150 2502 316 2533 novum
334 2486 446 2532 sicut
464 2484 633 2530 homini
655 2484 794 2542 primo
816 2483 1126 2531 insufflaverit?
1144 2488 1228 2532 Sed
1248 2489 1337 2535 sive
1359 2491 1458 2544 hoc,
1517 2481 1528 2491 ⁶

123 2577 130 2594 ¹
152 2573 244 2605 Rom.
264 2582 311 2609 xi,
331 2570 384 2603 36.
406 2586 447 2593 —
464 2576 476 2593 ²
498 2580 517 2602 2
535 2568 638 2602 Mach.
660 2578 717 2609 vu,
739 2576 793 2600 22.

288 2635 404 2665 cxm.
1198 2623 1250 2665 20
