1804 3205
533 229 583 253 nr.
616 229 756 255 (¹..·'.S‘t'ls
791 229 975 255 rammi.
1397 220 1448 256 53

64 290 233 350 adjutor
251 300 312 334 est
330 291 588 350 eligentibus
610 293 735 336 bona.
755 296 808 337 Et
824 293 921 337 ideo
939 295 1047 336 benc
1061 303 1218 351 regunt
1236 295 1451 353 quidquid

64 371 235 419 regunt,
260 364 466 422 quoniam
491 364 567 422 ipsi
590 373 800 421 reguntur
827 381 848 407 a
876 365 1004 408 bono.

126 435 210 475 lX.v
243 436 349 477 Item
380 435 605 477 recitatum
644 445 707 479 cst
740 437 859 494 quod
898 437 938 478 in
979 435 1107 479 Libro
1139 450 1217 478 suo
1261 435 1456 493 Pelagius

64 507 205 566 posuit
233 525 240 549 :
271 525 288 545 α
315 507 364 547 In
384 505 454 547 (lie
481 504 632 564 judicii
659 506 817 564 iniquis
849 515 890 548 et
920 506 1218 564 peccatoribus
1248 521 1335 548 non
1364 520 1455 548 esse

63 577 327 636 parcendum
350 610 360 629 ‚
386 575 458 619 sed
486 577 656 620 miei-nis
686 592 756 621 eos
786 577 960 635 ignibus
987 576 1243 620 exurendos.
1270 595 1290 617 η
1322 577 1448 629 Quod

63 650 160 692 ideo
187 647 334 691 fratres
352 656 569 701 moverat,
596 656 644 690 ut
662 648 955 707 objiciendum
983 657 1225 707 putaretur,
1252 648 1371 707 quod
1395 649 1450 691 ita

63 719 226 764 dictum
261 727 350 769 est,
390 728 597 778 tanquam
641 733 791 763 omnes
829 729 1080 778 peccatores
1114 728 1277 762 :eterno
1313 727 1454 762 essent

63 790 273 849 supplicio
305 789 545 848 puniendi,
574 805 660 834 non
691 791 748 833 eis
777 792 963 849 exceptis
1002 791 1077 850 qui
1112 790 1448 833 fundamentum

61 862 224 904 habent
247 861 465 905 Christum
484 895 493 911 ‚
515 861 711 920 quamvis
733 860 1081 919 superfedilicent
1096 861 1230 919 ligna,
1252 859 1418 903 foenum
1437 895 1451 914 ,

61 931 262 990 stipulam
285 966 294 979 ,
327 930 382 973 de
413 931 572 989 quibus
601 931 705 974 dicit
744 932 978 989 Apostolus
1007 951 1014 974 :
1053 950 1070 972 «
1112 931 1153 975 Si
1181 932 1304 990 cujus
1342 945 1451 988 opus

63 1021 82 1043 n
102 1011 299 1046 exustum
318 1000 785 1054 fuerit‚detrimentuui
802 1002 1015 1060 patietur:
1036 1002 1126 1060 ipse
1148 1011 1293 1044 autem
1311 1001 1454 1044 salvus

63 1092 82 1114 n
98 1075 202 1125 erit‚.
219 1074 277 1116 sie
301 1082 443 1116 tamen
467 1073 586 1132 quasi
603 1073 834 1131 perignem
850 1075 878 1115 ¹.
896 1091 914 1113 n
933 1071 1015 1117 Sed
1041 1088 1139 1117 cum
1161 1072 1451 1131 respondisset

61 1145 282 1203 Pelagius,
322 1164 341 1184 «
374 1145 456 1188 hoc
489 1143 728 1188 secundum
766 1145 1048 1202 Evangelium
1083 1160 1127 1188 se
1158 1144 1340 1197 dixisse,
1373 1144 1447 1187 ubi

59 1216 217 1260 dicitur
228 1213 281 1258 de
295 1215 593 1274 peecatoribus
607 1233 614 1259 :
626 1234 643 1256 «
660 1214 726 1258 Illi
742 1216 871 1259 ibunt
883 1216 926 1259 in
944 1215 1204 1274 supplicium
1220 1225 1449 1269 aeternum,

63 1286 206 1345 »justi
235 1295 378 1328 autem
409 1286 450 1328 in
480 1285 612 1328 vitam
638 1295 843 1329 {eternam
869 1289 884 1311 '²
914 1306 921 1328 z
952 1305 970 1326 «
1007 1285 1129 1329 nullo
1156 1285 1288 1329 modo
1309 1286 1454 1344 potuit

59 1356 298 1399 christianis
338 1355 558 1413 judicibus
602 1355 849 1414 evangeliea
889 1365 930 1398 et
966 1356 1183 1399 dominica
1221 1356 1447 1413 displicere

59 1426 268 1469 sententia
297 1460 306 1478 ,
348 1426 638 1468 nescientibus
672 1425 779 1484 quid
815 1426 857 1468 in
892 1426 1032 1467 verbis
1065 1425 1119 1468 de
1144 1424 1254 1469 libro
1286 1425 1446 1483 Pelagii

60 1496 235 1555 prolatis
250 1496 426 1539 moverit
444 1495 609 1550 fratres,
633 1497 708 1555 qui
731 1495 1046 1554 disputationes
1063 1498 1154 1556 ejus
1170 1496 1236 1540 vel
1258 1496 1445 1554 discipu-

59 1567 200 1611 lorum
229 1567 320 1625 ejus
344 1564 491 1609 audire
512 1575 832 1610 consueverunt
856 1586 864 1610 :
889 1565 1067 1625 quando
1090 1567 1156 1609 liis
1178 1566 1446 1619 absentibus,

59 1639 131 1698 qui
167 1636 360 1680 libellum
393 1645 541 1679 contra
581 1636 798 1694 Pelagium
846 1646 994 1680 sancto
1030 1637 1230 1696 episcopo
1263 1636 1450 1695 Eulogio

59 1708 273 1752 dederunt
298 1708 330 1760 ³,
358 1705 503 1750 nullus
526 1708 724 1765 urgebat,
754 1716 799 1750 ut
824 1716 1071 1766 peccatores
1095 1722 1172 1766 per
1193 1708 1338 1764 ignem
1362 1706 1450 1751 sal-

57 1779 221 1822 vandos
248 1794 269 1821 a
294 1777 593 1836 peccatoribus
620 1787 784 1821 aeterno
806 1778 1019 1836 supplicio
1042 1777 1275 1836 puniendis
1301 1777 1446 1836 aliqua

60 1849 311 1907 exceptione
329 1847 640 1905 distingueret,
664 1857 707 1891 et
729 1862 779 1890 eo
802 1847 933 1890 modo
965 1846 1310 1905 intelligentibus
1326 1846 1450 1906 judi-

61 1921 184 1964 cibus
211 1935 288 1963 eur
328 1918 455 1961 fuerit
486 1918 595 1961 illud
630 1918 847 1976 objectum
871 1953 880 1971 ‚
919 1917 951 1960 si
986 1917 1122 1961 nollet
1150 1917 1414 1976 distinguere
1435 1952 1446 1971 ,

62 1992 216 2033 merito
237 1988 502 2047 culparetur.

121 2064 175 2105 X.
217 2060 343 2113 Quod
368 2068 511 2102 autem
546 2057 713 2102 addidit
742 2057 940 2115 Pelagius
968 2077 975 2101 :
1014 2077 1033 2098 «
1059 2060 1116 2101 Et
1143 2059 1175 2101 si
1204 2057 1300 2117 quis
1331 2057 1453 2101 aliter

62 2131 196 2176 credit
215 2166 225 2185 ‚
258 2130 500 2187 Origenista
530 2138 608 2172 est.
647 2146 666 2167 »
695 2130 787 2172 Hoc
817 2137 1079 2187 acceperunt
1104 2126 1272 2187 judices
1290 2163 1300 2182 ,
1331 2127 1452 2187 quod

64 2217 210 2245 revera
234 2201 279 2243 in
302 2200 481 2257 Origine
513 2198 760 2256 dignissime
789 2198 1030 2241 detestatur
1052 2197 1242 2241 Ecclesia
1262 2233 1273 2251 ‚
1298 2197 1343 2240 id
1365 2206 1455 2251 est,

63 2272 183 2332 quod
205 2271 334 2314 etiam
359 2269 438 2323 illi,
461 2284 570 2329 quos
594 2269 804 2312 Dominus
826 2268 932 2312 dicit
954 2277 1118 2312 aeterno
1140 2267 1352 2327 supplicio
1374 2283 1458 2326 pu-

63 2340 245 2386 niendos
263 2375 274 2393 ‚
300 2349 344 2383 et
366 2340 454 2396 ipse
476 2338 674 2382 diabolus
697 2347 829 2398 atque
863 2338 1004 2397 angeli
1027 2339 1142 2397 ejus,
1168 2347 1265 2396 post
1287 2347 1458 2396 tempus

67 2413 168 2456 licet
201 2410 414 2470 prolixum
454 2409 628 2468 purgati
665 2408 972 2452 liberabuntur
993 2423 1016 2452 a
1045 2408 1185 2467 poenis
1207 2443 1218 2462 ,
1239 2417 1282 2451 et
1304 2409 1461 2451 sanctis

118 2518 124 2533 ¹
152 2524 162 2543 1
185 2514 255 2544 Cor.
274 2523 323 2550 in,
358 2512 408 2542 15.
424 2529 464 2534 —
482 2518 492 2533 ²
514 2510 633 2542 Matth.
653 2520 729 2550 xxv,
758 2509 812 2547 46.
828 2528 868 2533 —
886 2508 898 2533 3
917 2509 1062 2552 Eulogius
1081 2510 1257 2551 episcopus,
1280 2509 1358 2541 vide
1376 2507 1429 2539 lib·
1451 2519 1462 2539 ι

73 2571 184 2599 contra
203 2566 318 2598 Julian.
335 2575 408 2608 cap.
430 2567 460 2597 .”,ι,
