1784 3205
332 233 413 272 398
763 249 796 274 s.
832 243 1062 273 Aucus-nm
1094 245 1275 272 Emscom

329 308 502 368 proprie
542 307 712 352 dicatur
751 309 949 367 spiritus,
983 324 1073 353 non
1096 309 1293 354 universa
1331 309 1500 364 anima,
1533 309 1608 353 sed
1630 310 1711 354 ali-

329 377 437 438 quid
460 378 613 438 ipsius,
647 379 756 423 sicut
786 377 1019 437 Apostolus
1054 378 1182 434 dicit,
1209 397 1228 421 «
1253 382 1309 422 Et
1340 380 1506 438 integer
1536 380 1711 439 spiritus

330 465 351 489 »
377 457 531 501 vester,
550 457 593 492 et
614 449 756 492 anima
772 483 782 503 ,
804 457 846 491 et
863 463 1021 507 corpus
1038 450 1052 474 ¹
1074 465 1083 490 z
1118 468 1131 489 »
1159 448 1229 493 vel
1250 447 1359 493 illud
1381 449 1521 494 multo
1538 464 1711 508 expres-

327 518 412 562 sius
433 519 479 561 in
506 518 618 562 libro
641 519 740 572 Job,
783 538 798 558 ιι
839 517 1071 562 Absolvisti
1094 519 1280 562 animam
1310 534 1450 562 meam
1475 519 1528 563 ab
1560 519 1711 578 spiritu

331 608 349 630 »
375 592 492 632 meo‘z
509 607 528 629 »
554 599 697 633 tamen
715 599 758 632 et
775 590 973 633 universa
989 590 1131 633 anima
1153 589 1395 648 appelletur
1410 591 1494 635 hoc
1511 590 1708 646 nomine3

325 659 521 717 quamvis
537 659 676 703 multo
691 660 825 718 magis
840 660 933 703 haec
949 661 1130 718 quaestio
1146 660 1373 704 nominum
1388 659 1588 704 videatur
1603 674 1707 714 esse,

325 742 415 770 non
437 743 596 771 rerum.
613 730 725 773 Cum
744 729 858 773 enim
882 739 1051 774 constet
1066 745 1155 773 esse
1173 728 1339 789 aliquid
1352 730 1396 772 in
1416 731 1576 785 anima,
1591 728 1711 789 quod

324 798 496 856 proprie
529 799 704 857 spiritus
732 801 1005 855 nominetur,
1040 816 1129 860 quo
1159 809 1338 858 excepto
1368 801 1542 860 proprie
1566 800 1711 844 nomi-

324 877 454 911 natur
483 877 526 912 et
557 869 721 923 anima,
746 872 836 930 jam
860 870 913 914 de
950 871 1079 914 rebus
1105 871 1204 929 ipsis
1223 870 1344 914 nulla
1368 871 1591 915 contentio
1618 873 1708 928 est,

324 939 560 995 praesertim
585 940 686 999 quia
708 940 819 984 illud
846 942 973 985 etiam
996 957 1076 1000 ego
1099 942 1196 986 dico
1227 942 1398 1000 proprie
1420 942 1563 986 vocari
1584 940 1710 1000 spiri-

324 1016 416 1051 tum
437 1042 447 1062 ‚
479 1009 598 1067 quod
641 1020 684 1053 et
726 1020 771 1053 tu
805 1011 934 1066 dicis,
976 1012 1021 1055 id
1060 1021 1147 1066 est,
1193 1027 1281 1071 quo
1321 1012 1629 1056 ratiocinamur
1668 1020 1711 1056 et

324 1076 625 1134 intelligimus,
669 1080 846 1138 quando
882 1082 940 1124 ita
978 1080 1182 1124 distincte
1218 1082 1297 1125 ista
1330 1082 1563 1137 dicuntur,
1604 1096 1711 1142 que-

322 1146 607 1190 madmodum
641 1149 875 1206 Apostolus
911 1151 990 1205 ait,
1034 1153 1091 1194 Et
1129 1151 1296 1209 integer
1331 1151 1503 1210 spiritus
1542 1161 1707 1206 vester,

322 1224 365 1259 ct
388 1216 553 1271 anima,
580 1226 623 1261 et
646 1233 817 1276 corpus.
850 1221 979 1263 Hunc
1015 1229 1160 1263 autem
1197 1221 1396 1279 spiritum
1430 1222 1559 1265 etiam
1586 1237 1712 1265 men-

322 1295 409 1329 tem
441 1286 617 1331 videtur
650 1287 893 1347 appellare,
929 1305 1027 1333 cum
1053 1289 1186 1343 dicit,
1226 1309 1244 1331 ι(
1270 1293 1417 1334 Mente
1452 1292 1590 1336 servio
1622 1290 1708 1350 legi

287 1357 289 1359 ’
328 1377 344 1396 »
371 1356 464 1412 Dei,
490 1373 618 1401 carne
640 1368 785 1401 autem
809 1359 893 1417 legi
929 1359 1134 1418 peccati3.
1174 1379 1193 1400 »
1228 1363 1336 1405 Nam
1380 1361 1471 1420 ipsa
1498 1360 1710 1406 sententia

324 1435 404 1469 est.
436 1445 455 1468 «
480 1429 537 1470 Et
558 1443 658 1472 caro
685 1428 953 1487 concupiscit
987 1429 1191 1473 adversus
1213 1430 1436 1490 spiritum,
1461 1441 1504 1475 et
1534 1431 1710 1491 spiritus

324 1512 344 1535 »
370 1496 574 1540 adversus
607 1500 808 1542 carnem4
833 1518 841 1542 :
871 1517 890 1539 »
917 1508 966 1542 ut
996 1498 1115 1558 quod
1150 1500 1211 1543 ibi
1241 1500 1347 1545 dicit
1385 1511 1602 1554 mentem,
1627 1502 1710 1545 hoc

320 1564 587 1624 intelligatur
610 1568 678 1611 hic
705 1568 903 1625 spiritum
928 1567 1071 1612 dicere
1098 1588 1106 1613 :
1134 1585 1222 1614 non
1252 1571 1362 1615 sicut
1391 1580 1440 1615 tu
1469 1571 1706 1626 existimas,

325 1652 346 1675 «
367 1635 608 1679 universam
631 1647 821 1680 mentem
840 1638 1006 1692 vocari,
1025 1654 1124 1697 quae
1144 1649 1314 1684 constat
1331 1656 1383 1684 ex
1403 1641 1545 1684 anima
1568 1650 1609 1685 et
1625 1640 1709 1699 spi·

322 1704 430 1759 ritu,
459 1721 479 1745 »
500 1706 619 1764 quod
634 1707 708 1749 ubi
724 1706 898 1764 legeris,
918 1708 1077 1752 nescio.
1100 1711 1293 1753 Mentem
1312 1711 1475 1769 quippe
1495 1720 1703 1766 nostram,

320 1773 401 1816 nisi
433 1775 641 1818 rationale
672 1786 715 1820 et
748 1776 1044 1821 intellectuale
1077 1788 1271 1823 nostrum
1303 1779 1445 1824 dicere
1478 1797 1567 1825 non
1595 1781 1706 1825 sole-

318 1857 414 1886 mus
433 1862 441 1888 :
464 1860 511 1887 ac
531 1859 605 1902 per
624 1845 707 1889 hoc
727 1846 845 1906 quod
864 1847 923 1889 ait
944 1847 1059 1891 idem
1083 1849 1316 1907 Apostolus
1331 1884 1341 1904 ,
1371 1869 1390 1892 «
1417 1851 1706 1895 Renovamini

322 1929 342 1952 »
365 1922 509 1956 autem
524 1914 676 1973 spiritu
693 1916 849 1960 mentis
867 1920 1062 1973 vestrae⁵3
1081 1935 1100 1959 »
1117 1918 1222 1977 quid
1238 1919 1357 1964 aliud
1378 1920 1499 1976 dicit,
1522 1921 1619 1975 nisi,
1637 1936 1705 1964 re-

320 1985 540 2028 novamini
563 1995 708 2029 mente
731 1989 897 2031 vestra?
918 1989 985 2032 Sic
1003 1989 1118 2032 enim
1142 1990 1315 2049 spiritus
1333 1991 1487 2034 mentis
1509 1991 1618 2035 nihil
1641 1999 1705 2037 est

320 2050 439 2094 aliud
456 2069 585 2111 quam
607 2069 747 2109 mens,
767 2057 990 2114 quomodo
1012 2073 1168 2116 corpus
1185 2060 1323 2106 carnis
1346 2059 1455 2103 nihil
1477 2060 1597 2104 aliud
1618 2076 1699 2119 po-

320 2129 403 2164 test
420 2137 508 2165 esse
523 2138 651 2182 quam
677 2140 776 2168 caro
798 2141 924 2170 :nam
947 2135 989 2170 et
1006 2128 1088 2170 hoc
1110 2130 1317 2187 scriptum
1340 2140 1424 2185 est,
1450 2150 1469 2173 «
1496 2134 1548 2175 In
1565 2146 1702 2190 expo-

322 2207 341 2230 »
368 2192 542 2236 liatione
564 2195 754 2253 corporis
787 2196 947 2254 carnis·⁷
972 2197 1047 2240 ubi
1080 2212 1254 2242 carnem
1282 2214 1438 2258 corpus
1459 2202 1598 2245 carnis
1621 2217 1701 2260 ap-

321 2277 341 2299 »
367 2261 543 2320 pellatf’.
573 2282 592 2304 »
627 2265 736 2309 Dicit
766 2281 868 2310 sane
900 2276 944 2310 et
972 2267 1056 2311 alio
1090 2269 1221 2312 modo
1258 2270 1454 2328 spiritum
1488 2271 1696 2326 hominis,

316 2346 445 2389 quem
462 2348 634 2391 prorsus
656 2351 677 2378 a
696 2346 842 2380 mente
857 2337 1061 2381 discernit
1078 2358 1086 2383 :
1107 2358 1126 2380 «
1146 2339 1188 2383 Si
1205 2340 1320 2383 enim
1334 2356 1514 2385 oravero
1532 2340 1696 2399 lingua,

318 2417 338 2440 »
364 2401 528 2462 inquit,
545 2405 717 2463 spiritus
738 2422 858 2451 meus
874 2417 987 2463 orat,
1006 2424 1127 2453 mens
1145 2419 1287 2454 autem
1313 2426 1408 2454 mea
1430 2411 1699 2457 infructuosa

361 2509 370 2525 1
401 2515 414 2535 1
435 2504 541 2536 Thess.
566 2516 596 2546 v,
623 2506 680 2540 23.
694 2523 735 2529 --
754 2514 765 2530 ²
786 2508 860 2549 Job,
883 2519 943 2549 vn,
958 2509 1053 2550 juxta
1070 2511 1166 2542 Lxx.
1183 2526 1223 2534 «-·
1241 2508 1254 2534 3
1271 2512 1362 2543 Rom.
1382 2522 1441 2554 vn,
1460 2513 1513 2545 25.
1531 2529 1573 2537 —
1587 2511 1603 2543 4
1627 2512 1694 2547 Gal.

313 2566 345 2598 v,
368 2557 496 2600 17.—5
513 2559 629 2603 Ephes.
652 2572 696 2601 iv,
717 2561 769 2594 23.
784 2561 852 2586 -6
870 2563 987 2596 Coloss.
1007 2576 1043 2603 n,
1066 2575 1116 2597 11.
