1784 3205
284 217 368 258 294
714 226 748 258 s.
783 225 1013 256 AUGtsnNJ
1046 226 1226 256 EPISCOPI

282 294 422 340 futuri
442 302 564 339 erant
586 301 809 352 martyres.
832 294 890 337 Et
907 292 992 336 hoc
1011 292 1189 352 quidem
1211 291 1346 353 oculis
1375 293 1548 338 Domini
1571 294 1660 339 cla-

281 382 379 411 rum
401 364 504 421 fuit,
530 365 605 426 qui
628 381 716 410 non
741 364 980 423 baptizato,
1006 372 1214 423 tanquam
1236 365 1431 422 martyrii
1452 365 1661 424 sanguine

281 436 453 492 ablut0,
490 445 654 480 tantam
692 434 944 479 felicitatem
986 433 1130 478 statim
1163 433 1364 478 contulit.
1408 434 1493 479 Sed
1533 435 1660 479 etiam

280 517 477 552 nostrum
504 507 601 567 quis
627 522 716 551 non
746 503 1015 559 consideret,
1041 513 1203 564 quanta
1228 504 1336 560 fide,
1369 513 1533 564 quanta
1561 520 1658 565 spe,

281 587 445 639 quanta
462 578 670 622 charitate
684 584 867 620 mortem
885 591 963 634 pro
976 574 1148 620 Christo
1166 575 1338 619 vivente
1352 575 1567 635 suscipere
1583 591 1661 635 po-

282 650 391 704 tuit,
416 649 490 707 qui
511 648 645 692 vitam
668 648 713 691 in
737 646 948 691 moriente
974 645 1204 706 quaesivit?
1227 647 1322 689 Huc
1345 644 1510 690 accedit
1525 681 1536 701 ,
1561 647 1663 706 quia

280 735 369 763 non
402 717 714 762 incredibiliter
741 717 922 771 dicitur,
956 716 1171 760 latronem
1203 715 1278 774 qui
1316 725 1421 760 tune
1457 715 1658 771 credidit,

275 792 400 851 juxta
420 790 652 832 Dominum
675 787 946 842 crucifixum,
972 802 1084 846 aqua
1106 784 1180 830 illa
1205 801 1305 846 quae
1326 785 1381 830 de
1395 786 1574 830 vulnere
1596 785 1662 831 la-

280 861 380 905 teris
409 860 498 918 ejus
522 859 721 914 emicuit,
748 867 956 917 tanquam
984 857 1265 901 sacratissimo
1295 856 1511 916 baptismo
1533 856 1664 901 fuisse

281 930 522 991 perfusum.
563 933 618 974 Ut
648 930 846 975 omittam
878 930 999 989 quod
1023 944 1146 984 eum,
1171 918 1407 988 antequam
1436 927 1664 971 damnare-

283 1012 354 1047 tur
376 1002 644 1061 baptizatum
664 1016 753 1044 non
775 999 921 1054 fuisse,
938 1000 1145 1059 quoniam
1163 1014 1292 1043 nemo
1309 1006 1506 1042 nostrum
1525 999 1662 1053 novit,

284 1088 412 1117 nemo
447 1072 678 1116 convincit.
711 1073 873 1115 Verum
907 1071 1000 1115 haec
1028 1079 1077 1113 ut
1104 1070 1221 1114 volet
1255 1071 1440 1130 quisque
1467 1069 1663 1128 accipiat,

284 1143 390 1186 dum
408 1151 552 1185 tamen
566 1141 619 1184 de
636 1142 851 1200 baptismo
874 1156 962 1185 non
985 1140 1286 1200 praescribatur
1311 1139 1539 1184 Salvatoris
1561 1155 1665 1198 prae-

284 1221 428 1270 cepto,
462 1212 592 1270 hujus
624 1211 802 1254 latronis
824 1210 1021 1269 exemplo
1049 1220 1092 1254 et
1119 1226 1209 1254 non
1231 1210 1456 1268 baptizatis
1478 1209 1667 1268 parvulis

282 1298 411 1327 nemo
430 1283 654 1342 promittat
677 1283 786 1325 inter
803 1281 1130 1324 damnationem
1148 1295 1420 1340 regnumque
1435 1279 1664 1335 coelorum,

284 1354 441 1414 quietis
470 1353 540 1398 vel
562 1352 778 1397 felicitatis
801 1352 1033 1412 cujuslibet
1060 1361 1190 1412 atque
1227 1351 1413 1395 ubilibet
1430 1353 1552 1412 quasi
1573 1366 1667 1395 me-

281 1425 403 1470 dium
434 1425 596 1469 locum.
624 1427 718 1469 Hoc
741 1427 858 1468 enim
887 1424 945 1468 eis
968 1424 1095 1467 etiam
1118 1423 1290 1467 haeresis
1321 1423 1551 1482 Pelagiana
1574 1438 1669 1482 pro-

282 1495 399 1539 misit
417 1512 428 1539 :
451 1496 551 1555 quia
572 1508 657 1539 ‘nec
681 1495 1006 1539 damnationem
1028 1495 1184 1538 metuit
1205 1493 1394 1554 parvulis
1414 1515 1425 1552 3
1444 1509 1553 1554 quos
1575 1491 1669 1537 nul-

282 1565 375 1610 lum
411 1574 538 1624 putat
569 1566 730 1609 habere
771 1565 979 1623 originale
1020 1574 1270 1623 peccatum,
1310 1579 1389 1608 nec
1431 1573 1575 1622 sperat
1610 1564 1668 1608 eis

284 1650 466 1693 regnum
488 1635 726 1692 coelorum,
752 1637 785 1680 si
806 1651 894 1680 non
924 1636 1184 1695 perveniunt
1217 1636 1273 1679 ad
1304 1635 1575 1694 baptismatis
1603 1650 1671 1679 sa-

284 1717 571 1751 cramentum.
604 1710 690 1752 Iste
718 1717 863 1752 autem
889 1722 991 1752 cum
1021 1708 1280 1752 confiteatur
1313 1706 1516 1766 parvulos
1539 1706 1669 1764 origi-

283 1777 371 1822 nali
404 1779 632 1823 obstrictos
662 1794 750 1823 esse
786 1788 987 1838 peccato,
1012 1779 1071 1822 eis
1094 1780 1222 1822 etiam
1246 1792 1428 1835 regnum
1456 1777 1670 1821 coelorum

237 1849 242 1854 '
284 1864 375 1893 non
396 1848 623 1908 baptizatis
647 1865 774 1893 ausus
791 1859 855 1893 est
876 1848 1071 1909 polliceri
1092 1867 1101 1893 z
1121 1848 1238 1908 quod
1264 1862 1344 1892 nec
1362 1846 1425 1892 illi
1442 1847 1532 1891 ausi
1549 1855 1666 1903 sunt,

285 1921 361 1979 qui
379 1935 450 1964 eos
478 1929 672 1964 asserunt
694 1921 783 1965 sine
801 1919 892 1964 ullo
912 1935 1086 1979 prorsus
1109 1934 1197 1964 esse
1219 1928 1412 1979 peccat0.
1431 1921 1543 1963 Ecce
1558 1933 1669 1978 qua-

285 1989 401 2033 libus
434 2005 478 2033 se
514 1990 678 2050 laqueis
701 1990 1049 2050 praesumptionis
1078 1990 1292 2044 innectat,
1328 1989 1408 2033 nisi
1437 2004 1537 2033 eum
1569 1987 1670 2032 talia

286 2060 499 2118 scripsisse
521 2062 746 2118 poeniteat.

344 2131 445 2172 XII.
472 2132 533 2173 De
553 2130 685 2174 fratre
707 2139 853 2175 autem
876 2138 1034 2174 sanctae
1063 2132 1291 2188 Perpetuae
1313 2129 1567 2184 Dinocrate,
1591 2143 1671 2172 nec

288 2201 508 2259 Scriptura
532 2202 620 2259 ipsa
648 2202 854 2245 canonica
876 2209 960 2256 est,
985 2216 1065 2244 nec
1088 2199 1161 2243 illa
1182 2200 1241 2243 sic
1263 2199 1451 2258 scripsit,
1475 2199 1545 2243 vel
1569 2199 1669 2258 qui-

284 2285 472 2331 cumque
495 2271 606 2315 illud
640 2271 830 2331 scripsit,
869 2281 919 2315 ut
954 2270 1079 2314 illum
1116 2285 1302 2330 puerum
1339 2270 1415 2329 qui
1452 2269 1671 2328 septennis

284 2350 482 2384 mortuus
505 2340 664 2395 fuerat,
689 2343 780 2385 sine
807 2342 1021 2401 baptismo
1043 2341 1205 2386 diceret
1227 2339 1359 2384 fuisse
1375 2338 1633 2384 defunctum
1657 2357 1666 2383 :

279 2425 359 2469 pro
388 2426 476 2468 quo
500 2410 573 2454 illa
600 2411 856 2455 imminente
880 2411 1087 2468 martyrio
1109 2410 1301 2455 creditur
1324 2409 1546 2463 exaudita,
1574 2417 1623 2452 ut
1645 2423 1669 2451 a

279 2480 420 2539 poenis
440 2481 745 2524 transferretur
766 2483 821 2525 ad.
843 2482 1053 2541 requiem.
1087 2483 1194 2526 Nam
1216 2480 1331 2524 illius
1359 2480 1496 2523 aetatis
1519 2478 1663 2539 pueri,

278 2560 320 2594 et
353 2551 544 2605 mentiri,
574 2560 616 2596 et
650 2567 802 2597 verum
831 2551 974 2612 loqui,
1003 2562 1044 2596 et
1066 2552 1287 2606 confiteri,
1325 2559 1368 2595 et
1405 2563 1561 2610 negare
1576 2550 1664 2609 Jam
