1804 3205
425 234 504 258 ι,ιιι.
544 234 573 258 ι.
613 233 663 258 niz
695 231 849 258 (ιιιΑΤιΛ
882 232 1063 258 ειιιιιςιι.
1356 221 1432 256 117

54 300 126 343 siat
157 299 345 342 mandati
381 300 690 358 praevaricatio.
724 320 743 341 «
775 298 855 343 tibi
889 299 1002 341 enim
1030 313 1117 342 non
1146 306 1209 341 est
1241 302 1349 343 Lex,
1378 300 1431 342 ait

55 389 73 409 ι»
96 369 341 428 Apostolus,
360 385 438 412 nee
462 370 757 428 praevaricatio
777 373 802 412 ¹.
835 388 853 410 n
884 372 952 422 Et,
984 387 1002 408 «
1027 369 1435 426 Concupisc‹·ntiam

55 459 74 479 »
93 441 356 493 nesciebam,
392 441 469 483 nisi
505 444 587 484 Lex
616 441 777 484 diceret
803 461 809 484 :
844 443 939 484 Non
967 441 1245 499 concupisces
1268 445 1298 483 '·’.
1331 458 1349 480 »
1378 443 1437 482 Αι·

51 528 126 572 per
150 513 230 556 hoe
252 549 261 568 ,
294 528 429 572 usque
453 512 561 556 adeo
589 512 708 556 aliud
731 522 793 556 est
828 517 910 556 Lex
932 549 942 568 ,
977 511 1094 557 atiud
1117 521 1180 556 est
1202 512 1334 570 gratia
1355 547 1365 565 ,
1391 520 1437 554 ut

53 587 136 627 Lex
161 599 246 627 non
271 583 411 627 solum
431 583 536 627 nihil
557 585 710 643 prosit,
737 586 1023 629 verumetiam
1053 584 1288 645 plurimum
1309 583 1436 633 obsit,

52 656 129 698 nisi
157 656 331 714 adjuvet
350 656 483 713 gratia
505 673 514 704 ;
535 666 576 700 et
599 657 692 701 haec
709 656 963 701 ostendatur
982 656 1104 714 Legis
1125 655 1303 707 utilitas,
1329 670 1441 714 quo-

51 727 165 770 niam
202 742 311 787 quos
335 726 437 770 facit
459 729 820 786 praevaricationis
845 743 936 773 reos
953 763 963 783 ,
989 728 1105 787 cogit
1127 727 1364 786 confugere
1387 726 1438 770 ad

51 798 230 855 gratiam
257 797 518 851 liberandos,
545 807 586 842 et
611 809 658 842 ut
688 800 1058 859 concupiscentias
1080 797 1212 842 malas
1236 806 1441 857 superent

51 868 334 928 adjuvandos.
348 870 480 913 Jubet
496 871 610 913 enim
627 872 761 930 magis
777 886 907 931 quam
921 873 1045 930 juvat
1061 892 1071 927 3
1096 869 1224 914 docet
1240 869 1442 913 morbum

50 954 154 995 esse,
182 955 270 984 non
299 949 420 984 sanat
447 962 456 997 3
483 941 570 985 imo
593 942 647 984 ab
673 958 720 985 ea
748 942 892 1000 potius
914 940 1031 1000 quod
1057 956 1145 984 non
1167 949 1344 984 sanatur
1366 955 1443 982 au-

51 1020 192 1069 getur,
211 1021 259 1055 ut
275 1012 481 1055 attentius
499 1021 542 1056 et
563 1011 787 1056 sollicitius
804 1012 952 1071 gratiae
976 1010 1188 1055 medicina
1203 1020 1439 1070 quaeratur.

53 1100 72 1122 «
100 1082 210 1134 Quia
242 1082 379 1126 littera
412 1082 599 1137 occidit,
637 1083 822 1142 Spiritus
851 1092 996 1126 autem
1017 1083 1221 1126 vivificat.
1258 1083 1300 1127 Si
1328 1081 1442 1125 enim

53 1171 72 1193 »
98 1153 197 1197 data
227 1163 336 1197 esset
367 1160 447 1197 Lex
472 1170 572 1214 quae
595 1164 739 1214 posset
767 1155 984 1198 vivificare
1007 1189 1017 1209 ‚
1049 1154 1229 1198 omnino
1255 1169 1304 1197 ex
1335 1157 1446 1212 Lege

53 1243 73 1265 »
100 1235 207 1269 esset
223 1226 390 1285 justitia
413 1229 443 1269 ³.
472 1244 491 1266 »
516 1229 566 1269 In
591 1235 804 1286 quantum
824 1235 969 1270 tamen
989 1225 1118 1269 etiam
1138 1228 1225 1269 Lex
1249 1224 1444 1283 adjuvet,

51 1297 245 1356 adjungit
278 1308 319 1342 et
348 1298 453 1342 dicit
482 1318 489 1343 :
519 1318 538 1340 «
574 1298 656 1343 Sed
685 1298 899 1342 conctusit
931 1299 1152 1356 Scriptura
1187 1297 1330 1340 omnia
1366 1295 1446 1338 sub

53 1387 72 1409 »
101 1378 276 1427 peceato
295 1404 304 1422 ‚
331 1378 379 1412 ut
400 1369 626 1427 promissio
655 1385 703 1411 ex
727 1367 812 1412 fide
831 1371 935 1412 Jesu
957 1368 1118 1412 Christi
1148 1366 1326 1411 daretur
1350 1383 1444 1410 ere-

54 1458 73 1480 »
101 1439 320 1482 dentibus.
344 1441 500 1497 Itaque
525 1442 624 1493 Lex,
650 1439 809 1498 inquit,
835 1438 1102 1496 Paedagogus
1120 1449 1267 1482 noster
1296 1439 1377 1482 fuit
1401 1438 1444 1480 in

54 1528 73 1550 »
99 1510 271 1555 Christo
297 1511 439 1553 Jesu‘.
471 1512 600 1554 »Hoc
622 1511 761 1568 ipsum
788 1525 890 1568 ergo
912 1510 1108 1569 superbis
1128 1519 1192 1553 est
1217 1509 1339 1563 utile,
1363 1509 1444 1552 sub

51 1590 228 1639 peceato
252 1581 410 1624 arctius
437 1579 791 1641 manifestiusque
813 1580 1034 1636 concludi,
1060 1596 1115 1624 ne
1133 1580 1187 1624 ad
1198 1579 1443 1624 faciendam

44 1652 256 1712 justitiam
271 1651 325 1694 de
340 1651 466 1695 liberi
489 1651 655 1695 arbitrii
682 1652 802 1711 quasi
822 1651 1004 1711 propriis
1021 1650 1187 1695 viribus
1204 1665 1446 1710 praesuma-

54 1732 123 1767 tur
147 1744 159 1781 3
184 1724 258 1768 sed
274 1743 292 1764 «
318 1739 446 1767 omne
462 1739 508 1768 os
526 1724 794 1778 obstruatur,
814 1732 858 1767 et
874 1739 972 1767 reus
995 1724 1070 1767 fiat
1089 1723 1230 1767 omnis
1254 1721 1445 1765 mundus

55 1812 74 1834 »
101 1797 206 1849 Deo,
232 1794 333 1855 quia
356 1810 446 1839 non
465 1794 776 1855 justificabitur
797 1809 849 1837 ex
882 1796 997 1852 Lege
1015 1794 1156 1838 omnis
1178 1807 1278 1836 caro
1300 1807 1444 1836 coram

55 1884 74 1906 »
102 1865 190 1909 illo.
231 1868 311 1908 Per
343 1868 503 1924 Legem
537 1865 651 1908 enim
686 1864 878 1923 cognitio
905 1865 1073 1923 peccati
1108 1883 1116 1908 :
1152 1878 1270 1906 nunc
1299 1872 1443 1906 autem

57 1956 74 1976 »
100 1937 191 1979 sine
226 1939 340 1994 Lege
372 1936 536 1994 justitia
571 1935 645 1978 Dei
686 1935 956 1979 manifestata
993 1942 1086 1988 est,
1123 1933 1344 1977 testificata
1371 1947 1446 1990 per

55 2025 74 2047 ι)
102 2010 261 2065 Legem
284 2015 327 2050 et
351 2007 587 2065 Prophetas
607 2008 637 2048 ⁵.
670 2024 689 2046 »
716 2005 948 2058 Quomodo
971 1996 1074 2062 ergo
1106 2004 1197 2047 sine
1218 2006 1331 2060 Lege
1354 2018 1446 2046 ma-

53 2076 275 2131 nifestata,
303 2078 335 2120 si
357 2093 433 2136 per
459 2080 618 2135 Legem
646 2076 896 2120 testificata?
918 2077 1015 2120 Non
1040 2075 1188 2134 itaque
1219 2074 1310 2118 sine
1334 2076 1446 2131 Lege

53 2148 342 2202 manifestata,
358 2147 433 2192 sed
455 2148 546 2191 sine
568 2150 682 2206 Lege
699 2147 882 2206 justitia,
909 2145 1186 2206 quiajustitia
1203 2145 1280 2189 Dei
1298 2154 1377 2199 est,
1400 2143 1444 2187 id

54 2227 133 2272 est,
154 2234 252 2278 quae
275 2219 399 2262 nobis
413 2233 502 2262 non
525 2233 576 2261 ex
595 2220 709 2276 Lege
729 2217 782 2261 sit
801 2252 811 2271 ,
837 2216 911 2260 sed
931 2232 979 2260 ex
1002 2218 1092 2260 Deo
1116 2234 1123 2260 :
1143 2230 1230 2260 non
1249 2230 1348 2274 quae
1370 2213 1445 2258 illo

54 2289 294 2348 imperante
309 2288 613 2346 cognoscendo
626 2288 846 2340 timeatur,
862 2288 936 2330 sed
947 2281 1045 2345 quae
1058 2286 1133 2329 illo
1142 2285 1334 2329 donante
1346 2282 1446 2327 dili-

55 2359 197 2418 gendo
212 2369 427 2413 teneatur,
440 2368 488 2402 ut
502 2367 545 2402 et
558 2359 672 2411 «Qui
688 2358 896 2417 gloriatur
910 2358 954 2400 in
968 2357 1149 2400 Domino
1166 2355 1409 2415 glorieturss.
1420 2374 1439 2395 n

117 2432 172 2472 X.
217 2429 334 2482 Quid
357 2444 459 2487 ergo
481 2437 569 2484 est,
593 2427 714 2488 quod
738 2428 819 2472 iste
856 2430 1014 2485 Legem
1046 2435 1177 2486 atque
1201 2425 1441 2470 doctrinam

92 2539 113 2557 -¹
138 2534 225 2563 Rom.
247 2542 294 2571 iv,
329 2531 377 2562 15.
402 2549 430 2553 -
457 2539 468 2553 ²
489 2532 534 2562 111.
557 2542 613 2570 vu,
645 2542 676 2571 7,
706 2535 736 2561 et
766 2531 864 2562 Ezod.
896 2541 956 2567 xx,
990 2540 1095 2570 17.—·
1117 2527 1128 2550 3
1149 2539 1166 2561 2
1185 2531 1256 2560 Cor,
1281 2540 1325 2567 in,
1355 2528 1386 2557 6*
1405 2544 1435 2548 —

62 2587 164 2619 41:³1.
185 2598 233 2625 ιιι,
252 2596 307 2620 912,
337 2587 390 2628 92.
412 2585 479 2610 -5
500 2590 589 2619 Rom.
612 2598 659 2619 ιιι.
683 2599 730 2628 ¹5)-
748 2604 787 2609 —
804 2587 817 2606 ἰ
845 2598 853 2618 ι
880 2588 950 2618 Cor.
972 2596 994 2623 1,
1019 2586 1070 2617 31.
