1804 3205
291 228 341 253 nu
376 227 540 253 >uinus
574 226 624 252 m·
656 223 1026 262 coxcueiscuwu,
1061 226 1142 252 Lm.
1179 224 1224 251 ιι.
1366 215 1451 253 260

67 293 194 335 ctiam
227 289 524 351 emtora‚1quae
550 292 590 334 in
621 306 888 350 unoquoque
914 290 1088 334 homine
1119 298 1238 333 motu
1263 292 1451 349 propria:
1475 278 1503 324 f

66 362 300 406 voluntatis
324 361 556 405 adduntur:
580 382 587 405 ;
618 381 635 403 υ
666 363 706 405 Si
729 362 843 404 enim
867 361 924 405 ob
948 361 1076 405 unius
1103 359 1311 404 delictum
1338 376 1453 404 mors

69 449 89 472 υ
118 433 312 490 regnavit
336 447 408 488 per
434 446 587 483 unum,
616 430 753 475 multo
777 432 907 488 magis
929 431 1004 491 qui
1025 430 1338 475 abundantiam
1364 446 1453 488 gra-

70 522 90 545 »
119 504 186 547 tiae
199 514 240 548 et
254 504 430 563 justitiae
448 503 681 562 accipiunt,
700 504 743 546 in
765 504 849 546 vita
868 503 1112 562 regnabunt
1131 517 1206 561 per
1223 517 1360 546 unum
1382 504 1454 545 Je-

70 593 89 616 »
117 590 211 618 sum
238 575 473 619 Christum.
503 578 654 633 ltaque
676 574 786 618 sicut
817 590 893 633 per
916 574 1043 617 unius
1063 573 1271 617 delictum
1298 573 1340 616 in
1363 587 1455 616 om-

72 663 91 686 »
119 660 192 688 ncs
213 645 412 689 homines
436 644 490 688 ad
508 643 933 698 condemnationem,
963 645 1019 688 ita
1038 653 1081 687 et
1100 659 1174 703 per
1195 643 1455 702 uniusjusti-

70 734 90 758 »
117 716 359 760 ficationem
381 718 424 760 in
447 732 596 760 omncs
614 717 808 761 homines
826 716 878 760 ad
893 716 1246 775 justificationem
1267 715 1406 758 vitae¹.
1432 732 1451 755 »

65 786 223 832 Adhuc
238 796 518 847 permaneant
538 788 581 830 in
599 788 789 832 vanitate
809 789 963 831 mentis
981 802 1085 842 suoe,
1105 796 1147 830 ct
1161 786 1305 830 dicant
1319 800 1455 829 unum

67 859 287 903 hominem
313 874 400 903 non
424 860 702 918 propaginem
728 860 956 919 trajecisse,
983 858 1055 902 sed
1079 856 1325 917 exemplum
1350 872 1459 916 prae—

67 930 402 990 buissepeccati.
417 931 649 983 Quomodo
668 946 768 988 ergo
787 946 863 989 per
882 931 1010 974 unius
1028 930 1234 974 delictum
1254 930 1296 972 in
1310 944 1460 973 omnes

67 1001 263 1045 homines
282 1001 334 1045 ad
348 1001 773 1054 condemnationem,
797 1011 839 1044 et
861 1016 947 1045 non
972 1002 1115 1060 potius
1139 1015 1215 1059 per
1231 999 1367 1043 multa
1384 1014 1459 1042 sua
1514 1042 1515 1045 ,

68 1073 279 1132 cujusque
292 1072 447 1116 delicta
470 1091 477 1115 :
497 1072 576 1115 nisi
592 1073 691 1131 qnia
709 1072 834 1115 etiam
852 1072 885 1115 si
899 1070 1009 1114 illud
1031 1086 1166 1115 unum
1184 1070 1237 1114 sit
1262 1079 1430 1114 tantum
1445 1104 1456 1123 ,
1481 1062 1503 1091 ‘¹

67 1142 273 1187 idoneum
298 1154 361 1187 est
385 1142 621 1202 perducere
642 1143 695 1186 ad
716 1142 1125 1187 condemnationem
1146 1135 1309 1196 ,sptium
1334 1140 1460 1184 nullis

68 1214 224 1259 additis
244 1199 444 1277 caeteris]3
469 1216 580 1259 sicut
603 1214 804 1274 perducit
827 1214 1028 1274 parvulos
1054 1214 1283 1257 morientes
1308 1213 1382 1272 qni
1410 1230 1459 1255 cx

69 1285 207 1330 Adam
234 1295 472 1329 nascuntur
493 1321 503 1340 ,
541 1285 573 1327 si
606 1285 647 1328 in
680 1285 852 1330 Christo
882 1300 969 1327 non
1006 1285 1316 1328 renascantur?
1343 1282 1460 1335 Quid

68 1372 169 1415 ergo
195 1373 216 1401 a
238 1357 363 1401 nobis
391 1357 545 1417 quoerit
568 1357 645 1400 iste
664 1392 673 1404 ,
700 1357 818 1417 quod
844 1372 930 1399 non
955 1355 1050 1399 vult
1073 1356 1127 1399 ab
1152 1354 1359 1414 Apostolo
1383 1370 1459 1398 au-

68 1427 175 1480 dire,
212 1447 228 1468 «
258 1444 332 1487 per
354 1427 459 1488 quid
487 1437 711 1487 peccatum
740 1428 985 1471 inveniatur
1013 1427 1052 1471 in
1084 1426 1282 1486 parvulo,
1312 1435 1458 1469 utrum

68 1514 144 1558 per
167 1499 460 1552 voluntatem,
494 1514 546 1542 an
575 1513 652 1558 per
680 1498 868 1557 nuptias,
906 1513 961 1541 an
986 1513 1062 1556 per
1081 1499 1315 1556 parentes?
1346 1499 1458 1539 Ecce

69 1568 216 1613 audiat
253 1585 329 1628 per
365 1569 500 1629 quid,
537 1569 684 1613 audiat
713 1578 754 1612 et
785 1578 949 1623 taceat,
986 1584 1061 1628 per
1094 1568 1201 1628 quid
1235 1576 1457 1627 peccatum

69 1639 315 1684 inveniatur
352 1641 395 1683 in
435 1639 617 1699 parvulo
645 1660 652 1684 ε
684 1660 702 1681 «
746 1643 825 1684 Per
867 1641 995 1683 unius
1034 1639 1242 1683 delictum
1264 1674 1273 1692 ,
1314 1638 1460 1698 inquit

74 1729 94 1751 »
130 1710 376 1770 Apostolus,
400 1711 444 1754 in
475 1726 624 1755 omnes
662 1711 859 1754 homines
897 1709 951 1754 ad
984 1709 1408 1754 condemnationem.
1435 1727 1455 1748 »

71 1782 231 1825 Omnes
262 1791 407 1825 autem
442 1782 551 1825 dixit
580 1781 633 1824 ad
664 1781 1072 1825 condemnationem
1106 1795 1182 1839 per
1220 1778 1376 1832 Adam,
1417 1787 1459 1821 et

71 1867 222 1896 omnes
239 1853 291 1895 ad
308 1853 659 1910 justificationem
681 1867 756 1910 per
777 1852 998 1896 Christum
1013 1855 1029 1876 ²
1051 1867 1058 1891 :
1082 1866 1179 1894 cum
1201 1852 1352 1909 utique
1371 1864 1458 1893 non

71 1938 221 1968 omnes
245 1939 316 1971 eos
339 1923 412 1982 qui
437 1923 681 1966 moriuntur
702 1923 747 1965 in
772 1922 927 1975 Adam,
949 1921 1179 1965 transferat
1194 1921 1389 1965 Christus
1405 1918 1458 1963 ad

70 1994 204 2039 vitam
232 2013 240 2037 2
267 1993 340 2037 sed
378 2009 526 2037 omnes
564 1993 669 2037 dixit
703 2001 834 2051 atque
869 2007 1048 2047 omnes,
1089 1993 1189 2052 quia
1225 1992 1334 2035 sicut
1369 1991 1458 2034 sine
1495 2032 1501 2047 Ι

71 2065 210 2109 Adam
227 2064 376 2109 'nullus
393 2065 445 2108 ad
465 2073 647 2108 mortem
670 2099 679 2118 ,
702 2063 758 2107 ita
779 2064 868 2107 sine
886 2064 1059 2108 Christo
1075 2061 1221 2106 nullus
1238 2061 1454 2106 advitam.
1488 2057 1494 2079 ‘⁴

74 2135 192 2179 Sicut
212 2136 396 2179 dicimus
422 2136 476 2179 de
500 2135 741 2179 litterarum
767 2134 986 2191 magistro,
1014 2134 1047 2176 si
1076 2133 1121 2176 in
1149 2133 1321 2177 civitate
1343 2132 1458 2176 solus

73 2215 151 2259 est,
166 2206 327 2250 Omnes
346 2207 422 2249 iste
445 2205 514 2249 hic
528 2205 690 2249 litteras
707 2205 834 2249 docet
855 2223 863 2247 :
883 2219 971 2248 non
984 2203 1082 2262 quia
1097 2218 1246 2247 omnes
1268 2202 1456 2256 discunt,

73 2277 147 2320 sed
168 2277 268 2335 quia
292 2291 420 2320 nemo
443 2276 522 2319 nisi
546 2276 601 2319 ab
623 2277 731 2334 ipso.
759 2274 955 2334 Denique
976 2289 1084 2333 quos
1106 2282 1205 2316 ante
1223 2288 1371 2316 omnes
1389 2271 1459 2315 di-

73 2355 220 2399 xerat,
258 2346 414 2391 multos
446 2355 590 2405 postea
619 2344 748 2396 dixit,
783 2345 956 2388 eosdem
986 2343 1098 2402 ipsos
1131 2352 1275 2386 tamen
1311 2357 1460 2386 omnes

74 2417 323 2476 multosque
346 2417 604 2476 significans.
637 2435 655 2456 «
687 2416 805 2460 Sicut
833 2414 971 2462 enim,
1011 2413 1176 2473 inquit,
1210 2429 1284 2472 per
1306 2413 1489 2457 inobe-·

77 2504 98 2528 n
124 2485 334 2530 dientiam
348 2487 477 2530 unius
492 2486 680 2531 hominis
693 2493 939 2544 peccatores
953 2483 1177 2527 constituti
1194 2493 1296 2527 sunt
1315 2482 1457 2536 multi,

124 2576 133 2593 ¹
157 2572 247 2602 Rom.
266 2581 297 2611 v,
324 2581 370 2612 ¹5·
387 2587 423 2593 -—
439 2577 450 2593 ²
473 2571 548 2603 vide
564 2569 617 2602 lib.
638 2570 700 2602 ide
716 2573 877 2611 peccator.
901 2568 1004 2600 Merit.
1026 2578 1095 2610 cap.
1117 2571 1169 2601 28.
