1804 3205
351 221 402 247 niz
437 219 723 247 rnnrzcrroun
755 217 949 246 sus‘rt‘rtnz
985 218 1178 245 thMlle.
1409 206 1462 242 5³7

78 287 321 332 invocando
344 286 464 330 illum
494 287 568 345 qui
592 286 827 329 sanctificat
849 294 1018 329 sanctos
1041 299 1141 328 suos
1168 302 1177 326 2
1203 283 1324 341 cujus
1347 298 1462 327 sanc-

79 357 324 402 tificationis
351 356 580 416 perfectio,
608 372 706 415 quae
737 371 853 399 nunc
882 355 1053 414 prolicit
1081 362 1123 396 et
1146 352 1298 396 crescit
1319 351 1374 396 de
1396 353 1465 395 di«-

77 429 120 472 in
138 429 278 480 diem,
301 441 450 471 omnes
473 427 734 471 infirmitatis
758 425 959 486 reliquias
980 425 1178 469 ablatura
1207 432 1285 467 est.

135 501 225 542 XL.
264 501 371 542 Item
402 498 572 552 dicunt,
615 498 781 557 inquit,
812 517 830 538 «
858 500 953 543 Non
983 496 1167 541 volentis
1194 508 1337 553 neque
1368 508 1467 538 cur-

79 588 98 613 »
127 571 275 623 rentis,
300 568 375 613 sed
399 569 640 612 miserentis
658 576 721 612 est
738 569 810 611 Dei
827 571 852 610 ¹.
879 587 898 608 »
923 568 1093 621 Quibus
1117 563 1468 624 respondendum

73 654 162 683 csse
191 639 323 691 dicit,
358 639 478 699 quod
511 638 627 682 idem
663 638 896 697 Apostolus
934 637 1033 681 alibi
1068 637 1122 680 de
1152 633 1343 695 quodam
1383 635 1466 683 ait,

76 711 245 764 «Quod
265 710 358 755 vult
378 709 554 755 faciat‘2.
581 729 600 751 »
635 713 767 763 Item,
800 710 962 769 inquit,
998 709 1054 753 ad
1088 707 1388 752 Philemonem
1417 706 1472 749 de

73 782 279 826 Onesimo
307 801 315 826 ;
347 800 366 823 ιι
391 783 531 834 Quem
562 795 643 839 ego
678 779 903 824 volueram
939 778 1056 838 apud
1080 793 1148 822 me
1178 777 1395 830 detinere,
1424 785 1471 820 ut

75 870 95 893 »
122 868 200 911 pro
220 862 260 897 te
280 853 384 896 mihi
405 851 691 908 ministraret;
714 851 788 895 sed
813 853 905 895 sine
926 850 1106 895 consilio
1127 859 1204 893 tuo
1227 847 1335 891 nihil
1351 846 1470 891 volui

76 942 96 964 n
120 922 277 978 facere,
304 933 353 967 ut
377 938 465 967 non
488 924 610 981 quasi
634 938 685 966 ex
708 924 961 966 necessitate
991 921 1158 965 bonum
1193 929 1317 964 tuum
1334 926 1468 972 esset,

76 1012 96 1035 »
120 995 195 1039 sed
222 993 562 1039 voluntarium-³.
591 1011 611 1035 »
651 997 760 1037 Item
791 994 836 1036 in
872 991 1214 1037 Deuteronomio
1240 1010 1247 1034 :
1278 1009 1297 1031 «
1325 989 1468 1032 Vitam

78 1087 93 1103 ι»
117 1074 160 1109 et
181 1074 366 1110 mortem
386 1063 507 1108 dedit
529 1073 628 1108 ante
652 1062 809 1108 faciem
835 1072 978 1117 tuam,
1005 1063 1172 1106 honum
1197 1070 1240 1104 et
1268 1059 1432 1104 malum
1455 1093 1466 1113 ‚

75 1153 95 1175 »
120 1135 228 1194 elige
250 1136 385 1180 vitam
405 1145 452 1179 ut
475 1136 630 1179 vivas⁴.
662 1153 680 1175 »ι
705 1138 811 1178 ltem
838 1134 952 1193 apud
975 1132 1252 1178 Salomonem
1281 1150 1289 1175 :
1313 1149 1333 1171 «
1355 1132 1470 1173 Deus

76 1224 95 1247 ιι
124 1206 180 1249 ab
204 1207 331 1250 initio
355 1206 581 1250 constituit
603 1206 824 1250 hominem
842 1240 852 1259 ,
884 1213 927 1248 et
948 1204 1124 1263 reliquit
1147 1217 1247 1246 eum
1269 1201 1313 1244 in
1335 1215 1470 1244 manu

76 1295 95 1317 n
127 1276 295 1321 consilii
325 1277 417 1320 sui?
446 1277 604 1337 adjecit
633 1277 670 1320 ei
707 1277 909 1320 mandata
939 1284 980 1318 et
1013 1283 1258 1334 praecepta3
1289 1273 1322 1317 si
1350 1271 1468 1316 voles

77 1368 93 1389 »
120 1357 360 1407 praecepta,
391 1348 630 1391 servabunt
648 1357 714 1401 te,
740 1348 845 1390 etin
869 1355 1090 1406 posterum
1115 1344 1247 1388 fidem
1263 1343 1467 1402 placitam

77 1439 94 1459 »
119 1419 275 1462 facere.
304 1419 518 1477 Apposuit
539 1418 616 1461 tibi
640 1432 797 1477 aquam
816 1426 858 1460 et
876 1417 1038 1474 ignem,
1062 1413 1116 1458 ad
1139 1413 1260 1474 quod
1284 1414 1344 1457 vis
1363 1428 1467 1472 por-

73 1505 94 1529 »
121 1490 210 1547 rige
239 1502 417 1532 manum
446 1497 581 1532 tuam.
609 1490 723 1531 Ante
759 1487 980 1531 hominem
1009 1485 1177 1528 bonum
1213 1493 1256 1527 et
1283 1482 1466 1537 malum,

75 1577 95 1600 »
119 1560 207 1604 vita
221 1569 264 1603 et
278 1574 406 1613 mors,
428 1567 660 1617 paupertas
678 1567 721 1603 et
734 1558 938 1602 honestas
954 1572 977 1600 a
992 1556 1179 1600 Domino
1193 1558 1282 1599 Deo
1297 1556 1433 1598 sunt⁶.
1444 1572 1465 1596 »

73 1634 183 1674 Item
202 1630 319 1690 apud
340 1630 492 1674 lsaiam
514 1649 522 1674 ;
545 1648 560 1668 «
586 1631 640 1673 Et
659 1630 692 1673 si
715 1628 937 1673 volueritis
957 1636 1000 1671 et
1017 1625 1238 1670 audieritis
1259 1640 1345 1679 me,
1367 1640 1468 1685 quae

75 1718 95 1742 ι)
123 1701 237 1745 bona
259 1710 360 1745 sunt
381 1709 508 1744 terrae
538 1698 885 1755 manducabitis3
917 1699 951 1743 si
975 1708 1120 1742 autem
1144 1694 1371 1741 nolueritis
1390 1709 1471 1739 nec

75 1789 96 1812 »
121 1771 404 1816 obaudieritis
427 1786 519 1825 me,
542 1769 712 1829 gladius
736 1785 812 1814 vos
835 1769 1053 1814 comedet.
1073 1769 1131 1811 Os
1154 1767 1267 1811 enim
1296 1765 1471 1811 Domini

77 1861 96 1883 »
122 1842 317 1887 locutum
339 1850 402 1886 est
424 1842 518 1885 haec
533 1842 566 1884 ⁰.
597 1859 617 1881 »
645 1840 725 1884 Hic
747 1854 873 1894 vero,
891 1837 1215 1898 quantumlibet
1230 1836 1297 1879 isti
1318 1850 1362 1879 se
1385 1835 1468 1879 ob-

73 1922 246 1972 tegant,
271 1913 544 1972 aperiuntur.
572 1910 802 1954 Declarant
817 1909 934 1953 enim
954 1924 997 1953 se
1020 1916 1171 1952 contra
1193 1905 1269 1949 Dei
1284 1905 1468 1963 gratiam

74 1983 142 2027 vel
177 1982 514 2027 misericordiam
551 1980 803 2040 disputare,
839 1994 970 2039 quam
997 1977 1200 2024 volumus
1235 1977 1468 2035 impetrare

75 2069 175 2098 cum
211 2054 415 2107 dicimus,
454 2071 473 2094 «
516 2051 612 2095 Fiat
646 2049 849 2095 voluntas
885 2058 961 2094 tua
987 2049 1097 2093 sicut
1130 2048 1176 2091 in
1209 2045 1322 2091 coelo
1345 2055 1388 2090 et
1421 2046 1468 2090 in

78 2143 98 2166 »
125 2133 236 2168 terra
263 2143 271 2168 z
301 2143 319 2164 »
346 2123 439 2177 vel,
469 2141 489 2164 «
513 2124 576 2167 Ne
597 2136 676 2166 nos
698 2121 856 2164 inferas
887 2119 933 2163 in
956 2118 1268 2171 tentationem,
1306 2115 1382 2161 sed
1416 2116 1468 2160 li-

78 2212 98 2235 »
124 2194 227 2238 bera
246 2209 324 2238 nos
345 2209 368 2237 a
390 2192 549 2237 malo⁷.
579 2210 598 2233 »
622 2193 681 2235 Ut
704 2189 811 2250 quid
834 2190 950 2234 enim
970 2189 1050 2234 ista
1070 2186 1237 2234 orando
1258 2195 1380 2231 tanto
1397 2201 1469 2245 ge-

76 2266 188 2309 mitu
211 2265 414 2324 petimus,
440 2264 474 2307 si
491 2262 675 2307 volentis
700 2262 888 2306 hominis
908 2269 951 2305 et
969 2260 1198 2313 currentis,
1225 2273 1313 2302 non
1336 2258 1466 2302 mise-

78 2336 210 2379 rentis
232 2343 295 2379 est
315 2335 423 2378 Dei?
439 2335 537 2378 Non
559 2332 662 2393 quia
683 2332 766 2377 hoc
788 2331 879 2376 sine
897 2330 1122 2375 voluntate
1142 2337 1288 2373 nostra
1301 2328 1460 2387 agitur,

79 2404 152 2449 sed
169 2406 271 2465 quia
286 2404 487 2449 voluntas
508 2418 598 2447 non
619 2401 772 2462 implet
794 2401 914 2462 quod
934 2401 1038 2460 agit,
1060 2400 1139 2445 nisi
1156 2399 1364 2445 divinitus
1387 2397 1465 2442 ad-

129 2514 136 2529 ¹
160 2509 250 2539 Rom.
267 2517 310 2546 ix,
327 2505 377 2537 16.
391 2522 432 2529 —
450 2512 462 2526 2
487 2515 499 2537 1
516 2506 590 2537 Cor.
609 2515 667 2544 vu,
688 2503 741 2536 36.
759 2521 800 2527 -—
816 2502 830 2526 3
848 2503 978 2536 Philem.
1001 2502 1132 2535 13.—4
1151 2504 1244 2534 Dent.
1265 2511 1325 2532 xxx
1339 2523 1348 2538 ‚
1379 2499 1415 2532 15
1431 2503 1463 2530 et

87 2573 134 2598 to.
151 2579 181 2585 -—
203 2561 213 2583 ³³
234 2561 318 2593 recti
351 2572 403 2593 xv.
424 2560 454 2601 14
477 2566 507 2592 ct
527 2570 614 2602 seqq.
632 2576 670 2582 -—·
688 2557 702 2577 ‘³
723 2560 792 2591 lsai.
819 2571 840 2591 ι,
866 2570 914 2599 ιι).
934 2575 971 2583 ...
989 2566 998 2571 “
1022 2558 1131 2589 Manli.
1151 2569 1192 2587 vi.
1219 2567 1254 2587 ιο
1270 2560 1297 2583 .’·Ι
1321 2555 1369 2587 13.
