1804 3205
342 234 393 259 nr.
427 233 713 260 PEnFEc't‘toNE
746 234 941 259 JtsTtTIAE
978 233 1170 260 nominis.
1391 223 1440 260 21

70 318 89 340 ι»
124 298 323 342 mandata
343 301 433 358 ejus
452 301 753 353 observemus,
781 309 823 343 et
853 302 1051 343 mandata
1072 300 1162 357 ejus
1193 299 1336 356 gravia
1361 314 1449 343 non

70 386 88 408 υ
123 379 223 412 sunt
251 371 307 411 ¹.»
324 371 395 412 llis
413 369 570 413 auditis
591 370 793 427 legitimis
819 380 861 414 et
887 369 1152 427 Evangelicis
1170 378 1213 412 et
1231 368 1452 428 Apostoli-

64 440 122 482 cis
151 440 402 483 testimoniis
431 441 699 484 aedilicemur
728 442 781 484 ad
812 443 1016 499 gratiam,
1043 455 1173 500 quam
1204 455 1289 483 non
1320 440 1452 483 intel-

65 509 229 566 ligunt,
257 511 331 569 qui
368 511 612 568 ignorantes
645 514 717 555 Dei
741 516 757 537 '²
781 513 994 571 justitiam
1029 521 1072 556 et
1106 527 1227 555 suam
1257 510 1450 556 volentes

62 581 343 634 constituere,
363 582 540 639 justitise
567 582 639 624 Dei
678 598 764 626 non
799 592 899 626 sunt
928 583 1123 642 subjecti.
1150 582 1190 626 Si
1223 582 1338 625 enim
1363 595 1451 625 non

63 649 312 708 intelligunt
335 650 446 695 illud
476 667 524 694 ex
552 654 912 702 Deuteronomio,
938 649 1311 712 quemadmodum
1328 665 1454 710 apos-

64 721 176 765 tolus
196 721 353 765 Paulus
371 725 803 773 commemoraverit,
831 733 879 767 ut
901 725 1033 768 corde
1061 723 1263 767 credatur
1285 723 1337 767 ad
1356 724 1453 782 jus-

64 792 199 836 titiam
221 828 231 846 ,
257 809 330 837 ore
362 803 507 837 autem
542 794 754 838 confessio
787 795 861 839 siat
891 795 945 839 ad
969 795 1152 839 salutem
1172 798 1186 819 ³
1209 815 1219 850 3
1240 795 1341 853 quia
1365 809 1455 838 non

60 872 124 906 est
141 879 250 921 opus
271 865 382 907 sanis
401 864 593 908 medicus
612 900 622 919 ,
645 865 717 909 sed
746 865 857 908 male
883 865 1147 909 habentibus
1163 867 1177 889 ⁴
1206 883 1214 907 :
1243 863 1323 908 isto
1338 872 1454 907 certe

58 935 237 978 joannis
267 935 448 994 apostoli
489 937 737 979 testimonio
761 971 771 989 ,
808 935 928 995 quod
962 936 1017 979 ad
1040 936 1164 979 istam
1196 934 1454 979 sententiam

61 1004 263 1049 ultimum
292 1007 447 1064 posuit,
474 1006 549 1049 ubi
567 1007 652 1051 ait:
683 1025 703 1048 «
732 1009 833 1050 Haee
849 1016 911 1051 est
930 1007 1116 1050 charitas
1137 1005 1234 1059 Dei,
1256 1014 1305 1049 ut
1328 1019 1455 1049 man-

63 1094 81 1116 »
102 1076 201 1120 data
225 1078 316 1136 ejus
338 1092 574 1130 servemus,
601 1087 644 1121 et
678 1077 879 1123 mandata
904 1079 994 1137 ejus
1019 1077 1162 1136 gravia
1186 1092 1275 1121 non
1297 1085 1450 1131 sunt‚»

59 1147 221 1190 debent
252 1148 404 1207 utique
426 1148 725 1201 commoneri,
759 1148 956 1191 charitati
986 1148 1058 1191 Dei
1094 1163 1182 1191 non
1212 1162 1302 1190 esse
1327 1161 1456 1205 grave

60 1218 315 1261 mandatum
355 1219 425 1261 Dei
460 1239 470 1274 3
508 1234 606 1278 quse
643 1234 731 1261 non
773 1219 853 1261 nisi
892 1234 968 1276 pei·
1010 1218 1220 1276 Spiritum
1254 1225 1456 1261 sanctum

58 1286 324 1331 ditl'unditur
341 1288 383 1331 in
401 1288 608 1332 cordibus
624 1289 796 1342 nostris,
815 1304 901 1332 nou
917 1303 993 1346 per
1007 1288 1235 1331 arbitrium
1255 1288 1458 1330 humanae

57 1359 291 1403 voluntatis
310 1381 320 1415 3
342 1362 408 1403 eui
435 1360 532 1418 plus
562 1360 709 1403 dando
736 1375 864 1419 quam
890 1368 1089 1419 oportet,
1115 1360 1316 1416 ignorant
1333 1359 1457 1418 justi-

58 1430 160 1472 tiam
202 1431 306 1474 Dei:
341 1446 440 1489 quae
471 1439 616 1473 tamen
639 1431 824 1474 charitas
858 1439 961 1474 tunc
994 1428 1184 1488 perfecta
1212 1430 1317 1483 erit,
1354 1443 1455 1472 cum

56 1499 238 1559 poenalis
263 1501 392 1544 timor
407 1501 546 1545 omnis
569 1501 835 1545 abscesserit.

115 1573 279 1615 xxm.
303 1575 404 1616 Post
421 1572 515 1615 liaee
539 1572 766 1631 proposuit
796 1572 1059 1625 testimonia,
1086 1587 1186 1631 quae
1206 1579 1359 1615 contra
1382 1586 1454 1615 eos

57 1641 141 1686 diei
164 1643 303 1687 solent
328 1663 335 1687 :
365 1659 442 1687 nec
466 1659 514 1687 ea
532 1644 763 1697 solvit,sed
787 1642 1174 1687 commemorando
1197 1642 1320 1702 quasi
1344 1657 1453 1686 con-

57 1715 476 1774 trai·ia,qusestiones
499 1716 659 1759 arctius
676 1715 872 1771 illigavit.
888 1715 959 1758 Ait
981 1716 1096 1758 enim
1117 1734 1124 1759 :
1149 1733 1169 1756 «
1192 1714 1454 1758 Testimonia

59 1786 396 1844 Scripturarum‚
418 1801 519 1845 quae
542 1801 564 1829 e
588 1785 760 1829 diverso
786 1785 989 1844 ponenda
1006 1793 1110 1831 sunt
1127 1785 1209 1839 his,
1235 1783 1312 1843 qui
1332 1784 1449 1827 arbi-

56 1856 124 1898 trii
155 1856 401 1900 libertatem
422 1892 432 1910 ,
459 1856 527 1900 vel
553 1872 642 1900 non
665 1856 875 1914 peccandi
898 1855 1227 1914 possibilitatem
1253 1855 1454 1913 imperite

56 1927 300 1971 existimant
333 1943 376 1971 se
413 1929 734 1985 Scripturarum
765 1926 1022 1971 auctoritate
1049 1941 1171 1985 posse
1205 1924 1446 1969 destruere.

56 1997 254 2056 Objicere
277 1998 391 2041 enim
415 1997 555 2042 solent
573 2033 583 2051 ‚
604 1998 748 2057 inquit
769 2032 780 2051 ‚
806 1997 926 2056 quod
949 2005 1122 2040 sanctus
1146 1995 1230 2040 Joh
1259 1994 1413 2038 dixerit
1439 2014 1449 2039 2

63 2086 82 2108 α
106 2068 211 2120 Quis
234 2068 422 2111 mundus
443 2077 505 2111 est
528 2083 550 2110 a
574 2077 753 2126 peccato
771 2069 789 2109 ἱ)
809 2070 897 2112 Nec
916 2065 1073 2120 infans,
1091 2067 1214 2124 cujus
1235 2074 1299 2109 est
1320 2065 1452 2109 unius

63 2156 82 2178 »
110 2138 193 2182 diei
214 2140 302 2183 vita
323 2154 452 2197 super
475 2148 632 2182 terram
658 2141 689 2182 ⁵.
719 2157 738 2180 n
766 2137 932 2182 Deinde
954 2138 1077 2198 quasi
1098 2137 1332 2196 respondet
1350 2137 1451 2181 huic

59 2209 306 2254 testimonio
329 2208 420 2253 aliis
441 2207 711 2264 testimoniis,
729 2208 849 2269 quod
871 2210 960 2268 ipse
976 2210 1061 2253 Job
1079 2208 1254 2252 dixerit:
1275 2210 1451 2251 «Justus

62 2297 82 2319 »
103 2280 217 2323 enim
239 2280 304 2324 vir
325 2289 367 2323 et
389 2280 478 2323 sine
501 2279 678 2340 querela
700 2278 838 2323 faetus
861 2294 957 2323 sum
986 2280 1031 2322 in
1054 2278 1242 2321 derisum
1263 2280 1295 2320 ⁰.
1316 2279 1449 2322 »Non

59 2349 305 2408 intelligens
329 2365 454 2409 posse
488 2349 573 2394 dici
601 2350 825 2393 hominem
853 2350 1046 2408 justum,
1081 2349 1155 2407 qui
1190 2346 1450 2406 perfectioni

22 2412 26 2418 ’
57 2420 235 2478 justitiae
254 2420 493 2478 plurimum
510 2420 711 2464 accessit?
727 2419 785 2463 ita
803 2428 851 2463 ut
869 2418 907 2462 ei
931 2419 1150 2477 proximus
1164 2417 1309 2460 fieret:
1328 2415 1448 2476 quod

110 2524 116 2538 ¹
141 2529 149 2548 ι
175 2520 264 2549 Joan.
281 2529 325 2555 ιιι,
347 2519 374 2549 3
392 2535 432 2540 —
449 2525 460 2540 ²
483 2520 574 2550 Rom.
599 2529 630 2556 x,
650 2515 854 2549 3.—-³1t›id.
879 2526 927 2548 10.
945 2513 1011 2538 ——4
1028 2515 1140 2548 Matth.
1160 2525 1202 2552 ix,
1227 2522 1276 2546 12.
1295 2514 1352 2536 --⁵
1372 2514 1445 2553 Job,

64 2582 127 2608 xiv,
154 2571 179 2609 ἶ,
196 2573 285 2611 juxta
303 2574 396 2604 Lxx.
416 2589 454 2595 -—
471 2571 550 2604 ⁶111.
575 2584 627 2605 w.
650 2572 683 2613 4,
703 2576 734 2603 et
751 2583 802 2603 ru.
816 2573 908 2612 jutia
926 2573 1020 2603 Lxx.
