1784 3205
316 304 396 341 ‚508
753 297 783 325 3.
821 292 1049 323 Amissum
1084 287 1260 315 Emscom

314 375 511 439 quandiu
534 371 684 423 datur·⁷
709 374 751 409 et
773 372 918 406 tamen
939 374 990 402 ex
1010 355 1246 416 propagine
1268 352 1333 395 sui
1357 346 1522 408 generis
1540 344 1693 387 datur?

314 447 442 502 Quod
470 459 550 503 ego
578 456 659 484 nec
679 432 891 486 defendo,
914 444 994 475 nec
1016 425 1182 471 refello.
1210 423 1293 468 Sed
1316 422 1349 465 si
1370 412 1694 462 defendendum

316 529 394 572 est,
416 516 484 561 vel
505 507 810 559 refellendum,
826 500 1080 562 perspicui5‚
1104 512 1192 541 non
1214 490 1427 548 ambiguis
1445 483 1697 531 testimoniis

319 590 362 633 id
400 585 616 645 agendum
651 592 740 623 esse
770 586 1045 620 commoneo.
1086 570 1173 613 Nec
1208 571 1434 624 propterea
1472 554 1700 616 pecoribus

319 655 544 703 insensatis
566 666 660 696 sum
683 641 1002 705 comparandus
1020 676 1030 695 ,
1056 638 1156 698 quia
1177 637 1262 680 hoc
1289 647 1357 676 me
1379 627 1575 674 nondum
1599 624 1702 669 scire

319 725 555 788 pronuntio
582 743 593 779 3
617 718 692 764 sed
711 716 855 777 potius
880 711 1016 757 cautis
1038 705 1304 758 hominibus,
1332 701 1432 760 quia
1456 713 1543 742 non
1566 694 1704 740 audeo

321 797 476 842 docere
498 791 620 852 quod
637 788 797 834 nescio.
820 788 955 828 Istum
981 788 1125 824 autem
1148 791 1237 821 non
1258 788 1337 832 ego
1354 769 1554 821 vicissim,
1585 763 1707 825 quasi

320 863 562 926 rependens
579 858 860 904 maledictum
877 868 954 913 pro
969 848 1219 901 maledicto,
1233 842 1461 904 pecoribus
1478 849 1679 895 comparo
1696 854 1707 890 3

322 936 398 982 sed
430 945 638 992 tanquam
671 928 811 972 filium
843 937 1002 968 moneo
1021 956 1031 975 ‚
1065 928 1115 962 ut
1148 915 1268 977 quod
1290 911 1454 964 nescit,
1485 924 1529 952 se
1550 905 1711 950 nescire

324 1008 512 1051 fateatur
529 1037 541 1057 ‚
567 1014 711 1059 neque
734 996 780 1040 id
802 993 923 1054 quod
944 990 1142 1036 nondum
1164 985 1346 1038 didicit,
1377 981 1532 1025 docere
1558 975 1712 1020 molia-

327 1087 424 1122 tur:
451 1090 505 1118 ne
538 1077 831 1130 comparetur,
865 1079 955 1108 non
986 1059 1214 1120 pecoribus
1231 1092 1242 1111 ‚
1263 1055 1338 1099 sed
1357 1052 1436 1096 illis
1465 1045 1715 1094 hominihus

328 1162 439 1206 quos
467 1144 573 1187 dicit
594 1137 828 1200 Apostolus
849 1170 859 1189 ‚
887 1132 1082 1178 volentes
1114 1144 1204 1172 esse
1233 1125 1337 1183 legis
1371 1123 1570 1166 doctores
1587 1152 1598 1173 ,
1628 1130 1718 1160 non

328 1214 619 1272 intelligentes
638 1245 649 1265 ‚
675 1222 819 1267 neque
847 1219 947 1265 quae
980 1202 1254 1260 loquuntur,
1296 1208 1439 1253 neque
1476 1191 1529 1236 de
1562 1186 1720 1247 quibus

329 1287 548 1332 affirmant
572 1285 602 1325 ².

390 1356 576 1399 XXVII.
602 1354 712 1396 Nam
735 1347 853 1392 unde
876 1354 956 1398 est,
983 1340 1103 1402 quod
1122 1342 1182 1383 ita
1208 1337 1463 1394 ScripturaS,
1488 1330 1542 1373 de
1564 1326 1725 1387 quibus

332 1426 525 1487 loquitur
545 1458 556 1477 ‚
580 1436 668 1466 non
692 1426 815 1462 curat.
838 1413 1064 1459 advertere
1087 1446 1098 1465 ,
1125 1418 1173 1452 ut
1210 1421 1311 1452 cum
1347 1401 1500 1462 legerit
1530 1397 1727 1443 homines

335 1512 425 1543 esse
446 1511 497 1539 ex
521 1498 625 1545 Deo,
653 1505 741 1534 non
764 1502 835 1531 eos
853 1485 983 1529 etiam
1006 1480 1248 1526 secundum
1271 1488 1443 1533 corpus,
1461 1470 1535 1515 sed
1556 1476 1727 1512 tantum

339 1565 577 1612 secundum
612 1561 798 1605 animam
834 1565 877 1599 et
906 1554 1105 1612 spiritum
1139 1566 1189 1593 ex
1213 1551 1305 1592 Deo
1327 1559 1416 1589 esse
1451 1538 1728 1585 contendat?

342 1636 471 1691 Quod
487 1634 603 1678 enim
617 1632 676 1675 ait
690 1624 921 1688 Apostolus
935 1642 972 1668 2«
988 1626 1051 1666 Ex
1070 1622 1162 1679 ipso
1177 1632 1325 1663 sumus
1340 1618 1379 1659 ²:
1399 1633 1419 1656 «
1438 1627 1528 1657 non
1547 1608 1641 1654 vult
1655 1608 1731 1650 iste

345 1708 400 1753 ad
429 1719 601 1764 corpus,
627 1699 703 1745 sed
725 1706 896 1742 tantum
920 1692 975 1737 ad
999 1692 1187 1735 animam
1213 1696 1255 1731 et
1285 1686 1483 1745 spiritum
1508 1694 1598 1724 esse
1620 1676 1733 1721 rese»

348 1777 549 1822 rendum.
580 1773 622 1817 Si
653 1784 753 1828 ergo
789 1784 841 1810 ex
876 1769 965 1809 Deo
992 1777 1080 1806 non
1116 1768 1217 1803 sunt
1251 1769 1431 1814 corpora
1454 1787 1464 1807 ‚
1490 1749 1648 1794 salsum
1675 1753 1738 1789 est

349 1847 469 1909 quod
486 1845 694 1904 scriptum
710 1849 798 1884 est:
828 1857 847 1879 «
865 1839 928 1880 Ex
956 1849 1045 1893 quo
1067 1831 1227 1883 omnia,
1248 1843 1325 1888 per
1352 1839 1483 1885 quem
1500 1820 1642 1867 omnia
1658 1852 1668 1870 ‚
1693 1817 1738 1858 in

356 1935 477 1978 »quo
490 1916 635 1960 omnia
657 1916 671 1939 3
709 1931 727 1953 »
746 1908 911 1955 Deinde
933 1905 1010 1950 ubi
1032 1903 1136 1947 dicit
1154 1900 1270 1945 idem
1287 1894 1518 1954 Apostolus
1545 1909 1554 1933 ς
1583 1907 1603 1929 «
1623 1887 1741 1931 Sicut

360 1988 506 2033 »enim
523 1983 679 2030 mulier
701 1996 754 2024 ex
774 1979 882 2030 viro,
900 1976 959 2018 ita
976 1981 1019 2016 et
1039 1972 1104 2014 vir
1127 1984 1201 2028 per
1224 1965 1448 2011 mulierem
1462 1964 1476 1987 4
1496 1979 1539 2005 ι»
1555 1964 1743 2017 exponat

357 2060 482 2104 nobis
494 2059 572 2101 iste
588 2067 720 2114 quam
733 2047 1015 2109 propaginem
1028 2041 1266 2099 significare
1282 2035 1485 2088 voluerit,
1504 2032 1674 2083 animae,
1689 2042 1744 2071 an

360 2128 567 2189 corporis,
585 2139 640 2168 an
660 2117 920 2178 utriusque?
946 2112 1028 2159 Sed
1047 2128 1135 2155 non
1158 2109 1252 2155 vult
1273 2122 1362 2152 esse
1388 2105 1551 2150 animas
1571 2117 1621 2144 ex
1644 2113 1746 2155 pro-

361 2199 531 2260 pagine.
557 2200 707 2240 Restat
728 2204 845 2247 ergo,
863 2195 911 2231 ut
922 2182 1162 2230 secundum
1183 2180 1323 2237 ipsum
1347 2186 1476 2233 atque
1498 2184 1648 2216 omnes
1673 2157 1747 2227 qui

365 2271 604 2315 animarum
628 2261 911 2324 propaginem
933 2257 1181 2304 destruunt,
1206 2262 1361 2307 corpus
1383 2253 1554 2289 tantum
1576 2254 1747 2285 mascu—

366 2342 504 2386 linum
535 2347 580 2382 et
615 2332 896 2381 foemininum
928 2321 1236 2385 significaverit
1266 2316 1525 2378 Apostolus,
1565 2311 1712 2356 dicens
1738 2327 1747 2352 ε

370 2432 390 2455 ‹<
409 2413 528 2457 Sicut
541 2409 654 2453 enim
673 2403 828 2450 mulier
840 2416 890 2445 ex
906 2398 1015 2451 viro,
1030 2395 1090 2439 ita
1111 2402 1154 2438 et
1169 2392 1234 2437 vir
1256 2405 1331 2450 per
1348 2386 1573 2432 mulierem
1589 2401 1598 2428 2
1612 2401 1631 2424 »
1650 2380 1752 2440 quia

369 2482 524 2527 mulier
546 2495 596 2523 ex
616 2478 710 2522 viro
725 2474 836 2518 facta
858 2479 921 2515 est
934 2504 945 2525 ,
964 2476 1015 2512 ut
1032 2466 1160 2510 etiam
1178 2463 1242 2508 vir
1264 2475 1340 2520 per
1361 2457 1589 2502 mulierem
1607 2460 1752 2511 postea

371 2561 632 2598 nasceretur.
662 2548 703 2592 Si
726 2559 826 2602 ergo
849 2544 941 2586 haec
960 2535 1192 2597 Apostolus
1214 2533 1375 2584 dicem,
1401 2543 1491 2573 non
1509 2526 1638 2569 etiam
1661 2520 1753 2565 ani-

418 2646 423 2659 ¹
454 2637 655 2674 1'l'i111.1,3·.
678 2648 712 2654 τ’
728 2637 739 2652 ²
763 2631 833 2662 Act.
857 2635 931 2661 xvn,
951 2620 1264 2655 28.—³1=.01u.x1,
1284 2611 1421 2649 36.—-1'·
1451 2623 1460 2643 1
1484 2612 1556 2644 Cor.
1579 2619 1621 2645 xi,
1645 2614 1694 2639 12·
