1804 3205
513 234 564 259 mi
596 234 736 260 eas-ris
771 232 954 260 rssuuu.
1374 228 1427 263 99

47 306 207 342 sanctae
230 296 433 341 Ecclesiae
457 298 642 356 reprobo
672 318 680 343 :
710 317 729 339 »
768 298 932 343 factum
960 297 1072 342 illud
1104 313 1192 342 esse
1219 299 1434 357 judicium

52 366 255 413 Ecclesiae
277 369 487 423 nesciens,
513 369 717 429 quoniam
742 370 811 414 hic
834 370 1014 414 tacitum
1039 378 1118 424 est,
1144 378 1188 413 et
1206 379 1322 427 gesta
1346 387 1436 416 non

51 438 256 498 legeram,
277 439 383 483 nihil
411 439 556 484 aliude
578 439 809 496 xistimavi,
835 455 967 501 quam
991 455 1091 484 eum
1114 440 1246 484 fuisse
1270 440 1438 500 pollici-

55 519 146 554 tum
158 511 240 556 hoc
254 525 298 555 se
306 510 361 555 de
373 511 438 556 his
449 526 676 556 sensurum
688 525 777 556 esse
788 512 1002 572 capitulis,
1016 511 1136 573 quod
1147 512 1336 557 Ecclesia
1345 514 1434 572 jam

51 596 139 626 non
162 582 417 642 judicasset,
441 582 520 627 sed·
540 583 804 643 quandoque
827 584 1059 643 judicaret,
1085 592 1129 628 et
1145 598 1195 628 ea
1216 599 1261 628 se
1283 599 1434 643 repro-

54 653 260 698 baturum
280 688 292 709 ,
321 669 421 714 quae
442 653 513 698 illa
531 656 620 714 jam
644 669 732 699 non
755 656 1047 714 reprobasset,
1072 654 1148 699 sed
1169 655 1439 716 quandoque

55 724 332 784 reprobaret;
359 733 408 768 ut
437 724 492 768 ad
521 725 604 770 hoc
633 725 869 784 pertineret
890 726 1025 770 etiam·
1051 725 1173 785 quod
1208 725 1435 786 adjunxit,

58 811 83 837 «¹
103 795 333 839 anathema
355 795 502 840 dicens
529 796 647 840 omni
673 797 1016 841 contravenienti
1034 797 1103 842 vel
1123 796 1441 842 contradicenti

54 876 214 911 sanctae
244 867 470 912 catholicae
493 868 696 913 Ecclesiae
718 869 942 913 doctrinis.
968 887 987 910 »
1014 871 1177 912 Verum
1203 877 1368 924 autem,
1393 876 1444 912 ut

56 946 172 995 gesta
209 946 435 982 testantur.
461 939 553 998 jam
583 939 638 982 de
672 939 738 983 his
764 938 1102 983 ecclesiasticum
1138 938 1353 998 judicium
1388 937 1444 981 ab

55 1007 264 1067 episcopis
286 1007 618 1068 quatuordecim
643 1007 808 1053 factum
831 1018 922 1053 erat
936 1043 948 1064 ,
973 1009 1217 1054 secundum
1238 1009 1357 1069 quod
1370 1009 1446 1069 ju-

53 1079 216 1123 dicium
232 1079 397 1124 sedixit
419 1080 497 1124 ista
521 1080 668 1124 omnia
700 1081 935 1140 reprobare
950 1115 962 1136 ,
988 1089 1031 1125 et
1053 1082 1283 1126 anathema
1301 1080 1447 1126 dicere

54 1150 140 1205 his,
164 1151 241 1211 qui
264 1149 364 1195 talia
385 1150 629 1206 sentiendo,
660 1160 811 1196 contra
838 1152 1056 1212 judicium
1085 1152 1270 1197 veniunt
1288 1187 1299 1208 ,
1320 1150 1442 1213 quod

50 1222 140 1281 jam
158 1220 322 1266 factum
342 1222 473 1267 fuisse
496 1231 614 1281 gesta
636 1222 845 1267 indicant.
865 1226 963 1268 Jam
977 1223 1094 1268 enim
1111 1223 1310 1268 dixerant
1320 1223 1444 1283 judi-

56 1306 125 1337 ces
145 1311 154 1337 ε
180 1311 196 1333 α
222 1293 339 1346 Quid
361 1294 417 1338 ad
440 1294 558 1349 haec,
588 1309 687 1353 quae
711 1294 825 1338 lecta
846 1303 948 1338 sunt
969 1294 1159 1354 capitula
1174 1330 1186 1349 ,
1209 1294 1313 1338 dicit
1333 1308 1445 1354 prae-

56 1378 152 1407 sens
186 1364 381 1423 Pelagius
410 1365 675 1408 monachus?
700 1366 802 1408 Haec
826 1364 942 1408 enim
970 1365 1172 1424 reprobat
1194 1373 1341 1408 sancta
1365 1367 1448 1421 Sy-

57 1433 222 1489 nodus,
252 1444 294 1478 et
325 1444 471 1479 sancta
505 1436 580 1479 Dei
613 1434 826 1479 catholica
859 1435 1065 1479 Ecclesia.
1099 1453 1118 1476 >1
1155 1435 1238 1480 Sed
1262 1436 1343 1478 hoc
1373 1434 1450 1494 qui

59 1505 273 1560 nesciunt,
291 1514 334 1549 et
351 1506 475 1550 istam
493 1506 688 1550 chartam
709 1505 878 1565 legunt,
904 1515 1061 1565 putant
1084 1505 1248 1565 aliquid
1274 1506 1449 1550 illorum

59 1576 175 1620 licite
197 1592 319 1636 posse
341 1576 544 1632 defendi,
569 1586 777 1636 tanquam
802 1591 891 1622 non
917 1577 1052 1622 fuerit
1067 1576 1337 1638 judicatum,
1375 1592 1451 1621 ea·-

63 1646 235 1692 tholioae
263 1648 527 1692 contrarium
552 1662 642 1692 esse
668 1648 903 1704 doctrinae,
935 1657 1223 1707 paratumque
1257 1663 1300 1691 sc
1325 1647 1451 1692 Pela-

61 1718 154 1776 gius
173 1718 358 1773 dixerit,
382 1717 427 1762 id
450 1718 506 1761 de
528 1718 594 1762 his
620 1719 749 1762 rebus
769 1733 918 1777 sapere
934 1753 946 1774 ,
970 1719 1091 1779 quod
1122 1717 1335 1773 Ecclesia,
1361 1731 1454 1762 non

59 1788 285 1848 judicavit,
306 1789 382 1834 sed
398 1787 675 1850 judicaverit.
696 1791 795 1835 Non
816 1790 962 1849 itaque
975 1790 1034 1834 sie
1056 1790 1225 1848 scripsit
1243 1789 1289 1832 in
1310 1803 1376 1842 ea,
1396 1787 1453 1831 de

63 1875 151 1920 qua
166 1875 284 1904 nunc
314 1861 480 1919 agimus
504 1860 725 1913 chartula,
752 1869 802 1903 ut
831 1868 1138 1918 agnosceretur
1163 1858 1284 1917 quod
1317 1858 1448 1901 habet

66 1940 287 1989 gestorum
308 1931 437 1985 fides,
462 1930 608 1975 omnia
639 1929 802 1974 scilicet
834 1930 907 1974 illa
934 1929 1140 1989 dogmata
1159 1964 1170 1984 ,
1195 1929 1356 1988 quibus
1387 1942 1454 1972 ea-

68 1999 168 2045 dem
195 2002 367 2045 haeresis
401 2000 709 2060 proserpebat,
742 2008 785 2044 et
819 1999 1089 2044 contentiosa
1123 1998 1454 2043 convalescebat

70 2072 276 2127 audacia,
312 2071 598 2116 ecclesiastico
620 2070 785 2131 judicio
816 2070 1151 2129 praesidentibus
1184 2069 1453 2129 quatuorde-

71 2143 155 2187 cim
169 2143 377 2202 episcopis
396 2157 484 2187 esse
499 2142 720 2186 damnata.
741 2144 882 2195 Quam
898 2156 988 2184 rem
1001 2176 1012 2196 ,
1034 2140 1068 2185 si
1086 2148 1138 2184 ut
1153 2148 1232 2195 est,
1261 2140 1454 2183 innotes-

70 2228 165 2257 cere
181 2213 342 2268 timuit,
379 2227 423 2257 se
450 2213 592 2271 potius
622 2212 832 2271 corrigat,
866 2225 1000 2272 quam
1031 2219 1190 2255 nostrae
1214 2209 1316 2253 licet
1345 2221 1450 2252 serae

69 2283 301 2342 vigilantiae
318 2283 538 2343 qualicum
552 2298 638 2343 que
655 2291 919 2328 succenseat.
943 2282 986 2327 Si
999 2290 1145 2325 autem
1168 2281 1251 2324 hoc
1268 2294 1370 2324 eum
1394 2280 1452 2323 ti·

71 2354 227 2398 muisse
246 2353 400 2398 falsum
419 2363 498 2410 est,
522 2363 566 2398 et
586 2353 696 2398 sicut
715 2353 912 2398 homines
934 2352 1218 2410 suspicamur,
1241 2351 1453 2408 ignoscat,

72 2425 179 2468 dum
201 2434 345 2469 tamen
366 2440 437 2480 ea,
456 2440 558 2485 quae
578 2426 720 2483 gestis,
744 2424 902 2484 quibus
919 2422 1092 2466 auditus
1114 2431 1179 2466 est
1200 2422 1455 2465 anathema-

72 2493 200 2539 tizata
213 2504 257 2539 et
271 2498 498 2554 reprobata
515 2505 632 2548 sunt,
648 2496 703 2539 de
718 2504 877 2539 caetero
887 2501 1135 2553 oppugnet,
1160 2507 1215 2536 ne
1233 2490 1453 2551 parcendo

75 2563 172 2620 illis,
188 2580 278 2612 non
290 2564 433 2611 solum
443 2566 537 2610 haec
548 2574 674 2612 antea
691 2565 937 2620 credidisse,
954 2563 1030 2609 sed
1046 2562 1222 2609 credere
1233 2563 1448 2606 videatur.

1239 2644 1278 2681 7.
