1804 3205
501 225 553 250 m:
585 224 726 251 cusiis
759 219 944 250 mamon-
1358 215 1411 251 77

30 292 347 351 responsionem
370 290 525 348 l‘alagii
542 326 553 345 ,
583 310 601 331 «
626 305 774 334 ornnes
797 291 952 347 gratias
975 290 1013 332 ci
1033 287 1212 333 donatas
1234 305 1324 334 esse
1352 292 1414 335 di-

29 363 179 416 centis,
210 381 228 403 »
254 361 421 421 judices
450 362 817 420 approbaverunt.
848 361 932 406 Sed
951 368 1113 404 suntet
1131 359 1226 403 aliae
1249 361 1412 418 gratiae,

28 449 127 494 quae
161 434 227 476 hic
249 442 596 477 commemoratae
621 448 709 477 non
732 442 847 477 sunt.
875 435 1025 492 Neque
1055 431 1193 485 enim,
1219 433 1418 491 quamvis

29 513 137 549 esset
159 504 378 563 apostolus
410 503 570 548 Paulus
593 503 781 546 multum
809 502 1021 546 excellens
1050 503 1297 546 membrum
1322 518 1418 547 cor-

28 575 143 634 poris
177 574 358 627 Christi,
395 573 536 618 nullas
564 572 709 632 plures
734 582 776 617 et
808 572 1038 632 ampliores
1062 573 1220 631 gratias
1253 574 1419 632 accepit

28 645 170 704 ipsum
195 645 324 689 totius
341 645 533 704 corporis
555 653 684 703 caput
703 679 713 698 ,
737 645 823 688 sive
847 644 889 686 in
912 659 1042 687 carne
1062 678 1072 698 ‚
1093 644 1181 688 sive
1209 644 1253 687 in
1276 644 1420 688 anima

29 716 231 770 hominis,
255 731 386 775 quam
409 724 651 759 creaturam
676 729 796 759 suam
813 715 1007 758 Verbum
1031 714 1107 758 Dei
1131 715 1174 758 in
1208 715 1418 759 unitatem

31 801 225 845 personae
249 801 354 839 suae,
381 796 430 830 ut
454 794 650 830 nostrum
672 794 803 844 caput
824 795 931 829 esset
951 821 961 839 ,
983 795 1025 830 et
1041 800 1198 845 corpus
1213 786 1303 844 ejus
1315 800 1420 830 esse·

31 873 143 909 mus,
171 857 414 916 assumpsit.
438 859 493 900 Et
521 872 666 901 revera
695 857 726 900 si
752 871 841 900 esse
860 866 1031 916 possent
1056 857 1100 899 in
1123 855 1302 914 singulis
1324 871 1420 900 om-

30 928 115 982 nia,
138 926 298 971 frustra
321 928 376 970 de
400 927 606 970 membris
627 927 817 985 corporis
838 927 971 970 nostri
995 927 1049 969 ad
1073 927 1183 970 hanc
1207 941 1297 969 rem
1320 925 1420 970 data

29 998 269 1043 similitudo
289 998 522 1042 videretur.
540 1001 650 1042 Sunt
667 997 783 1041 enim
798 997 999 1056 quaedam
1019 997 1267 1042 communia
1285 997 1419 1041 omni-

30 1069 112 1113 bus
135 1069 340 1114 membris
357 1104 368 1124 ,
395 1070 502 1113 sicut
535 1070 720 1123 sanitas,
748 1069 858 1113 sicut
891 1069 977 1113 vita
1003 1086 1012 1111 .·
1038 1078 1139 1113 sunt
1161 1078 1306 1113 autem
1339 1067 1421 1113 alia

30 1140 158 1184 ctiam
198 1139 375 1197 singulis
407 1141 579 1199 propria
603 1175 612 1191 ,
651 1139 768 1183 unde
800 1155 879 1183 nec
909 1140 1021 1183 auris
1057 1141 1187 1183 sentit
1220 1139 1384 1184 colores
1408 1174 1418 1192 ‚

33 1225 112 1254 nec
145 1210 297 1255 oculus
332 1225 458 1255 voces
484 1232 496 1268 3
527 1219 705 1269 propter
735 1209 855 1269 quod
894 1209 1055 1254 dieitur
1097 1230 1105 1254 :
1156 1229 1174 1252 «
1215 1210 1256 1254 Si
1280 1219 1422 1254 totum

33 1297 53 1321 n
69 1295 226 1339 corpus
251 1280 418 1334 oculus,
445 1279 522 1324 ubi
549 1281 760 1324 auditus?
787 1280 828 1325 Si
854 1289 993 1323 totum
1013 1279 1203 1333 audituS,
1222 1279 1297 1323 ubi
1315 1280 1424 1323 odo-

32 1369 52 1391 »
73 1359 190 1394 ratus
216 1353 244 1393 ¹.
271 1370 289 1391 «
321 1351 451 1402 Quod
484 1350 664 1408 quidem
688 1365 776 1393 non
806 1350 864 1392 ita
894 1348 1068 1402 dicitur,
1103 1358 1310 1407 tanquam
1338 1350 1422 1393 im-

32 1420 234 1479 possibile
270 1424 355 1464 Deo
380 1420 449 1474 sit,
487 1429 529 1463 et
565 1420 742 1464 auribus
763 1428 966 1478 praestare
1004 1434 1177 1462 sensum
1216 1417 1419 1473 videndi,

31 1499 72 1534 et
95 1490 230 1535 oculis
253 1489 475 1534 audiendi.
507 1489 623 1543 Quid
654 1499 798 1534 tamen
834 1488 962 1534 faciat
993 1490 1035 1533 in
1059 1490 1219 1535 Christi
1242 1505 1423 1549 corpore

31 1560 151 1619 quod
179 1569 243 1604 est
273 1560 495 1615 Ecclesia,
529 1569 571 1604 ct
601 1575 732 1619 quam
770 1559 1062 1604 diversitatem
1092 1560 1383 1604 Ecclesiarum
1407 1564 1424 1585 ²

31 1629 152 1674 velut
175 1645 251 1689 per
275 1630 469 1674 membra
491 1630 658 1674 diversa
676 1665 686 1685 ,
712 1639 761 1674 ut
783 1639 924 1674 essent
953 1630 1069 1674 dona
1091 1631 1222 1674 etiam
1246 1629 1424 1688 singulis

33 1700 223 1760 propria,
244 1700 549 1759 significaverit
570 1700 822 1759 Apostolus,
838 1710 1005 1745 certum
1030 1710 1108 1745 est.
1127 1704 1420 1761 Quapropter,

32 1779 74 1814 et
91 1787 175 1831 qua
200 1786 326 1816 causa
351 1771 393 1815 hi
411 1772 486 1831 qui
503 1770 612 1815 illud
631 1772 903 1831 objecerunt,
923 1771 1082 1815 auferri
1098 1772 1319 1816 noluerint
1342 1771 1425 1815 dis-

35 1841 212 1885 tantiam
232 1842 484 1900 gratiarum‚
507 1850 550 1885 et
569 1857 655 1901 qua
673 1856 801 1885 causa
819 1842 1011 1899 episcopi
1038 1850 1216 1899 propter
1239 1840 1424 1884 Paulum

33 1911 293 1969 apostolum,
316 1911 359 1953 in
376 1925 466 1969 quo
486 1910 599 1953 dona
625 1910 785 1962 omnia,
812 1925 911 1969 quae
931 1910 1027 1954 loco
1042 1925 1132 1954 uno
1155 1924 1425 1954 commemo-

34 1982 166 2037 ravit,
193 1981 467 2040 agnoscimus
488 2015 498 2035 ‚
520 1980 564 2024 id
585 1980 706 2040 quod
729 1980 953 2040 respondit
977 1981 1176 2040 Pelagius
1203 1981 1426 2040 potuerint

35 2053 295 2113 approbare,
316 2053 403 2112 jam
429 2050 595 2095 clarum
618 2060 696 2096 est.

93 2121 425 2175 XXXlII.Quid
445 2131 508 2167 est
522 2137 641 2180 ergo,
659 2122 779 2166 unde
802 2136 872 2165 me
890 2120 945 2165 (le
963 2121 1046 2166 hoc
1062 2121 1254 2181 capitulo
1266 2121 1425 2166 sollici-

37 2202 131 2237 tum
154 2192 319 2238 sactum
341 2207 431 2237 esse
453 2191 632 2252 praedixi
655 2194 673 2236 Ρ
696 2195 789 2237 Hoc
811 2190 1011 2236 videlicet
1028 2227 1038 2247 ,
1065 2191 1185 2251 quod
1219 2193 1278 2236 ait
1302 2191 1426 2236 Pela—

39 2264 133 2322 gius
168 2282 177 2308 :
207 2282 227 2305 «
262 2266 432 2307 Donare
466 2266 604 2306 Deum
644 2262 716 2317 ei,
742 2263 816 2322 qui
849 2262 982 2324 fuerit
1015 2263 1175 2321 dignus
1214 2262 1424 2321 accipere,

39 2348 188 2378 omnes
205 2334 361 2392 gratias
379 2368 389 2388 ‚
415 2333 529 2377 sicut
551 2332 688 2377 Paulo
717 2332 912 2392 apostolo
929 2332 1124 2377 donavit.
1146 2331 1263 2377 Nihil
1292 2347 1427 2376 essem

40 2403 94 2447 de
127 2404 207 2447 hac
237 2405 327 2464 ejus
363 2404 642 2462 responsione
669 2402 876 2447 sollicitus
897 2438 908 2458 ⁷
940 2403 1020 2446 nisi
1050 2403 1170 2462 quod
1193 2403 1348 2447 attinet
1372 2401 1428 2446 ad

41 2473 154 2518 hanc
175 2489 369 2529 causam,
395 2475 518 2533 cujus
540 2474 724 2518 maxime
745 2489 848 2519 cura
866 2473 1055 2533 gerenda
1078 2482 1162 2529 est,
1189 2489 1244 2518 ne
1265 2472 1427 2519 scilicet

91 2577 98 2592 ¹
130 2582 140 2602 ι
164 2573 236 2604 Cor.
259 2581 314 2612 xli,
338 2583 436 2613 17.—
451 2578 464 2594 ²
484 2572 587 2604 Forte
604 2572 790 2612 gratiarum.
