1784 3205
327 232 409 271 244
760 241 792 265 s.
829 234 870 262 Αι
887 236 931 260 «ιι
950 231 1058 258 sum
1095 227 1271 255 ηι·ι5(;οι»ι

326 310 450 369 cujus
474 315 596 350 motu
620 304 880 348 excitcretur
902 311 1071 349 semen,
1099 303 1148 337 ut
1172 293 1333 351 gremio
1358 291 1548 335 licinium
1572 297 1711 347 posset

325 377 515 422 infundi.
548 375 690 420 Nescit
708 386 796 416 non
820 384 908 412 esse
943 366 1135 418 dictum,
1169 364 1369 407 excitavit
1402 361 1671 417 mihi-semen
1701 377 1709 401 ;

324 449 421 503 nisi,
446 447 567 492 dedit
588 444 694 488 mihi
712 441 865 485 fllium.
885 437 1081 496 Denique
1100 436 1182 479 hoc
1206 434 1343 478 Adam
1371 447 1456 475 non
1482 430 1589 473 dixit
1617 437 1715 487 post

325 523 492 565 coitum
522 530 665 569 suum,
696 527 784 572 quo
815 524 959 555 semen
991 506 1146 560 emisit,
1180 504 1255 548 sed
1278 512 1375 563 post
1397 501 1590 560 conjugis
1612 515 1714 558 par-

330 600 438 645 tum,
458 602 546 648 quo
563 585 701 629 filium
726 586 814 627 Deo
838 580 1030 625 donante
1048 576 1250 635 suscepit.
1274 576 1384 618 Nam
1402 588 1502 632 quae
1520 570 1715 629 gratula-

325 660 388 705 tio
404 667 483 712 est,
500 655 581 700 nisi
595 655 706 699 forte
725 651 1058 697 libidinosorum
1077 657 1120 692 et
1138 660 1265 690 suum
1283 659 1356 687 vas
1374 643 1419 686 in
1438 642 1592 686 morbo
1610 655 1711 684 con-

325 727 631 788 cupiscentiae,
664 723 785 785 quod
819 730 937 766 vetat
976 716 1237 779 Apostolus,
1282 713 1594 774 possidentium
1614 714 1646 768 ¹,
1684 727 1718 754 si

326 814 474 844 semen
496 806 686 841 extrema
713 792 868 839 co'e'ndi
893 791 1118 850 voluptate
1140 787 1373 840 fundatur,
1410 800 1490 828 nec
1515 790 1720 842 sequatur

327 877 563 928 conceptus
585 875 659 912 aut
680 873 846 925 partus,
862 861 940 905 ubi
962 860 1215 920 nuptiarum
1230 872 1357 902 verus
1380 864 1442 898 est
1465 854 1662 897 fructus?

385 942 486 984 XX.
521 941 673 998 Neque
692 936 776 980 hoc
805 932 904 977 ideo
927 931 1123 985 dixerim,
1149 927 1270 989 quod
1293 927 1401 971 alius
1424 922 1646 984 putandus
1669 922 1723 965 sit

328 1019 486 1070 praeter
509 1021 728 1053 summum
752 1013 795 1049 et
810 1017 963 1048 verum
980 1005 1137 1055 Deum,
1163 999 1229 1043 vel
1249 996 1430 1042 humani
1446 994 1635 1047 seminis,
1654 991 1723 1035 vel

329 1081 462 1141 ipsius
478 1078 667 1125 hominis
689 1084 855 1121 creator
886 1089 937 1117 ex
959 1072 1121 1116 semine
1154 1090 1162 1115 ι
1184 1069 1263 1130 sed
1296 1070 1380 1112 hoc
1412 1062 1647 1125 tranquilla
1670 1062 1724 1105 de

330 1152 508 1197 homine
531 1147 779 1194 obedientia
794 1146 1093 1190 membrorum
1115 1142 1169 1185 ad
1189 1150 1347 1185 nutum
1365 1136 1602 1183 voluntatis
1620 1134 1720 1178 exis-

331 1231 422 1277 set,
453 1222 487 1265 si
508 1228 735 1280 peccatum
758 1232 848 1261 non
871 1214 1345 1275 praecessissetssNeque
1369 1225 1485 1253 nunc
1510 1207 1650 1265 agitur
1672 1204 1726 1248 de

335 1302 491 1339 natura
523 1291 711 1343 seminis,
741 1287 816 1332 sed
837 1286 892 1330 de
913 1286 1033 1330 vitio.
1063 1284 1139 1327 Illa
1164 1283 1328 1342 quippe
1347 1280 1481 1324 habet
1506 1286 1727 1322 auctorem

333 1367 491 1418 Deum,
517 1378 568 1406 ex
588 1362 670 1405 isto
693 1368 835 1403 autem
856 1356 1043 1401 trahitur
1063 1352 1271 1411 originale
1295 1359 1538 1411 peccatum.
1564 1350 1670 1393 Nam
1694 1346 1727 1389 si

335 1449 481 1479 semen
501 1434 645 1492 ipsum
668 1429 842 1474 nullum
865 1428 997 1471 habet
1020 1426 1191 1479 vitium,
1219 1423 1327 1483 quid
1354 1431 1416 1466 est
1442 1420 1561 1481 quod
1591 1418 1726 1477 scrip-

340 1516 432 1550 tum
455 1514 518 1550 est
538 1504 585 1548 in
607 1503 718 1547 libro
743 1500 973 1559 Sapientiae
996 1517 1005 1543 :
1031 1517 1051 1539 «
1076 1499 1172 1542 Non
1198 1496 1404 1554 ignorans
1422 1491 1629 1552 quoniam
1654 1503 1729 1532 ne-

341 1595 363 1619 »
386 1590 519 1636 quam
541 1583 605 1618 est
625 1570 947 1624 natioillorum,
975 1577 1017 1612 et
1035 1565 1243 1612 naturalis
1266 1564 1429 1609 malitia
1452 1563 1660 1623 ipsorum,
1688 1568 1730 1602 et

342 1665 363 1690 »
387 1645 594 1706 quoniam
616 1658 707 1688 non
727 1649 898 1702 poterat
912 1638 1075 1683 mutari
1088 1637 1292 1694 cogitatio
1315 1634 1490 1679 illorum
1513 1634 1557 1675 in
1576 1644 1730 1690 perpe-

343 1736 365 1760 »
391 1726 516 1761 tuum
529 1735 540 1772 3
554 1729 700 1759 semen
714 1712 826 1756 cuim
844 1719 936 1754 erat
949 1708 1232 1752 maledictum
1252 1706 1305 1749 ab
1319 1705 1442 1748 initio
1458 1706 1506 1746 2?
1528 1721 1547 1743 »
1566 1704 1732 1759 Nempe

343 1789 398 1834 de
412 1787 765 1848 quibuscumque
784 1782 900 1826 dicat
913 1782 1006 1835 ista,
1028 1780 1081 1823 de
1095 1778 1343 1822 hominibus
1361 1767 1733 1833 dicstassuonmdo

344 1869 406 1904 est
426 1873 530 1917 ergo
548 1855 779 1917 cujuslibet
797 1852 984 1897 hominis
998 1849 1161 1893 malitia
1175 1846 1381 1891 naturalis
1405 1855 1447 1888 et
1470 1858 1615 1888 semen
1638 1857 1732 1885 ma«

344 1929 556 1975 ledictum
573 1927 628 1971 ab
642 1926 781 1979 initio,
794 1924 875 1967 nisi
891 1922 945 1966 ad
959 1921 1069 1965 illud
1084 1919 1351 1978 respiciatur,
1367 1916 1486 1978 quod
1505 1930 1578 1974 per
1596 1928 1731 1957 unum

344 2003 567 2047 hominem
585 2007 810 2058 peccatum
830 1993 1066 2039 intravitin
1085 1991 1317 2042 mundum,
1345 1998 1387 2032 et
1411 2003 1485 2047 per
1509 1994 1732 2046 peccatum

348 2087 480 2126 mors,
507 2070 624 2115 etita
647 2070 692 2112 in
706 2081 858 2132 ‚omnes
881 2064 1080 2109 homines
1102 2061 1365 2121 pertransiit,
1395 2060 1438 2103 in
1476 2074 1563 2119 quo
1587 2069 1735 2101 omnes

348 2140 695 2202 peccaveruntss?
729 2138 863 2195 Cujus
891 2142 1033 2178 autem
1067 2132 1251 2175 hominis
1275 2130 1387 2174 mala
1419 2127 1619 2187 cogitatio
1647 2140 1736 2169 non

348 2221 493 2274 potest
517 2212 563 2255 in
585 2217 844 2270 perpetuum
876 2203 1049 2258 mutari,
1078 2202 1156 2245 nisi
1185 2201 1285 2260 quia
1309 2216 1383 2259 per
1413 2215 1456 2243 se
1483 2199 1619 2258 ipsam
1648 2211 1735 2240 non

351 2290 510 2342 potest,
529 2279 603 2325 sed
618 2280 651 2323 si
667 2278 801 2336 gratia
816 2275 962 2320 divina
981 2272 1230 2319 subveniam
1247 2286 1332 2330 qua
1345 2285 1432 2314 non
1453 2268 1738 2313 subveniente

356 2351 463 2412 quid
485 2359 586 2395 sunt
606 2335 930 2404 hominesssnisi
952 2343 1072 2403 quod
1095 2342 1154 2386 ait
1176 2339 1392 2399 apostolus
1419 2343 1572 2383 Petrus
1588 2373 1598 2392 ,
1619 2335 1739 2380 velut

319 2440 330 2447 ⁴
352 2430 477 2467 *muta
518 2419 716 2464 animalia
749 2424 973 2477 procreata
1010 2411 1263 2457 naturaliter
1298 2411 1343 2453 in
1377 2409 1669 2468 captivitatem
1697 2415 1740 2449 et

353 2490 639 2538 interitum‘1?
663 2488 788 2532 Unde
813 2502 901 2531 uno
932 2485 1029 2529 loco
1057 2482 1217 2528 Paulus
1252 2480 1472 2539 apostolus
1503 2488 1739 2535 utrumque

407 2586 417 2603 ¹
445 2587 457 2609 1
477 2576 586 2609 Thess.
606 2586 651 2617 iv,
671 2574 702 2607 5.
720 2591 760 2599 —
781 2580 792 2596 ²
815 2574 889 2614 Sap.
911 2583 968 2612 xii,
989 2581 1039 2604 10.
1059 2588 1100 2595 --
1116 2568 1130 2592 3
1154 2571 1242 2602 Rom.
1264 2579 1297 2606 v,
1320 2576 1370 2600 12.
1390 2585 1428 2590 —
1447 2565 1461 2596 [ι
1481 2574 1500 2598 2
1519 2567 1605 2598 Petr.
1627 2575 1662 2603 ιι,
1687 2573 1735 2595 12.
