1784 3205
317 230 401 268 426
758 239 790 267 s.
828 240 1056 267 *neusa-uu
1092 240 1272 267 ssmscot‘t

314 305 428 349 facta
450 305 519 358 sit,
543 305 631 349 sive
659 304 780 364 quod
807 303 1016 362 peccandi
1039 303 1326 349 delectatione
1348 313 1588 360 moveatur,
1624 306 1702 350 etsi

313 375 353 419 ei
384 375 584 420 vincente
617 373 906 419 delectatione
934 373 1113 433 justitiae
1146 389 1235 419 non
1268 374 1580 419 consentiatur.
1614 377 1702 420 Nec

314 454 492 504 propter
524 445 681 504 ipsam,
719 445 841 503 cujus
866 444 957 503 jam
990 453 1133 488 reatus
1160 444 1334 490 lavacro
1367 445 1702 504 regenerationis

315 516 573 575 absumptus
586 524 665 569 est,
680 515 833 558 dicunt
848 515 891 558 in
906 516 1101 559 oratione
1123 515 1327 575 baptizati
1349 534 1359 560 ε
1385 533 1405 558 «
1431 515 1610 560 Dimitte
1629 530 1703 561 no-

317 604 337 627 »
365 586 428 628 bis
455 585 601 629 debita
624 594 792 638 nostra,
828 585 939 628 sicut
964 594 1007 629 et
1034 600 1113 630 nos
1144 584 1404 630 dimittimus
1432 585 1704 630 debitoribus

316 673 336 697 »
363 655 520 699 nostris
535 657 547 680 1
575 674 583 699 :
617 674 631 695 1>
659 654 735 699 sed
758 663 936 714 propter
952 665 1129 714 peccata
1151 671 1251 715 quae
1278 657 1410 712 fiunt,
1433 656 1523 700 sive
1548 655 1593 699 in
1613 656 1703 714 ejus

311 725 685 780 consensionibus,
697 740 797 769 cum
812 725 866 769 ab
880 741 932 770 eo
943 726 1064 785 quod
1078 726 1185 770 libet
1198 727 1389 772 vincitur
1411 725 1531 786 quod
1543 725 1700 784 placet,

311 796 401 840 sive
428 810 531 839 cum
564 809 640 854 per
674 796 963 853 ignorantiam
994 796 1159 842 malum
1187 798 1311 857 quasi
1344 798 1511 842 bonum
1543 794 1700 855 placet,

312 868 446 911 Fiunt
462 876 625 921 autem,
650 867 740 912 sive
754 868 993 926 operando,
1018 868 1105 913 sive
1126 868 1366 929 loquendo,
1392 869 1480 912 sive
1497 867 1617 928 quod
1636 866 1704 912 ia-

311 936 523 981 cillimum
546 946 677 998 atque
693 938 970 983 celerrimum
992 947 1072 993 est,
1088 938 1338 998 cogitando.
1368 941 1405 983 A
1426 937 1587 998 quibus
1607 952 1704 982 om-

312 1008 441 1052 nibus
473 1009 569 1067 quis
601 1010 731 1052 etiam
764 1008 962 1053 fidelium
999 1009 1254 1068 gloriabitur
1283 1018 1450 1055 castum
1479 1023 1523 1053 se
1544 1009 1705 1053 habere

317 1093 391 1122 cor
406 1081 438 1131 2,
460 1089 535 1122 aut
557 1080 653 1138 quis
670 1079 926 1136 gloriabitur
950 1079 1167 1124 mundum
1188 1096 1233 1124 se
1253 1095 1343 1124 esse
1368 1096 1392 1124 a
1419 1080 1621 1138 peccato?
1643 1078 1704 1123 Il-

313 1147 391 1191 lud
409 1163 510 1192 sane
527 1148 647 1207 quod
664 1150 709 1193 in
725 1150 920 1193 oratione
934 1151 1147 1210 sequitur,
1168 1160 1344 1210 propter
1358 1150 1496 1209 ipsam
1513 1150 1674 1194 dicitur
1692 1168 1701 1195 z

313 1237 334 1260 «
358 1221 421 1263 Ne
442 1234 520 1263 nos
544 1219 702 1263 inferas
725 1220 769 1262 in
790 1221 1087 1274 tentationem,
1107 1221 1183 1264 sed
1206 1221 1342 1265 libera
1358 1235 1436 1264 nos
1453 1236 1477 1263 a
1498 1220 1656 1264 maloss.
1681 1238 1701 1261 »

319 1290 626 1349 Unusquisque
648 1290 780 1344 enim,
805 1290 917 1334 sicut
939 1290 1150 1348 scriptum
1169 1299 1254 1345 est,
1280 1298 1474 1334 tentatur
1496 1305 1520 1334 a
1539 1305 1705 1334 concu-

315 1360 523 1418 piscentia
537 1375 612 1403 sua
628 1360 869 1404 abstractus
890 1370 933 1405 et
947 1360 1116 1405 illectus
1127 1362 1160 1418 43
1177 1361 1336 1405 deinde
1351 1361 1704 1420 concupiscentia

311 1445 412 1474 cum
430 1431 696 1489 conceperit,
722 1432 833 1489 perit
853 1439 1097 1491 peccatum.

366 1502 572 1545 XXVIII.
612 1502 665 1545 Hi
696 1516 847 1546 omnes
881 1502 1248 1560 concupiscentiae
1279 1508 1454 1560 partus,
1497 1511 1536 1544 et
1570 1501 1702 1560 ipsius

307 1571 671 1630 concupiscentiae
693 1581 836 1616 reatus
855 1574 1078 1632 antiquus,
1101 1573 1369 1631 baptismatis
1392 1571 1618 1616 ablutione
1631 1571 1702 1617 di-

304 1642 417 1684 missi
441 1650 565 1698 sunt,
589 1651 633 1685 et
654 1642 870 1701 quidquid
895 1644 1007 1701 parit
1028 1658 1147 1687 nunc
1165 1643 1245 1686 ista
1266 1642 1640 1701 concupiscentia,
1665 1643 1702 1687 si

308 1725 395 1754 non
418 1711 503 1754 sint
527 1710 590 1754 illi
613 1721 781 1770 partus,
806 1713 881 1772 qui
898 1728 988 1757 non
1011 1712 1152 1757 solum
1176 1721 1373 1771 peccata,
1397 1727 1550 1757 verum
1571 1712 1701 1756 etiam

307 1780 488 1824 crimina
511 1791 840 1840 nuncupantur,
865 1791 993 1841 pacto
1016 1782 1091 1827 illo
1108 1781 1378 1842 quotidianae
1397 1782 1605 1826 orationis
1624 1782 1702 1826 ubi

307 1850 489 1895 dicimus
516 1871 525 1896 :
555 1870 574 1893 »
600 1853 775 1897 Dimitte
790 1853 916 1897 nobis
938 1852 1085 1898 debita
1103 1862 1265 1909 nostra,
1286 1853 1398 1897 sicut
1411 1851 1699 1909 demittimus,

311 1940 331 1963 »
358 1932 401 1966 et
422 1923 798 1981 eleemosynarum
820 1925 1066 1970 sinceritate
1078 1924 1364 1969 mundantur.
1387 1942 1407 1966 »
1426 1924 1702 1984 Nequeenim

308 1993 542 2052 quisquam
575 1994 635 2038 sic
663 1994 841 2054 desipit,
873 2004 922 2039 ut
952 1996 1068 2040 dicat
1091 1995 1145 2040 ad
1170 1995 1407 2054 baptizatos
1430 1993 1700 2039 dominicum

307 2063 418 2107 illud
442 2080 530 2108 non
552 2067 766 2124 pertinere
785 2076 1068 2126 praeceptum,
1089 2086 1109 2109 t(
1134 2067 1371 2121 Dimittite,
1395 2075 1439 2109 et
1456 2066 1702 2110 dimittetur

311 2153 330 2176 ›>
357 2134 503 2190 vobis,
529 2135 644 2190 date,
668 2145 710 2179 et
727 2136 904 2180 dabitur
920 2137 1079 2181 vobis⁵.
1104 2154 1124 2177 »
1151 2136 1306 2182 Nullus
1318 2145 1466 2180 autem
1482 2137 1528 2179 in
1544 2134 1700 2180 Eccle-

307 2205 367 2249 sia
389 2215 505 2250 recte
538 2216 681 2265 posset
702 2207 894 2251 ordinari
927 2208 1146 2262 minister,
1178 2207 1213 2251 si
1243 2207 1418 2250 dixisset
1446 2206 1696 2265 Apostolus,

311 2293 332 2317 «
358 2275 401 2320 Si
423 2277 520 2334 quis
537 2277 628 2320 sine
650 2279 853 2335 peccato6
883 2296 891 2321 :
921 2295 940 2318 »
965 2277 1041 2321 ubi
1065 2278 1152 2322 ait:
1183 2295 1204 2318 «
1229 2277 1271 2320 Si
1294 2277 1390 2336 quis
1412 2276 1503 2319 sine
1520 2275 1700 2320 crimine

310 2362 331 2386 »
358 2348 462 2389 est⁷.
491 2364 511 2387 »
533 2349 621 2392 Aut
645 2348 681 2391 si
703 2348 897 2403 dixisset,
921 2347 1101 2393 Nullum
1115 2356 1341 2406 peccatum
1369 2345 1579 2391 habentes
1597 2346 1699 2392 :ubi

308 2415 383 2470 ait,
408 2417 589 2462 Nullum
611 2418 776 2463 crimen
797 2419 1021 2464 habentes.
1042 2419 1172 2464 Multi
1188 2418 1352 2480 quippe
1369 2417 1578 2477 baptizati
1594 2416 1700 2462 fide·

353 2524 362 2540 ¹
392 2518 504 2551 Matth.
524 2530 569 2561 w,
592 2528 644 2552 12.
661 2537 703 2543 —
719 2527 732 2543 ²
753 2523 847 2554 Prov.
866 2532 921 2561 xx,
942 2533 975 2564 9.
996 2537 1038 2545 --
1054 2519 1069 2543 3
1090 2521 1202 2554 Matth.
1232 2510 1277 2563 ἧι,
1302 2521 1354 2554 13.
1369 2538 1410 2546 ·--
1425 2519 1441 2551 4
1464 2520 1577 2554 Jacob·
1599 2531 1622 2560 ι,
1645 2518 1695 2560 14.

316 2589 357 2597 -
372 2572 385 2597 5
403 2576 479 2610 Luc.
503 2586 549 2617 vi,
569 2576 621 2617 37.
641 2592 681 2599 —
697 2574 712 2599 G
738 2577 799 2611 Tit.
820 2589 845 2619 1,
862 2578 895 2609 G.
909 2585 975 2611 -7
1003 2589 1016 2611 1
1044 2577 1123 2611 Tim.
1142 2589 1187 2619 111,
1214 2588 1265 2611 ιο.
