1784 3205
328 191 403 228 134
759 208 792 233 s.
829 207 1059 233 ACGLSIIRI
1094 207 1272 235 Episcopi

324 264 483 324 Pelagii
502 275 545 310 et
563 267 756 312 Coelestii
773 269 956 327 scriptis,
978 285 1270 331 quaecumque
1293 271 1436 331 legere
1452 275 1591 333 potui,
1607 291 1706 320 nus-

320 351 452 397 quam
470 352 540 381 eos
552 338 715 392 inveni,
736 338 1108 400 quemadmodum
1122 342 1371 387 confitenda
1392 353 1472 398 est,
1487 346 1700 391 confiteri.

320 411 498 452 Prorsus
533 424 749 469 nusquam
786 425 857 454 eos
890 408 1055 456 adverti
1070 446 1082 466 ,
1121 412 1232 458 sicut
1273 413 1537 472 agnoscendi
1573 426 1702 472 suut,

319 493 549 537 agnoscere
571 479 680 524 filios
701 481 1009 540 promissionis,
1042 482 1097 526 de
1129 482 1288 542 quibus
1309 483 1414 529 dicit
1440 486 1702 544 Apostolus:

325 569 345 592 «
366 551 463 595 Non
485 549 515 592 ii
536 551 614 610 qui
635 551 712 595 filii
735 552 889 607 carnis,
914 552 960 596 hi
981 551 1059 596 filii
1082 553 1155 597 Dei
1173 589 1183 609 ,
1205 555 1280 598 sed
1312 554 1390 599 filii
1415 557 1706 614 promissionis

322 620 633 680 »deputantur
660 622 704 666 in
739 626 931 667 semen¹.
960 643 980 665 »
1019 624 1144 677 Quod
1176 625 1292 669 enim
1316 627 1532 685 promittit
1563 631 1705 683 Deus,

319 705 410 736 non
426 691 611 737 facimus
632 708 710 738 nos
733 709 811 753 per
833 694 1059 739 arbitrium
1080 711 1157 740 seu
1177 706 1393 752 naturam,
1413 697 1490 743 sed
1502 696 1605 744 facit
1617 699 1707 758 ipse

320 776 398 821 per
420 762 616 820 gratiam.

381 833 567 876 XXXII.
592 834 701 878 Nam
717 842 767 878 ut
789 833 844 878 de
866 834 1060 880 Coelestii
1083 836 1301 895 opusculis
1322 838 1496 883 interim
1518 847 1707 895 taceam,

321 902 391 948 vel
419 903 579 948 libellis
611 906 701 964 ejus
717 939 728 960 ‚
752 921 863 965 quos
879 907 1053 967 judiciis
1081 907 1377 953 ecclesiasticis
1403 909 1607 969 allegavit
1626 913 1707 969 (9),

322 989 423 1034 quae
445 974 565 1018 vobis
596 975 740 1019 omnia
755 1011 766 1031 ‚
798 991 899 1021 cum
929 977 1020 1021 aliis
1042 993 1150 1038 quas
1169 980 1427 1023 necessarias
1456 981 1712 1026 existimavi·

322 1059 418 1089 mus
434 1044 604 1100 litteris,
623 1046 835 1090 mittenda
852 1049 1112 1103 curavimus,
1134 1048 1293 1107 quibus
1308 1049 1512 1094 omnibus
1528 1049 1713 1109 diligen·

324 1124 388 1159 ter
410 1116 626 1174 inspectis,
654 1117 821 1174 possitis
844 1117 1083 1172 advertere,
1109 1134 1198 1163 non
1218 1134 1318 1162 eum
1339 1135 1502 1179 ponere
1523 1122 1600 1164 Dei
1622 1137 1716 1180 gra-

324 1186 445 1238 tiam,
471 1202 558 1246 qua
574 1189 796 1246 juvamur³
822 1188 893 1231 vel
915 1187 970 1232 ad
997 1188 1306 1234 declinandum
1333 1207 1355 1235 a
1383 1191 1527 1245 malo,
1561 1191 1631 1236 vel
1660 1191 1715 1237 ad

324 1254 574 1300 faciendum
597 1257 777 1312 bonum,
803 1268 959 1318 praeter
982 1261 1179 1305 naturale
1201 1262 1426 1306 arbitrium
1452 1263 1712 1319 voluntatis,

327 1326 409 1371 nisi
432 1327 476 1370 in
493 1326 588 1386 lege
611 1337 742 1388 atque
766 1327 985 1386 doctrin33
1008 1330 1069 1374 ita
1091 1341 1141 1374 ut
1162 1331 1274 1389 ipsas
1297 1347 1475 1391 quoque
1497 1333 1714 1378 orationes

327 1385 382 1440 ad
397 1397 482 1440 hoc
496 1406 655 1442 asserat
672 1399 947 1453 necessarias,
968 1408 1017 1443 ut
1034 1400 1289 1444 ostendatur
1301 1402 1589 1461 nominiquid
1605 1418 1715 1447 con-

326 1468 520 1525 cupiscat
541 1476 584 1511 et
602 1466 753 1526 diligat
778 1487 786 1512 ι
812 1478 862 1513 ut
879 1484 982 1528 ergo
1002 1470 1097 1514 haec
1120 1470 1294 1515 interim
1317 1473 1532 1527 omittam,
1558 1488 1716 1532 nempe

326 1538 417 1596 ipse
442 1537 641 1596 Pelagius
665 1547 706 1582 et
727 1538 891 1584 litteras
916 1555 1058 1599 nuper
1093 1549 1134 1584 et
1166 1541 1364 1586 libellum
1397 1546 1582 1587 Romam
1615 1544 1718 1588 fidei

327 1623 416 1652 suae
444 1608 575 1662 misit,
604 1609 793 1653 scribens
823 1609 879 1654 ad
906 1610 1046 1654 beatae
1069 1612 1290 1655 memoriae
1320 1627 1475 1671 papam
1501 1615 1718 1658 Innocen-

330 1678 455 1733 tium,
474 1693 606 1738 quem
629 1678 887 1725 defunctum
909 1696 998 1725 esse
1023 1682 1256 1726 nesciebat.
1280 1685 1332 1726 Iu
1354 1683 1420 1727 his
1442 1698 1543 1742 ergo
1563 1683 1718 1729 litteris

329 1749 448 1804 dicit,
480 1770 501 1791 κ
519 1765 607 1794 esse
630 1750 684 1794 de
709 1751 868 1811 quibus
890 1768 990 1796 eum
1012 1754 1212 1798 homines
1234 1753 1440 1798 infamare
1459 1765 1674 1800 conantur
1704 1776 1714 1800 :

329 1835 468 1864 unum
489 1820 609 1880 quod
627 1831 755 1879 neget
770 1821 959 1881 parvulis
981 1823 1184 1883 baptismi
1199 1833 1534 1880 sacramentum,
1555 1835 1598 1870 et
1616 1827 1718 1870 abs-

329 1906 415 1950 que
433 1891 731 1951 redemptione
748 1894 907 1939 Christi
922 1893 1140 1954 aliquibus
1155 1895 1366 1940 coelorum
1386 1911 1517 1954 regna
1537 1898 1719 1956 promit-

329 1970 393 2005 tat
418 1981 427 2005 ε
451 1961 586 2015 aliud,
612 1964 733 2022 quod
762 1964 822 2007 ita
848 1963 963 2008 dicat
994 1980 1115 2024 posse
1143 1966 1367 2011 hominem
1395 1967 1531 2012 vitare
1562 1983 1716 2027 pecca-

331 2040 440 2085 tum,
464 2041 516 2075 ut
540 2034 615 2076 Dei
637 2032 838 2078 excludat
867 2034 1094 2089 auxilium,
1119 2046 1161 2080 et
1183 2037 1229 2080 in
1251 2046 1423 2081 tantum
1447 2037 1587 2084 libero
1608 2055 1715 2084 con-

328 2101 436 2146 fidat
468 2102 668 2158 arbitrio,
702 2113 753 2148 ut
781 2105 931 2163 gratiae
960 2106 1160 2165 repudiet
1191 2106 1472 2165 adjutorium.
1504 2127 1526 2151 ι»
1553 2111 1640 2155 Sed
1661 2111 1716 2155 de

327 2173 545 2231 baptismo
562 2174 858 2233 parvulorum,
879 2176 1076 2236 quamvis
1090 2177 1150 2221 eis
1167 2177 1363 2222 dandum
1380 2194 1470 2224 esse
1483 2181 1711 2237 concedat,

327 2258 459 2302 quam
492 2259 691 2303 perverse
722 2256 873 2292 contra
900 2246 1033 2292 fidem
1070 2248 1347 2293 christianam
1378 2259 1421 2294 et
1454 2251 1714 2297 catholicam

328 2314 484 2359 sentiat
500 2316 742 2372 veritatem,
763 2333 854 2362 non
875 2318 946 2363 1110
969 2318 1090 2363 locus
1106 2329 1170 2363 est
1187 2329 1236 2363 ut
1257 2321 1506 2379 diligentius
1529 2322 1717 2368 dioeera-

328 2399 424 2428 mus
452 2404 461 2429 ε
492 2401 611 2431 nunc
643 2390 759 2432 enim
791 2389 845 2433 de
873 2388 1089 2446 adjutorio
1120 2391 1269 2449 gratiae
1295 2391 1416 2452 quod
1447 2393 1716 2439 instituimus
1757 2426 1760 2427 ν

326 2454 623 2512 peragendum
645 2466 721 2502 est.
748 2457 874 2504 [nde
895 2458 950 2504 ad
971 2459 1015 2504 id
1037 2459 1157 2518 quod
1179 2463 1403 2520 proposuit
1419 2497 1434 2518 ,
1454 2462 1563 2522 quid
1585 2463 1714 2508 etiam

386 2544 391 2558 ἲ
412 2540 501 2570 Rom.
522 2550 567 2579 ¹³,-
589 2539 619 2570 S.
