1784 3205
345 223 422 263 154
779 235 810 260 s.
849 230 1077 258 Aitors'rnvt
1112 229 1292 269 EPlscoPl

338 297 458 358 quod
488 297 658 343 lavacro
688 294 1021 355 regenerationis
1050 292 1264 347 abluitur,
1291 291 1479 335 noluerit
1496 290 1690 336 confiteri
1708 325 1720 347 ,

338 368 534 428 quamvis
550 376 593 412 et
616 381 774 426 negare
791 380 878 410 non
901 379 1028 407 ausus
1048 363 1114 406 sit.
1140 364 1196 406 Et
1215 370 1391 421 propter
1412 361 1525 405 hanc
1549 360 1723 406 dubita-

339 439 503 484 tionem
524 453 646 482 suam
669 452 758 480 non
779 433 1048 479 damnaverit
1072 448 1143 478 eos
1164 432 1240 492 qui
1256 432 1431 476 dicunt:
1446 431 1607 484 «Quod
1619 446 1723 490 pec-

339 519 484 554 catum
508 508 615 553 Adae
631 507 771 566 ipsum
792 506 931 550 solum
952 503 1125 558 laeserit,
1148 512 1191 548 et
1205 518 1294 547 non
1309 517 1443 562 genus
1455 502 1720 549 humanum:

339 593 382 629 et
405 585 527 645 quod
548 582 736 627 infantes
765 580 842 641 qui
870 589 1109 624 nascuntur
1129 614 1140 635 ,
1165 579 1211 623 in
1232 594 1283 624 eo
1308 587 1423 624 statu
1443 578 1544 634 sint,
1570 578 1616 622 in
1636 593 1724 638 quo

339 655 479 700 Adam
502 654 588 698 suit
609 663 709 698 ante
730 652 1143 712 praevaricationem.
1174 669 1193 692 »

396 728 450 770 V.
478 727 528 769 In
556 724 704 769 libello
728 733 874 768 autem
896 738 1026 783 quem
1055 726 1206 767 Romae
1229 721 1367 765 edidit
1382 755 1393 777 ,
1419 721 1495 781 qui
1519 720 1646 779 gestis
1665 720 1727 764 ibi

338 794 632 840 ecclesiasticis
658 794 867 852 allegatus
890 802 952 837 est
971 828 982 848 ,
1004 793 1062 837 ita
1080 791 1135 836 de
1163 793 1243 836 hac
1268 806 1313 835 re
1335 790 1546 851 loquitur,
1572 800 1622 834 ut
1644 791 1728 834 hoc

337 881 381 910 se
408 865 591 909 credere
618 864 845 918 ostendat,
870 862 989 907 unde
1014 863 1085 906 hic
1115 862 1314 906 dubitare
1346 876 1390 905 se
1412 860 1591 905 dixerat.
1619 863 1725 906 Nam

338 936 469 980 verba
500 936 591 995 ejus
621 935 700 979 ista
731 943 832 979 sunt
865 953 873 978 ε
911 952 931 976 «
959 932 1151 977 Infantes
1173 941 1344 987 autem,
1374 932 1549 991 inquit,
1570 930 1727 974 debere

341 1005 551 1064 baptizari
573 1006 616 1048 in
640 1005 935 1049 remissionem
950 1012 1225 1062 peccatorum
1242 1037 1253 1057 ,
1273 1002 1515 1046 secundum
1533 1000 1726 1059 regulam

336 1075 593 1121 universalis
623 1076 841 1130 Ecclesiae,
868 1086 911 1120 et
934 1074 1175 1119 secundum
1200 1073 1424 1132 Evangelii
1450 1073 1725 1128 sententiam,

335 1147 620 1191 eonfitemur¹
639 1165 646 1189 :
675 1146 776 1206 quia
800 1146 1011 1190 Dominus
1033 1145 1182 1189 statuit
1204 1159 1384 1202 regnum
1406 1143 1617 1188 coelorum
1640 1158 1728 1187 non

335 1217 414 1260 nisi
435 1217 658 1275 baptizatis
676 1232 798 1275 posse
817 1216 1005 1260 conferri
1024 1237 1035 1273 3
1060 1216 1181 1274 quod
1201 1216 1300 1274 quia
1322 1215 1433 1259 vires
1453 1223 1620 1257 naturae
1639 1228 1727 1257 non

335 1288 518 1342 liabent,
552 1287 738 1332 conferri
762 1303 934 1331 necesse
957 1295 1020 1330 est
1042 1302 1118 1345 per
1142 1287 1292 1345 gratiae
1316 1286 1606 1329 libertatem.
1638 1305 1655 1326 »
1687 1286 1729 1330 Si

335 1358 444 1402 nihil
469 1358 523 1402 de
552 1359 631 1402 hac
656 1374 700 1402 re
722 1358 928 1417 deinceps
956 1357 1118 1401 diceret
1137 1392 1148 1411 ,
1179 1358 1274 1416 quis
1297 1372 1387 1400 non
1409 1371 1510 1400 eum
1533 1356 1728 1400 crederet

335 1430 549 1486 confiteri,
565 1430 693 1473 etiam
718 1429 961 1473 infantibus
991 1428 1035 1472 in
1059 1428 1273 1487 baptismo
1302 1427 1527 1485 originalia
1548 1426 1724 1482 dimitti,

336 1499 525 1544 dicendo
537 1515 608 1544 eos
620 1501 665 1543 in
679 1500 972 1543 remissionem
990 1507 1268 1557 peccatorum
1285 1497 1495 1556 baptizari
1510 1499 1728 1556 oportere?

337 1572 448 1615 Hinc
493 1560 595 1629 ergo
634 1580 698 1614 est
728 1570 838 1613 illud
871 1570 1000 1629 quod·
1023 1568 1270 1628 scripsistis,
1296 1568 1355 1612 sic
1391 1567 1514 1612 vobis
1549 1583 1727 1627 respon-

338 1642 446 1685 disse
465 1642 685 1700 Pelagium
702 1676 712 1694 ,
742 1659 761 1682 «
788 1640 911 1700 quod.
937 1640 1096 1683 eisdem
1120 1639 1280 1698 quibus
1302 1647 1345 1681 et
1373 1639 1555 1697 majores
1582 1653 1725 1682 sacra-

336 1714 471 1757 menti
490 1713 632 1758 verbis
651 1713 926 1771 baptizantur
938 1712 1125 1755 infantes
1145 1732 1155 1768 3
1176 1725 1374 1769 »vosque
1388 1709 1520 1754 fuisse
1537 1709 1722 1764 laetatos,

337 1783 381 1827 id
403 1782 522 1843 quod
540 1783 778 1842 cupiebatis
798 1782 983 1836 audisse,
1010 1791 1053 1826 et
1069 1791 1214 1825 tamen
1235 1780 1377 1824 adhue
1396 1780 1450 1824 de
1471 1780 1615 1825 verbis
1633 1781 1724 1839 ejus

339 1869 416 1897 nos
435 1853 636 1897 maluisse
658 1852 897 1897 consulere.

396 1926 469 1968 VI.
504 1924 727 1969 Attendite
746 1925 891 1984 itaque
907 1922 1014 1983 quid
1029 1921 1260 1968 Coelestius
1273 1920 1538 1980 apertissime
1550 1920 1722 1977 dixerit,

338 2004 380 2038 et
397 1994 458 2038 ibi
475 1995 675 2039 videbitis
701 1995 932 2054 quidvobis
952 1993 1149 2052 Pelagius
1169 1992 1466 2038 occultaverit.
1497 1990 1725 2038 Coelestius

337 2065 498 2124 quippe
520 2065 717 2125 adjungit
737 2100 747 2120 ,
778 2075 822 2110 et
843 2064 948 2109 dicit
971 2083 979 2108 z
1011 2083 1032 2107 «
1063 2067 1113 2108 In
1138 2064 1434 2107 remissionem
1454 2071 1600 2107 autem
1620 2077 1725 2122 pec-

338 2144 533 2180 catorum
568 2136 850 2195 baptizandos
872 2134 1060 2180 infantes
1079 2168 1091 2189 ‚
1120 2149 1206 2178 non
1241 2133 1403 2178 idcirco
1437 2135 1649 2189 diximus,
1674 2143 1724 2178 ut

337 2215 564 2265 peccatum
598 2221 648 2249 ex
680 2206 858 2250 traduce
886 2206 1057 2249 firmare
1084 2204 1310 2248 videamur
1337 2222 1346 2248 :
1387 2204 1507 2264 qnod
1535 2204 1665 2263 longe
1699 2219 1723 2248 a

337 2277 551 2321 catholico
585 2292 712 2321 sensu
749 2276 937 2320 alienum
968 2285 1045 2320 est.
1082 2275 1192 2328 Quia
1231 2283 1457 2334 peccatum
1497 2290 1586 2320 non
1620 2289 1721 2320 cum

338 2349 513 2392 homine
536 2349 741 2403 nascitur,
759 2347 876 2408 quod
900 2346 1178 2407 postmodum
1202 2355 1426 2390 exercetur
1444 2347 1499 2390 ab
1518 2346 1692 2391 homine
1709 2364 1717 2390 :

337 2419 438 2477 quia
457 2434 544 2462 non
560 2427 727 2461 naturae
744 2418 950 2462 dilectum
965 2452 975 2472 ,
995 2418 1068 2461 sed
1088 2416 1320 2462 voluntatis
1334 2432 1423 2461 esse
1437 2425 1717 2461 monstratur,

337 2491 394 2532 Et
415 2488 525 2531 illud
546 2503 646 2546 ergo
679 2489 877 2533 confiteri
897 2502 1164 2546 congruum,
1192 2503 1246 2530 ne
1264 2487 1430 2533 diversa
1451 2487 1720 2547 baptismatis

388 2580 395 2596 ¹
420 2574 510 2605 Joan.
536 2584 587 2612 ιιι,
606 2573 636 2605 Γ).
654 2590 694 2597 -—
710 2580 721 2596 ²
744 2573 847 2605 For-te
872 2571 1110 2611 liberalitatem,
1128 2571 1176 2604 vel
1195 2570 1386 2613 largitatem.
