1804 3205
332 224 383 250 nn
418 223 705 250 rzarucnonn
737 223 934 249 JtS'l‘l't‘lAE
972 222 1166 248 nominis.
1389 212 1443 248 29

58 307 78 330 ι(
102 288 218 340 Quid
241 303 309 331 nie
331 287 436 332 dicis
462 288 625 332 bonum
641 290 658 328 ἱ)
678 289 811 331 Nemo
836 286 990 338 bonus,
1014 285 1093 329 nisi
1111 284 1226 330 solus
1246 287 1358 328 Deus
1376 289 1405 338 ¹,
1421 304 1441 325 »

54 361 176 402 Hanc
194 358 293 401 item
314 358 650 418 propositionem
670 357 848 401 omnino
867 372 953 400 non
973 355 1100 400 solvit
1120 374 1127 399 :
1146 354 1220 398 scd
1240 356 1446 414 opposuit

54 427 175 472 velut
188 444 237 471 ex
258 428 438 472 adverso
460 428 542 472 alia
574 427 834 480 testimonia,
868 427 1029 487 quibus
1056 425 1261 485 probaret
1289 441 1380 469 esse
1405 434 1449 468 et

57 499 276 544 hominem
313 501 494 543 bonurn.
535 499 647 543 Dixit
674 499 790 541 enini
821 514 910 542 csse
943 497 1295 556 respondendum
1327 496 1447 556 quod

56 569 170 614 idem
196 571 403 614 Dominus
426 569 528 613 alibi
550 569 608 613 ait
632 588 639 613 :
661 588 680 610 «
703 572 848 612 Bonus
873 569 1003 612 homo
1025 568 1079 611 de
1105 567 1222 612 bono
1246 568 1448 611 thesauro

61 658 80 682 »
115 640 255 684 cordis
273 642 337 684 sui
360 640 527 700 profert
544 640 700 684 bona‘ss.
725 658 743 680 »
767 640 989 683 Etiterum
1005 658 1013 683 :
1031 639 1148 691 «Qui
1167 637 1298 682 solem
1319 653 1447 682 suum

58 729 79 753 »
116 712 216 756 oriri
233 712 336 755 facit
354 728 482 772 supcr
500 712 636 756 bonos
650 710 914 754 etmatos³.»
934 714 986 754 Et
1009 710 1112 754 alibi
1135 710 1343 770 scriptum
1367 719 1445 764 cst,

58 782 202 842 inquit
221 802 259 827 t«
278 786 396 827 Bona
418 783 541 827 bonis
561 791 703 826 ereata
724 791 826 825 sunt
848 782 903 824 ab
922 781 1044 824 initio
1067 782 1097 823 ⁴.
1128 800 1147 821 »
1181 784 1236 824 Et
1257 781 1413 824 iterum
1438 798 1447 823 :

62 872 82 895 «
117 853 202 906 Qui
221 863 321 898 sunt
345 853 464 907 boni,
491 861 620 896 crunt
644 851 908 896 habitatores
934 861 1057 895 terrae
1080 853 1110 894 ⁵.
1139 869 1158 892 »
1187 851 1269 896 Cui
1289 850 1348 894 sic
1371 864 1451 893 res-

59 926 344 985 pondendum
369 936 456 980 est,
480 935 528 970 ut
551 935 592 969 et
617 924 726 968 ittud
750 924 1015 982 intelligatur
1037 926 1260 984 quomodo
1284 925 1452 969 dictum

58 998 137 1042 sit:
159 1017 179 1039 «
206 1000 342 1042 Nemo
367 998 533 1052 bonus,
562 997 640 1040 nisi
665 1013 777 1040 unus
806 1000 916 1040 Deus
943 998 974 1039 ὓ.
1005 1015 1024 1037 »
1051 997 1148 1041 Sive
1176 997 1277 1058 quia
1308 998 1453 1040 omnia

57 1084 157 1129 quae
174 1079 315 1113 creata
333 1079 449 1124 sunt,
469 1069 665 1129 quamvis
685 1084 732 1112 ca
750 1072 863 1112 Deus
882 1068 1155 1112 feceritbona
1170 1068 1310 1123 valde,
1329 1071 1453 1114 Crea-

57 1140 142 1184 tori
165 1150 311 1184 tamcn
334 1149 599 1199 comparata,
627 1154 708 1183 nec
733 1140 845 1184 bona
863 1148 980 1194 sunt,
1006 1140 1078 1184 cui
1103 1149 1350 1199 comparata
1373 1154 1453 1183 nec

58 1220 160 1256 sunt
196 1230 204 1255 ε
236 1211 438 1255 altissime
463 1212 625 1270 quippe
658 1220 701 1254 ct
732 1211 908 1270 proprio
935 1210 1067 1255 modo
1101 1212 1292 1271 quodam
1322 1210 1377 1254 dc
1409 1225 1453 1254 sc

59 1283 152 1342 ipso
168 1281 276 1326 dixit
298 1301 306 1327 :
330 1301 349 1324 «
370 1284 463 1340 Ego
483 1296 574 1325 suni
591 1282 666 1341 qui
682 1296 778 1325 sum
798 1283 827 1323 ⁷.
852 1300 870 1322 »
896 1283 964 1326 Sic
981 1281 1148 1326 dictum
1168 1291 1230 1326 est
1249 1300 1257 1325 :
1279 1283 1453 1326 «Nemo

62 1371 82 1394 »
119 1353 276 1407 bonus,
307 1353 388 1396 nisi
420 1368 533 1396 unus
568 1354 681 1395 Deus
708 1371 715 1395 :
747 1370 765 1392 »
797 1351 1169 1412 quemadmodum
1200 1351 1254 1395 dc
1286 1354 1454 1395 Joanne

61 1423 229 1468 dictum
263 1432 326 1468 est
352 1442 360 1467 :
391 1442 411 1465 «
443 1423 541 1467 Non
576 1431 666 1466 erat
700 1420 772 1465 ille
801 1421 950 1465 lumen
975 1424 1021 1479 33
1059 1440 1079 1463 »
1110 1437 1209 1466 cum
1243 1421 1455 1466 Dominus

62 1510 160 1539 eum
184 1510 273 1539 esse
292 1494 406 1539 dicat
426 1494 647 1537 lucernam
662 1496 693 1547 ⁹,
718 1496 829 1537 sicut
852 1492 1102 1552 discipulos,
1125 1492 1286 1553 quibus
1308 1492 1415 1536 dixit
1443 1511 1452 1536 z

66 1585 86 1608 «
110 1567 197 1611 Vos
215 1566 314 1610 estis
331 1565 482 1610 lumen
503 1563 654 1608 mundi
673 1585 682 1621 3
704 1579 833 1608 nemo
855 1564 1052 1608 accendit
1073 1564 1296 1608 lucernam
1318 1572 1359 1607 ct
1378 1579 1456 1622 po—

66 1655 86 1679 »
113 1638 289 1681 niteam
312 1637 394 1681 sub
419 1636 636 1679 modio¹⁰z
658 1653 676 1675 »
702 1634 777 1679 sed
799 1635 844 1678 in
867 1635 1191 1694 comparatione
1213 1634 1389 1678 luminis
1410 1632 1456 1676 il-

66 1707 166 1763 lius,
191 1706 312 1768 quod
334 1716 396 1751 est
419 1721 568 1751 verum
586 1704 751 1760 lumen,
775 1704 1027 1749 illuminans
1042 1721 1216 1750 ornnem
1234 1704 1458 1749 hominem

67 1779 314 1824 venientem
333 1779 378 1822 in
394 1779 512 1822 hunc
537 1778 770 1831 mundum,
800 1792 888 1821 non
917 1786 1009 1821 erat
1031 1777 1104 1821 ille
1129 1777 1337 1821 lumenss.
1361 1776 1458 1820 Sive

65 1850 168 1910 quia
190 1850 271 1909 ipsi
293 1849 424 1894 etiam
447 1849 522 1893 Dei
545 1847 622 1891 filii
645 1848 882 1906 comparati
905 1847 988 1890 sibi
1010 1847 1111 1905 ipsis
1133 1847 1284 1906 quales
1311 1847 1357 1889 in
1385 1845 1459 1888 illa

67 1920 336 1980 perfectione
368 1929 529 1964 aeterna
560 1918 697 1962 futuri
729 1927 846 1972 sunt,
880 1918 936 1961 ita
967 1917 1072 1961 boni
1100 1927 1217 1972 sunt,
1243 1926 1290 1960 ut
1314 1916 1458 1960 adhuc

69 2001 112 2036 ct
135 1992 235 2035 mali
257 1992 357 2036 sint.
380 1991 508 2044 Quod
527 1990 580 2034 dc
599 1989 682 2034 iltis
699 1989 842 2034 dicere
861 2004 949 2033 non
967 1989 1190 2043 auderem,
1211 1988 1324 2048 (quis
1343 1987 1459 2031 enim

71 2061 228 2107 audeat
256 2060 399 2106 dicere
430 2060 566 2104 matos
589 2074 678 2104 csse
700 2095 709 2114 ‚
743 2074 930 2119 quorum
955 2068 1077 2118 pater
1099 2069 1162 2103 est
1184 2061 1316 2115 Deus)
1344 2077 1353 2103 ;
1380 2058 1461 2101 nisi

70 2133 161 2192 ipse
183 2131 393 2176 Dominus
416 2130 602 2175 diceret:
625 2149 645 2171 «
674 2130 717 2175 Si
740 2144 841 2188 crgo
865 2145 939 2174 vos
962 2145 1062 2173 cuni
1086 2129 1174 2174 sitis
1191 2128 1310 2183 mali⁷
1328 2127 1460 2172 nostis

75 2222 94 2244 »
122 2203 237 2247 bona
261 2202 360 2246 data
380 2201 483 2245 dare
498 2201 596 2244 filiis
615 2202 763 2245 vestris
783 2221 793 2258 3
813 2209 979 2259 quanto
998 2200 1131 2257 magis
1150 2203 1277 2243 Pater
1299 2207 1458 2252 vester,

74 2290 96 2315 »
121 2274 198 2333 qui
217 2273 263 2317 in
284 2271 406 2317 coelis
429 2281 508 2326 est,
533 2271 654 2316 dabit
676 2271 790 2315 bona
812 2270 1060 2330 petentibus
1077 2286 1120 2314 se
1145 2272 1205 2312 ¹²?
1223 2288 1242 2310 η
1268 2272 1380 2315 Cum
1403 2270 1463 2312 ait

73 2344 226 2404 utique
242 2378 253 2399 ,
277 2347 404 2388 Pater
424 2351 591 2400 vester3
617 2342 726 2387 filios
748 2342 823 2386 Dei
840 2343 931 2401 jam
953 2357 1043 2386 esse
1060 2342 1331 2397 monstravit,
1354 2356 1464 2401 quos

124 2470 134 2485 ¹
154 2465 232 2495 Luc.
252 2474 340 2504 xvni,
362 2474 413 2505 ¹9·
430 2479 469 2485 -
486 2469 498 2484 ²
519 2462 630 2494 Matth.
653 2473 708 2500 xii,
729 2462 834 2494 35..-
851 2459 863 2483 3
880 2461 927 2493 td.
949 2472 982 2501 v,
1005 2461 1057 2502 45.
1076 2479 1111 2484 ·—
1129 2460 1144 2486 4
1163 2461 1260 2494 Eccli.
1279 2472 1389 2502 xxxix,
1410 2462 1460 2492 30.

76 2517 311 2559 —SProv.11,
334 2527 388 2551 21.
406 2535 447 2540 -—
468 2516 483 2540 Γ)
501 2519 605 2551 Marc.
627 2528 667 2559 x,
690 2518 740 2550 18.
762 2534 802 2540 —
825 2524 837 2549 7
858 2517 957 2548 Exod.
978 2528 1027 2555 nr,
1053 2517 1103 2558 14.
1125 2534 1164 2540 —-
1186 2515 1200 2539 8
1218 2519 1310 2550 Joan.
1333 2527 1356 2558 1,
1377 2516 1407 2549 8.
1425 2531 1463 2538 -ν

77 2581 94 2607 9
116 2576 208 2608 Joan.
229 2585 261 2616 v,
293 2574 345 2607 35.
362 2591 402 2598 —
422 2580 452 2597 ¹⁰
471 2574 591 2607 Matth.
614 2585 648 2616 v,
681 2573 730 2616 14.
748 2590 785 2597 --
812 2579 838 2596 ¹¹
858 2574 950 2606 Joan.
971 2584 996 2615 ι,
1018 2584 1050 2615 9.
1069 2587 1106 2596 ·-
1128 2579 1157 2595 ¹²
1184 2573 1304 2606 Matth.
1325 2580 1384 2613 v11,
1411 2583 1459 2604 11.
