1784 3205
335 240 416 276 2302
758 251 790 275 s.
828 250 849 274 A
859 249 1057 275 ruiis'rrm
1091 249 1270 275 EPlsCOP1

326 313 641 371 indulgentiam
659 313 880 372 pervenire
895 311 1167 370 originalium
1186 320 1460 370 peccatorum
1479 321 1579 356 :aut
1596 326 1705 371 quos

321 384 530 428 Dominus
565 382 887 442 praedestinavit
919 381 976 426 ad
1007 381 1294 440 baptismum,
1337 381 1706 440 praedestinationi

321 455 413 514 ejus
435 453 542 513 eripi
563 468 701 512 posse,
721 462 764 497 et
784 461 883 496 ante
900 450 1098 511 defungi,
1124 467 1257 512 quam
1277 452 1323 495 in
1339 453 1398 496 eis
1417 451 1537 511 quod
1550 451 1706 496 Omni-

320 533 473 583 potens
496 523 814 584 praedestinavit
840 521 1010 582 impleri
1037 541 1045 568 ι
1072 531 1146 567 aut
1167 522 1222 568 de
1243 523 1309 567 his
1333 521 1409 583 qui
1430 523 1550 582 prius
1573 536 1705 582 quam

319 594 594 654 baptizentur
611 593 992 655 expirant,dictum
1003 608 1092 638 esse
1105 593 1225 654 quod
1242 593 1452 652 scriptum
1469 602 1546 637 est.
1557 611 1574 633 «
1593 595 1704 650 Rap-

323 681 343 704 »
367 673 435 709 tus
457 674 521 709 est
537 680 592 710 ne
614 665 776 710 malitia
798 673 988 710 mutaret
1010 663 1126 708 illius
1147 662 1441 708 intellectum¹
1462 683 1474 720 3
1513 681 1533 705 »
1574 671 1705 722 atque

320 733 375 777 ad
395 734 515 779 hunc
543 750 717 780 sensum
734 744 890 780 caetera
908 734 1169 794 pertinentia
1190 750 1199 776 :
1222 752 1243 776 «
1274 743 1349 778 aut
1370 748 1519 778 earum
1541 733 1706 792 aliquas

311 806 556 850 mansiones
584 815 703 851 extra
735 821 919 864 regnum
948 806 1024 850 Dei
1053 820 1160 860 esse,
1186 819 1294 864 quas
1320 804 1478 849 multas
1500 804 1547 847 in
1572 802 1704 848 domo

312 876 448 919 Patris
470 876 536 919 sui
557 876 766 921 Dominus
789 875 896 920 dixit
919 891 1009 920 esse
1036 895 1046 921 ·.
1071 885 1147 919 aut
1168 875 1426 919 sacrificium
1446 873 1638 933 corporis
1660 881 1705 918 et

315 946 531 1002 sanguinis
562 947 722 992 Christi
750 962 827 1005 pro
858 947 923 990 his
958 947 1035 1005 qui
1069 961 1159 990 non
1187 945 1394 1004 baptizati
1431 943 1486 988 de
1523 957 1704 1002 corpore

316 1014 495 1059 exierint
517 1016 792 1060 offerendum
818 1035 826 1061 ;
855 1025 930 1060 aut
953 1015 1120 1076 aliquos
1153 1030 1306 1060 eorum
1334 1015 1411 1074 qui
1431 1016 1522 1059 sine
1544 1013 1705 1060 Christi

308 1083 567 1141 baptismate
584 1087 845 1141 moriuntur,
865 1087 910 1129 in
927 1085 1176 1145 paradisum
1190 1085 1363 1130 interim
1375 1085 1578 1143 recipi‚ac
1589 1092 1705 1144 post-

308 1153 491 1197 modum
514 1165 556 1198 et
579 1157 700 1214 regni
721 1156 935 1200 coelorum
958 1155 1276 1200 beatitudinem
1295 1156 1518 1215 consequi.
1551 1173 1571 1196 »
1599 1156 1703 1199 Haec

307 1225 527 1284 praecipue
542 1241 659 1281 cave,
672 1227 751 1281 fili,
777 1242 856 1271 nec
875 1227 1173 1284 cognominari
1192 1227 1446 1271 Vincentius
1461 1225 1702 1279 delecteris,

310 1293 345 1336 si
356 1294 419 1338 vis
437 1310 526 1340 esse
545 1297 682 1340 victor
701 1297 869 1340 erroris.
882 1299 970 1342 Nec
996 1305 1035 1340 te
1054 1296 1231 1356 quando
1249 1296 1414 1355 aliquid
1431 1297 1584 1349 nescis,
1603 1294 1705 1339 exis-

312 1362 439 1407 times
457 1368 564 1410 scire
580 1388 590 1425 3
611 1366 687 1411 sed
705 1377 754 1412 ut
770 1368 890 1423 scias,
909 1368 1023 1412 disce
1044 1367 1224 1421 nescire,
1245 1381 1388 1425 neque
1410 1366 1526 1410 enim
1540 1363 1707 1422 aliquid

318 1434 364 1477 in
381 1434 562 1479 occultis
582 1437 658 1480 Dei
681 1438 883 1495 operibus
906 1437 1166 1495 ignorando,
1192 1437 1268 1481 sed
1296 1446 1456 1479 temere
1487 1433 1710 1492 incognita

318 1519 395 1562 pro
430 1506 611 1562 cognitis
645 1506 896 1561 astruendo,
935 1515 978 1550 et
1007 1506 1114 1550 falsa
1140 1521 1218 1564 pro
1239 1506 1349 1550 veris
1371 1503 1635 1564 proterendo
1663 1519 1712 1548 ae

320 1572 623 1630 defendendo,
663 1585 881 1634 peccatur„
907 1576 1203 1634 Ignorantiam
1233 1591 1336 1621 vero
1370 1590 1526 1630 meam,
1563 1583 1712 1619 utrum

322 1645 476 1689 animae
491 1647 721 1690 hominum
734 1663 858 1692 novae
867 1648 990 1701 fiant,
1004 1662 1059 1691 an
1072 1647 1126 1690 de
1146 1646 1412 1705 parentibus,
1423 1648 1548 1705 (quas
1566 1654 1713 1690 tamen

323 1725 548 1761 acreatore
563 1720 651 1762 Deo
663 1733 752 1762 non
766 1717 820 1761 de
836 1718 967 1777 ipsius
985 1717 1225 1761 substantia
1238 1717 1331 1761 fieri
1343 1716 1543 1760 dubitare
1551 1715 1715 1761 fasnon

321 1788 505 1843 est,)aut
519 1803 609 1832 non
629 1787 791 1832 debere
809 1788 1086 1847 reprehendi,
1114 1797 1189 1832 aut
1211 1788 1266 1831 ab
1287 1803 1339 1832 eo
1371 1786 1546 1843 debere,
1579 1802 1603 1831 a
1624 1800 1713 1846 quo

320 1866 458 1913 potest
483 1857 669 1902 docente
693 1867 735 1901 et
758 1858 935 1912 auferri,
962 1867 1005 1902 et
1042 1858 1204 1902 habere
1232 1859 1277 1902 in
1298 1873 1342 1902 se
1365 1858 1528 1902 animas
1550 1870 1710 1915 corpo-

328 1942 422 1971 rum
453 1927 756 1973 similitudines
780 1929 1080 1988 incorporea53
1104 1929 1216 1988 ipsas
1237 1937 1385 1973 autem
1406 1943 1496 1972 non
1513 1941 1602 1972 esse
1623 1941 1715 1971 cor-

327 2011 431 2054 pora
459 2016 468 2042 2
489 2007 531 2042 ct
552 1997 668 2042 salva
690 1998 968 2043 distinctione
987 1998 1142 2043 animae
1172 2007 1215 2042 et
1246 1998 1456 2058 spiritus,¹
1473 1998 1603 2042 etiam
1624 1997 1715 2041 uni·

329 2067 548 2111 versaliter
581 2069 769 2112 animam
804 2070 1004 2127 spiritum
1031 2070 1305 2128 nuncupari,
1341 2078 1448 2128 puto
1473 2067 1594 2128 quod
1622 2081 1715 2126 per-

327 2139 533 2181 suaserim
578 2139 777 2182 charitati
811 2147 914 2182 tuae.
954 2139 997 2183 Si
1030 2148 1177 2182 autem
1212 2137 1471 2196 persuadere
1511 2153 1601 2182 non
1631 2151 1713 2196 po-

328 2208 407 2261 tui,
436 2217 584 2252 utrum
609 2218 753 2253 tamen
779 2225 828 2253 ea
855 2208 1033 2252 dixerim
1057 2224 1156 2268 quae
1183 2208 1440 2268 persuadere
1462 2207 1711 2262 debuerint,

327 2279 402 2336 qni
419 2278 567 2336 legent
590 2280 732 2339 potius
751 2279 1027 2339 judicabunt.

385 2349 592 2392 XXXIX.
631 2350 672 2393 Si
694 2365 780 2409 qua
807 2365 908 2394 sane
930 2349 1034 2403 alia,
1065 2364 1164 2408 quae
1194 2347 1378 2407 plurima
1405 2349 1452 2392 in
1486 2344 1569 2392 tuis
1593 2346 1714 2391 libris

324 2416 596 2462 emendanda
612 2418 717 2462 mihi
741 2418 961 2474 videntur,
986 2419 1092 2463 seire
1116 2416 1294 2462 fortasse
1312 2417 1546 2473 desideras,
1567 2417 1714 2463 venire

326 2484 402 2528 tibi
427 2501 515 2530 non
537 2487 591 2531 sit
617 2504 867 2546 onerosum,
893 2505 983 2534 non
1005 2498 1215 2549 tanquam
1236 2487 1451 2548 discipulo
1473 2487 1529 2533 ad
1554 2487 1713 2546 magis-

373 2574 381 2590 ¹
403 2571 476 2610 Sap.
499 2580 541 2610 iv,
566 2581 615 2602 ιι.
