<?xml version="1.0" encoding="UTF-8"?>
<!DOCTYPE html PUBLIC "-//W3C//DTD XHTML 1.0 Transitional//EN"
    "http://www.w3.org/TR/xhtml1/DTD/xhtml1-transitional.dtd">
<html xmlns="http://www.w3.org/1999/xhtml" xml:lang="en" lang="en">
 <head>
  <title>
</title>
<meta http-equiv="Content-Type" content="text/html;charset=utf-8" />
  <meta name='ocr-system' content='tesseract 3.04.00' />
  <meta name='ocr-capabilities' content='ocr_page ocr_carea ocr_par ocr_line ocrx_word'/>
</head>
<body>
  <div class='ocr_page' id='page_1' title='image "./operaomniaaccura34auguuoft/operaomniaaccura34auguuoft_0439.png"; bbox 0 0 1804 3205; ppageno 0'>
   <div class='ocr_carea' id='block_1_1' title="bbox 324 210 1484 250">
    <p class='ocr_par' dir='ltr' id='par_1_1' title="bbox 324 210 1484 250">
     <span class='ocr_line' id='line_1_1' title="bbox 324 210 1484 250; baseline 0.005 -7"><span class='ocrx_word' id='word_1_1' title='bbox 324 212 487 244; x_wconf 69' lang='lat' dir='ltr'><strong>CONTRA</strong></span> <span class='ocrx_word' id='word_1_2' title='bbox 521 217 626 245; x_wconf 71' lang='lat' dir='ltr'>DuAs</span> <span class='ocrx_word' id='word_1_3' title='bbox 659 218 787 246; x_wconf 77' lang='lat' dir='ltr'>EPIST.</span> <span class='ocrx_word' id='word_1_4' title='bbox 824 216 1052 247; x_wconf 71' lang='lat' dir='ltr'>PELAOEAN.</span> <span class='ocrx_word' id='word_1_5' title='bbox 1092 221 1174 247; x_wconf 83' lang='lat' dir='ltr'>LIB·</span> <span class='ocrx_word' id='word_1_6' title='bbox 1213 222 1244 246; x_wconf 82' lang='lat'>1.</span> <span class='ocrx_word' id='word_1_7' title='bbox 1401 210 1484 250; x_wconf 68' lang='lat'>420</span> 
     </span>
    </p>
   </div>
   <div class='ocr_carea' id='block_1_2' title="bbox 85 279 1488 2540">
    <p class='ocr_par' dir='ltr' id='par_1_2' title="bbox 85 279 1488 1120">
     <span class='ocr_line' id='line_1_2' title="bbox 94 279 1487 344; baseline 0.005 -20"><span class='ocrx_word' id='word_1_8' title='bbox 94 289 157 324; x_wconf 87' lang='lat' dir='ltr'>est</span> <span class='ocrx_word' id='word_1_9' title='bbox 174 279 229 324; x_wconf 90' lang='lat' dir='ltr'>de</span> <span class='ocrx_word' id='word_1_10' title='bbox 242 283 356 338; x_wconf 83' lang='lat' dir='ltr'>Agar</span> <span class='ocrx_word' id='word_1_11' title='bbox 379 280 533 325; x_wconf 84' lang='lat' dir='ltr'>aneilla</span> <span class='ocrx_word' id='word_1_12' title='bbox 557 284 689 335; x_wconf 76' lang='lat' dir='ltr'>Sarae,</span> <span class='ocrx_word' id='word_1_13' title='bbox 711 282 831 342; x_wconf 79' lang='lat' dir='ltr'>quod</span> <span class='ocrx_word' id='word_1_14' title='bbox 854 284 1024 344; x_wconf 87' lang='lat' dir='ltr'>aperuit</span> <span class='ocrx_word' id='word_1_15' title='bbox 1047 285 1195 329; x_wconf 87' lang='lat' dir='ltr'>oculos</span> <span class='ocrx_word' id='word_1_16' title='bbox 1214 300 1329 337; x_wconf 78' lang='lat' dir='ltr'>su08,</span> <span class='ocrx_word' id='word_1_17' title='bbox 1357 295 1400 330; x_wconf 87' lang='lat' dir='ltr'>et</span> <span class='ocrx_word' id='word_1_18' title='bbox 1420 288 1487 331; x_wconf 86' lang='lat' dir='ltr'>vi-</span> 
     </span>
     <span class='ocr_line' id='line_1_3' title="bbox 92 350 1487 416; baseline 0.006 -22"><span class='ocrx_word' id='word_1_19' title='bbox 92 350 158 396; x_wconf 87' lang='lat' dir='ltr'>dit</span> <span class='ocrx_word' id='word_1_20' title='bbox 185 360 390 410; x_wconf 85' lang='lat' dir='ltr'>puteum,</span> <span class='ocrx_word' id='word_1_21' title='bbox 422 367 532 411; x_wconf 85' lang='lat' dir='ltr'>quos</span> <span class='ocrx_word' id='word_1_22' title='bbox 559 353 726 398; x_wconf 89' lang='lat' dir='ltr'>clausos</span> <span class='ocrx_word' id='word_1_23' title='bbox 756 356 911 414; x_wconf 79' lang='lat' dir='ltr'>utique</span> <span class='ocrx_word' id='word_1_24' title='bbox 939 370 1026 400; x_wconf 88' lang='lat' dir='ltr'>non</span> <span class='ocrx_word' id='word_1_25' title='bbox 1050 355 1281 400; x_wconf 84' lang='lat' dir='ltr'>habebat&#39;.</span> <span class='ocrx_word' id='word_1_26' title='bbox 1311 358 1363 400; x_wconf 87' lang='lat' dir='ltr'>Ut</span> <span class='ocrx_word' id='word_1_27' title='bbox 1384 372 1487 416; x_wconf 83' lang='lat' dir='ltr'>ergo</span> 
     </span>
     <span class='ocr_line' id='line_1_4' title="bbox 91 422 1488 486; baseline 0.004 -20"><span class='ocrx_word' id='word_1_28' title='bbox 91 422 300 467; x_wconf 85' lang='lat' dir='ltr'>nuditatis</span> <span class='ocrx_word' id='word_1_29' title='bbox 327 438 431 477; x_wconf 79' lang='lat' dir='ltr'>suae,</span> <span class='ocrx_word' id='word_1_30' title='bbox 470 439 602 483; x_wconf 83' lang='lat' dir='ltr'>quam</span> <span class='ocrx_word' id='word_1_31' title='bbox 628 426 825 484; x_wconf 73' lang='lat' dir='ltr'>quotidie</span> <span class='ocrx_word' id='word_1_32' title='bbox 855 426 1052 486; x_wconf 79' lang='lat' dir='ltr'>profecto</span> <span class='ocrx_word' id='word_1_33' title='bbox 1075 426 1378 482; x_wconf 70' lang='lat' dir='ltr'>intuebantur,</span> <span class='ocrx_word' id='word_1_34' title='bbox 1410 444 1488 472; x_wconf 87' lang='lat' dir='ltr'>nec</span> 
     </span>
     <span class='ocr_line' id='line_1_5' title="bbox 90 493 1487 556; baseline 0.004 -18"><span class='ocrx_word' id='word_1_35' title='bbox 90 493 498 548; x_wconf 80' lang='lat' dir='ltr'>confundebantur,</span> <span class='ocrx_word' id='word_1_36' title='bbox 521 511 592 541; x_wconf 86' lang='lat' dir='ltr'>eos</span> <span class='ocrx_word' id='word_1_37' title='bbox 614 498 763 542; x_wconf 88' lang='lat' dir='ltr'>subito</span> <span class='ocrx_word' id='word_1_38' title='bbox 785 499 844 543; x_wconf 88' lang='lat' dir='ltr'>sic</span> <span class='ocrx_word' id='word_1_39' title='bbox 868 498 1074 556; x_wconf 81' lang='lat' dir='ltr'>puderet,</span> <span class='ocrx_word' id='word_1_40' title='bbox 1114 507 1163 542; x_wconf 92' lang='lat' dir='ltr'>ut</span> <span class='ocrx_word' id='word_1_41' title='bbox 1191 498 1387 543; x_wconf 88' lang='lat' dir='ltr'>membra</span> <span class='ocrx_word' id='word_1_42' title='bbox 1417 498 1487 543; x_wconf 82' lang='lat' dir='ltr'>illa</span> 
     </span>
     <span class='ocr_line' id='line_1_6' title="bbox 85 565 1485 628; baseline 0.004 -20"><span class='ocrx_word' id='word_1_43' title='bbox 85 565 173 624; x_wconf 88' lang='lat' dir='ltr'>jam</span> <span class='ocrx_word' id='word_1_44' title='bbox 198 565 316 609; x_wconf 85' lang='lat' dir='ltr'>nuda</span> <span class='ocrx_word' id='word_1_45' title='bbox 340 565 452 610; x_wconf 84' lang='lat' dir='ltr'>ferre</span> <span class='ocrx_word' id='word_1_46' title='bbox 477 582 568 610; x_wconf 91' lang='lat' dir='ltr'>non</span> <span class='ocrx_word' id='word_1_47' title='bbox 590 578 780 626; x_wconf 77' lang='lat' dir='ltr'>possent,</span> <span class='ocrx_word' id='word_1_48' title='bbox 804 568 877 612; x_wconf 90' lang='lat' dir='ltr'>sed</span> <span class='ocrx_word' id='word_1_49' title='bbox 896 570 1039 614; x_wconf 88' lang='lat' dir='ltr'>statim</span> <span class='ocrx_word' id='word_1_50' title='bbox 1059 569 1228 628; x_wconf 89' lang='lat' dir='ltr'>operire</span> <span class='ocrx_word' id='word_1_51' title='bbox 1253 580 1485 626; x_wconf 79' lang='lat' dir='ltr'>curarent3</span> 
     </span>
     <span class='ocr_line' id='line_1_7' title="bbox 89 636 1486 697; baseline 0.004 -18"><span class='ocrx_word' id='word_1_52' title='bbox 89 651 236 680; x_wconf 89' lang='lat' dir='ltr'>nonne</span> <span class='ocrx_word' id='word_1_53' title='bbox 257 645 299 680; x_wconf 90' lang='lat' dir='ltr'>et</span> <span class='ocrx_word' id='word_1_54' title='bbox 314 636 387 680; x_wconf 85' lang='lat' dir='ltr'>ille</span> <span class='ocrx_word' id='word_1_55' title='bbox 408 638 449 680; x_wconf 91' lang='lat' dir='ltr'>in</span> <span class='ocrx_word' id='word_1_56' title='bbox 474 647 595 683; x_wconf 89' lang='lat' dir='ltr'>motu</span> <span class='ocrx_word' id='word_1_57' title='bbox 612 649 778 697; x_wconf 87' lang='lat' dir='ltr'>aperto,</span> <span class='ocrx_word' id='word_1_58' title='bbox 804 650 846 684; x_wconf 90' lang='lat' dir='ltr'>et</span> <span class='ocrx_word' id='word_1_59' title='bbox 866 640 939 685; x_wconf 88' lang='lat' dir='ltr'>illa</span> <span class='ocrx_word' id='word_1_60' title='bbox 958 641 1000 684; x_wconf 94' lang='lat' dir='ltr'>in</span> <span class='ocrx_word' id='word_1_61' title='bbox 1020 640 1210 694; x_wconf 85' lang='lat' dir='ltr'>occulto,</span> <span class='ocrx_word' id='word_1_62' title='bbox 1230 649 1381 685; x_wconf 87' lang='lat' dir='ltr'>contra</span> <span class='ocrx_word' id='word_1_63' title='bbox 1396 656 1486 685; x_wconf 84' lang='lat' dir='ltr'>suae</span> 
     </span>
     <span class='ocr_line' id='line_1_8' title="bbox 90 705 1483 765; baseline 0.004 -16"><span class='ocrx_word' id='word_1_64' title='bbox 90 705 327 750; x_wconf 85' lang='lat' dir='ltr'>voluntatis</span> <span class='ocrx_word' id='word_1_65' title='bbox 351 707 577 752; x_wconf 83' lang='lat' dir='ltr'>arbitrium</span> <span class='ocrx_word' id='word_1_66' title='bbox 611 709 903 754; x_wconf 85' lang='lat' dir='ltr'>inobedientia</span> <span class='ocrx_word' id='word_1_67' title='bbox 927 710 1000 755; x_wconf 71' lang='lat' dir='ltr'>illa</span> <span class='ocrx_word' id='word_1_68' title='bbox 1023 710 1216 754; x_wconf 85' lang='lat' dir='ltr'>membra</span> <span class='ocrx_word' id='word_1_69' title='bbox 1233 720 1483 765; x_wconf 85' lang='lat' dir='ltr'>senserunt,</span> 
     </span>
     <span class='ocr_line' id='line_1_9' title="bbox 89 777 1485 837; baseline 0.005 -18"><span class='ocrx_word' id='word_1_70' title='bbox 89 777 251 836; x_wconf 81' lang='lat' dir='ltr'>quibus</span> <span class='ocrx_word' id='word_1_71' title='bbox 269 777 422 837; x_wconf 79' lang='lat' dir='ltr'>utique</span> <span class='ocrx_word' id='word_1_72' title='bbox 446 789 558 823; x_wconf 87' lang='lat' dir='ltr'>nutu</span> <span class='ocrx_word' id='word_1_73' title='bbox 574 779 822 825; x_wconf 86' lang='lat' dir='ltr'>voluntario</span> <span class='ocrx_word' id='word_1_74' title='bbox 842 781 953 825; x_wconf 82' lang='lat' dir='ltr'>sicut</span> <span class='ocrx_word' id='word_1_75' title='bbox 975 781 1140 826; x_wconf 87' lang='lat' dir='ltr'>caeteris</span> <span class='ocrx_word' id='word_1_76' title='bbox 1169 781 1384 825; x_wconf 87' lang='lat' dir='ltr'>dominari</span> <span class='ocrx_word' id='word_1_77' title='bbox 1406 782 1485 826; x_wconf 85' lang='lat' dir='ltr'>de-</span> 
     </span>
     <span class='ocr_line' id='line_1_10' title="bbox 89 846 1487 911; baseline 0.004 -21"><span class='ocrx_word' id='word_1_78' title='bbox 89 846 316 892; x_wconf 75' lang='lat' dir='ltr'>buerunt?</span> <span class='ocrx_word' id='word_1_79' title='bbox 333 848 462 900; x_wconf 90' lang='lat' dir='ltr'>Quod</span> <span class='ocrx_word' id='word_1_80' title='bbox 480 850 635 894; x_wconf 87' lang='lat' dir='ltr'>merito</span> <span class='ocrx_word' id='word_1_81' title='bbox 658 851 767 909; x_wconf 88' lang='lat' dir='ltr'>passi</span> <span class='ocrx_word' id='word_1_82' title='bbox 788 861 891 895; x_wconf 90' lang='lat' dir='ltr'>sunt</span> <span class='ocrx_word' id='word_1_83' title='bbox 908 852 1007 911; x_wconf 88' lang='lat' dir='ltr'>quia</span> <span class='ocrx_word' id='word_1_84' title='bbox 1035 861 1078 896; x_wconf 89' lang='lat' dir='ltr'>et</span> <span class='ocrx_word' id='word_1_85' title='bbox 1115 852 1193 911; x_wconf 89' lang='lat' dir='ltr'>ipsi</span> <span class='ocrx_word' id='word_1_86' title='bbox 1232 852 1487 896; x_wconf 81' lang='lat' dir='ltr'>obedientes</span> 
     </span>
     <span class='ocr_line' id='line_1_11' title="bbox 88 918 1487 980; baseline 0.002 -19"><span class='ocrx_word' id='word_1_87' title='bbox 88 933 166 962; x_wconf 88' lang='lat' dir='ltr'>suo</span> <span class='ocrx_word' id='word_1_88' title='bbox 185 918 372 963; x_wconf 87' lang='lat' dir='ltr'>Domino</span> <span class='ocrx_word' id='word_1_89' title='bbox 392 935 478 963; x_wconf 86' lang='lat' dir='ltr'>non</span> <span class='ocrx_word' id='word_1_90' title='bbox 498 919 704 965; x_wconf 84' lang='lat' dir='ltr'>fuerunt:</span> <span class='ocrx_word' id='word_1_91' title='bbox 726 922 1010 966; x_wconf 84' lang='lat' dir='ltr'>Erubuerunt</span> <span class='ocrx_word' id='word_1_92' title='bbox 1027 937 1146 980; x_wconf 84' lang='lat' dir='ltr'>ergo,</span> <span class='ocrx_word' id='word_1_93' title='bbox 1167 922 1226 965; x_wconf 88' lang='lat' dir='ltr'>ita</span> <span class='ocrx_word' id='word_1_94' title='bbox 1243 937 1288 966; x_wconf 88' lang='lat' dir='ltr'>se</span> <span class='ocrx_word' id='word_1_95' title='bbox 1301 922 1487 966; x_wconf 82' lang='lat' dir='ltr'>creatori</span> 
     </span>
     <span class='ocr_line' id='line_1_12' title="bbox 87 990 1486 1051; baseline 0.002 -19"><span class='ocrx_word' id='word_1_96' title='bbox 87 1003 166 1033; x_wconf 89' lang='lat' dir='ltr'>suo</span> <span class='ocrx_word' id='word_1_97' title='bbox 185 1004 274 1034; x_wconf 89' lang='lat' dir='ltr'>non</span> <span class='ocrx_word' id='word_1_98' title='bbox 297 990 542 1036; x_wconf 84' lang='lat' dir='ltr'>exhibuisse</span> <span class='ocrx_word' id='word_1_99' title='bbox 564 993 804 1047; x_wconf 86' lang='lat' dir='ltr'>servitium,</span> <span class='ocrx_word' id='word_1_100' title='bbox 832 1002 880 1036; x_wconf 90' lang='lat' dir='ltr'>ut</span> <span class='ocrx_word' id='word_1_101' title='bbox 906 993 952 1036; x_wconf 89' lang='lat' dir='ltr'>in</span> <span class='ocrx_word' id='word_1_102' title='bbox 973 993 1032 1036; x_wconf 89' lang='lat' dir='ltr'>eis</span> <span class='ocrx_word' id='word_1_103' title='bbox 1044 996 1060 1017; x_wconf 68' lang='lat'>&#39;³</span> <span class='ocrx_word' id='word_1_104' title='bbox 1084 992 1290 1036; x_wconf 88' lang='lat' dir='ltr'>membris</span> <span class='ocrx_word' id='word_1_105' title='bbox 1310 1008 1363 1035; x_wconf 85' lang='lat' dir='ltr'>ex</span> <span class='ocrx_word' id='word_1_106' title='bbox 1385 992 1486 1051; x_wconf 85' lang='lat' dir='ltr'>qui-</span> 
     </span>
     <span class='ocr_line' id='line_1_13' title="bbox 88 1059 1481 1120; baseline 0.001 -17"><span class='ocrx_word' id='word_1_107' title='bbox 88 1059 316 1104; x_wconf 84' lang='lat' dir='ltr'>busessent</span> <span class='ocrx_word' id='word_1_108' title='bbox 331 1061 405 1105; x_wconf 84' lang='lat' dir='ltr'>filii</span> <span class='ocrx_word' id='word_1_109' title='bbox 415 1063 688 1120; x_wconf 83' lang='lat' dir='ltr'>procreandi,</span> <span class='ocrx_word' id='word_1_110' title='bbox 702 1072 973 1106; x_wconf 84' lang='lat' dir='ltr'>mererentur</span> <span class='ocrx_word' id='word_1_111' title='bbox 983 1063 1180 1106; x_wconf 87' lang='lat' dir='ltr'>amittere</span> <span class='ocrx_word' id='word_1_112' title='bbox 1190 1061 1481 1107; x_wconf 89' lang='lat' dir='ltr'>dominatum.</span> 
     </span>
    </p>

    <p class='ocr_par' dir='ltr' id='par_1_3' title="bbox 87 1132 1485 2326">
     <span class='ocr_line' id='line_1_14' title="bbox 147 1132 1485 1191; baseline 0.002 -17"><span class='ocrx_word' id='word_1_113' title='bbox 147 1132 356 1174; x_wconf 83' lang='lat' dir='ltr'>XXXIII.</span> <span class='ocrx_word' id='word_1_114' title='bbox 396 1133 488 1176; x_wconf 88' lang='lat' dir='ltr'>Hoc</span> <span class='ocrx_word' id='word_1_115' title='bbox 520 1133 697 1191; x_wconf 86' lang='lat' dir='ltr'>pudoris</span> <span class='ocrx_word' id='word_1_116' title='bbox 725 1148 885 1190; x_wconf 85' lang='lat' dir='ltr'>genus,</span> <span class='ocrx_word' id='word_1_117' title='bbox 912 1133 1004 1176; x_wconf 84' lang='lat' dir='ltr'>haec</span> <span class='ocrx_word' id='word_1_118' title='bbox 1028 1132 1312 1176; x_wconf 88' lang='lat' dir='ltr'>erubescendi</span> <span class='ocrx_word' id='word_1_119' title='bbox 1335 1147 1485 1177; x_wconf 89' lang='lat' dir='ltr'>neces-</span> 
     </span>
     <span class='ocr_line' id='line_1_15' title="bbox 88 1201 1485 1262; baseline 0.001 -17"><span class='ocrx_word' id='word_1_120' title='bbox 88 1201 188 1245; x_wconf 88' lang='lat' dir='ltr'>sitas</span> <span class='ocrx_word' id='word_1_121' title='bbox 217 1211 334 1246; x_wconf 87' lang='lat' dir='ltr'>certe</span> <span class='ocrx_word' id='word_1_122' title='bbox 369 1218 469 1246; x_wconf 90' lang='lat' dir='ltr'>eum</span> <span class='ocrx_word' id='word_1_123' title='bbox 505 1204 625 1246; x_wconf 88' lang='lat' dir='ltr'>omni</span> <span class='ocrx_word' id='word_1_124' title='bbox 659 1203 837 1247; x_wconf 88' lang='lat' dir='ltr'>homine</span> <span class='ocrx_word' id='word_1_125' title='bbox 865 1205 1075 1258; x_wconf 87' lang='lat' dir='ltr'>nascitur,</span> <span class='ocrx_word' id='word_1_126' title='bbox 1101 1213 1143 1247; x_wconf 89' lang='lat' dir='ltr'>et</span> <span class='ocrx_word' id='word_1_127' title='bbox 1172 1203 1272 1262; x_wconf 89' lang='lat' dir='ltr'>ipsis</span> <span class='ocrx_word' id='word_1_128' title='bbox 1291 1204 1485 1262; x_wconf 84' lang='lat' dir='ltr'>quodam</span> 
     </span>
     <span class='ocr_line' id='line_1_16' title="bbox 87 1272 1485 1333; baseline 0.002 -17"><span class='ocrx_word' id='word_1_129' title='bbox 87 1272 220 1317; x_wconf 90' lang='lat' dir='ltr'>modo</span> <span class='ocrx_word' id='word_1_130' title='bbox 237 1283 405 1317; x_wconf 79' lang='lat' dir='ltr'>naturae</span> <span class='ocrx_word' id='word_1_131' title='bbox 421 1273 593 1332; x_wconf 81' lang='lat' dir='ltr'>legibus</span> <span class='ocrx_word' id='word_1_132' title='bbox 613 1275 868 1333; x_wconf 87' lang='lat' dir='ltr'>imperatur,</span> <span class='ocrx_word' id='word_1_133' title='bbox 896 1285 944 1319; x_wconf 90' lang='lat' dir='ltr'>ut</span> <span class='ocrx_word' id='word_1_134' title='bbox 962 1275 1006 1319; x_wconf 89' lang='lat' dir='ltr'>in</span> <span class='ocrx_word' id='word_1_135' title='bbox 1030 1276 1109 1319; x_wconf 90' lang='lat' dir='ltr'>hac</span> <span class='ocrx_word' id='word_1_136' title='bbox 1127 1291 1170 1318; x_wconf 91' lang='lat' dir='ltr'>re</span> <span class='ocrx_word' id='word_1_137' title='bbox 1185 1274 1485 1319; x_wconf 86' lang='lat' dir='ltr'>verecunden-</span> 
     </span>
     <span class='ocr_line' id='line_1_17' title="bbox 90 1345 1485 1406; baseline 0.001 -18"><span class='ocrx_word' id='word_1_138' title='bbox 90 1353 161 1388; x_wconf 88' lang='lat' dir='ltr'>tur</span> <span class='ocrx_word' id='word_1_139' title='bbox 181 1345 310 1388; x_wconf 87' lang='lat' dir='ltr'>etiam</span> <span class='ocrx_word' id='word_1_140' title='bbox 340 1345 430 1403; x_wconf 87' lang='lat' dir='ltr'>ipsa</span> <span class='ocrx_word' id='word_1_141' title='bbox 461 1345 619 1404; x_wconf 89' lang='lat' dir='ltr'>pudica</span> <span class='ocrx_word' id='word_1_142' title='bbox 641 1347 839 1406; x_wconf 84' lang='lat' dir='ltr'>conjugia</span> <span class='ocrx_word' id='word_1_143' title='bbox 859 1367 870 1404; x_wconf 78' lang='lat'><em>3</em></span> <span class='ocrx_word' id='word_1_144' title='bbox 892 1362 971 1391; x_wconf 87' lang='lat' dir='ltr'>nee</span> <span class='ocrx_word' id='word_1_145' title='bbox 1001 1348 1231 1406; x_wconf 80' lang='lat' dir='ltr'>quisquam</span> <span class='ocrx_word' id='word_1_146' title='bbox 1262 1355 1350 1390; x_wconf 88' lang='lat' dir='ltr'>tam</span> <span class='ocrx_word' id='word_1_147' title='bbox 1373 1345 1485 1390; x_wconf 87' lang='lat' dir='ltr'>male</span> 
     </span>
     <span class='ocr_line' id='line_1_18' title="bbox 89 1417 1483 1476; baseline 0.001 -17"><span class='ocrx_word' id='word_1_148' title='bbox 89 1417 362 1476; x_wconf 82' lang='lat' dir='ltr'>turpiterque</span> <span class='ocrx_word' id='word_1_149' title='bbox 386 1417 597 1474; x_wconf 86' lang='lat' dir='ltr'>proficiat,</span> <span class='ocrx_word' id='word_1_150' title='bbox 629 1426 679 1461; x_wconf 92' lang='lat' dir='ltr'>ut</span> <span class='ocrx_word' id='word_1_151' title='bbox 702 1419 804 1476; x_wconf 85' lang='lat' dir='ltr'>quia</span> <span class='ocrx_word' id='word_1_152' title='bbox 827 1418 1031 1476; x_wconf 82' lang='lat' dir='ltr'>cognovit</span> <span class='ocrx_word' id='word_1_153' title='bbox 1057 1421 1193 1461; x_wconf 85' lang='lat' dir='ltr'>Deum</span> <span class='ocrx_word' id='word_1_154' title='bbox 1216 1432 1305 1461; x_wconf 85' lang='lat' dir='ltr'>esse</span> <span class='ocrx_word' id='word_1_155' title='bbox 1327 1417 1483 1462; x_wconf 90' lang='lat' dir='ltr'>condi—</span> 
     </span>
     <span class='ocr_line' id='line_1_19' title="bbox 90 1487 1482 1547; baseline 0.001 -17"><span class='ocrx_word' id='word_1_156' title='bbox 90 1494 228 1531; x_wconf 88' lang='lat' dir='ltr'>torem</span> <span class='ocrx_word' id='word_1_157' title='bbox 258 1496 427 1532; x_wconf 85' lang='lat' dir='ltr'>naturae</span> <span class='ocrx_word' id='word_1_158' title='bbox 456 1496 768 1546; x_wconf 85' lang='lat' dir='ltr'>auctoremque</span> <span class='ocrx_word' id='word_1_159' title='bbox 793 1488 1064 1547; x_wconf 86' lang='lat' dir='ltr'>nuptiarum,</span> <span class='ocrx_word' id='word_1_160' title='bbox 1096 1487 1193 1533; x_wconf 89' lang='lat' dir='ltr'>ideo</span> <span class='ocrx_word' id='word_1_161' title='bbox 1218 1490 1348 1532; x_wconf 88' lang='lat' dir='ltr'>etiam</span> <span class='ocrx_word' id='word_1_162' title='bbox 1377 1488 1482 1532; x_wconf 89' lang='lat' dir='ltr'>mis-</span> 
     </span>
     <span class='ocr_line' id='line_1_20' title="bbox 87 1557 1484 1618; baseline 0 -16"><span class='ocrx_word' id='word_1_163' title='bbox 87 1557 253 1602; x_wconf 88' lang='lat' dir='ltr'>cendus</span> <span class='ocrx_word' id='word_1_164' title='bbox 275 1560 416 1613; x_wconf 77' lang='lat' dir='ltr'>uxori,</span> <span class='ocrx_word' id='word_1_165' title='bbox 443 1559 476 1603; x_wconf 90' lang='lat' dir='ltr'>si</span> <span class='ocrx_word' id='word_1_166' title='bbox 501 1559 598 1618; x_wconf 83' lang='lat' dir='ltr'>quis</span> <span class='ocrx_word' id='word_1_167' title='bbox 618 1574 719 1602; x_wconf 88' lang='lat' dir='ltr'>eum</span> <span class='ocrx_word' id='word_1_168' title='bbox 739 1558 898 1613; x_wconf 88' lang='lat' dir='ltr'>videat,</span> <span class='ocrx_word' id='word_1_169' title='bbox 917 1574 1005 1603; x_wconf 92' lang='lat' dir='ltr'>non</span> <span class='ocrx_word' id='word_1_170' title='bbox 1024 1558 1079 1602; x_wconf 87' lang='lat' dir='ltr'>de</span> <span class='ocrx_word' id='word_1_171' title='bbox 1097 1558 1161 1602; x_wconf 90' lang='lat' dir='ltr'>his</span> <span class='ocrx_word' id='word_1_172' title='bbox 1178 1559 1369 1603; x_wconf 89' lang='lat' dir='ltr'>motibus</span> <span class='ocrx_word' id='word_1_173' title='bbox 1384 1573 1484 1602; x_wconf 91' lang='lat' dir='ltr'>eru-</span> 
     </span>
     <span class='ocr_line' id='line_1_21' title="bbox 89 1628 1480 1688; baseline -0.001 -15"><span class='ocrx_word' id='word_1_174' title='bbox 89 1628 252 1684; x_wconf 83' lang='lat' dir='ltr'>bescat,</span> <span class='ocrx_word' id='word_1_175' title='bbox 277 1639 533 1688; x_wconf 79' lang='lat' dir='ltr'>quaeratque</span> <span class='ocrx_word' id='word_1_176' title='bbox 556 1638 788 1684; x_wconf 86' lang='lat' dir='ltr'>secretum,</span> <span class='ocrx_word' id='word_1_177' title='bbox 821 1630 900 1673; x_wconf 89' lang='lat' dir='ltr'>ubi</span> <span class='ocrx_word' id='word_1_178' title='bbox 934 1645 1024 1674; x_wconf 88' lang='lat' dir='ltr'>non</span> <span class='ocrx_word' id='word_1_179' title='bbox 1050 1629 1191 1674; x_wconf 88' lang='lat' dir='ltr'>solum</span> <span class='ocrx_word' id='word_1_180' title='bbox 1222 1629 1480 1683; x_wconf 87' lang='lat' dir='ltr'>alienorum,</span> 
     </span>
     <span class='ocr_line' id='line_1_22' title="bbox 88 1699 1478 1758; baseline -0.001 -15"><span class='ocrx_word' id='word_1_181' title='bbox 88 1713 241 1743; x_wconf 88' lang='lat' dir='ltr'>verum</span> <span class='ocrx_word' id='word_1_182' title='bbox 263 1699 394 1743; x_wconf 89' lang='lat' dir='ltr'>etiam</span> <span class='ocrx_word' id='word_1_183' title='bbox 424 1714 601 1744; x_wconf 88' lang='lat' dir='ltr'>suorum</span> <span class='ocrx_word' id='word_1_184' title='bbox 633 1700 830 1744; x_wconf 89' lang='lat' dir='ltr'>omnium</span> <span class='ocrx_word' id='word_1_185' title='bbox 854 1700 990 1758; x_wconf 91' lang='lat' dir='ltr'>possit</span> <span class='ocrx_word' id='word_1_186' title='bbox 1013 1700 1149 1744; x_wconf 87' lang='lat' dir='ltr'>vitare</span> <span class='ocrx_word' id='word_1_187' title='bbox 1180 1709 1478 1758; x_wconf 88' lang='lat' dir='ltr'>conspectum.</span> 
     </span>
     <span class='ocr_line' id='line_1_23' title="bbox 91 1770 1482 1830; baseline 0 -16"><span class='ocrx_word' id='word_1_188' title='bbox 91 1773 246 1830; x_wconf 83' lang='lat' dir='ltr'>Itaque</span> <span class='ocrx_word' id='word_1_189' title='bbox 273 1786 350 1814; x_wconf 91' lang='lat' dir='ltr'>sua</span> <span class='ocrx_word' id='word_1_190' title='bbox 382 1770 510 1829; x_wconf 90' lang='lat' dir='ltr'>culpa</span> <span class='ocrx_word' id='word_1_191' title='bbox 540 1771 623 1814; x_wconf 86' lang='lat' dir='ltr'>sibi</span> <span class='ocrx_word' id='word_1_192' title='bbox 651 1771 850 1815; x_wconf 88' lang='lat' dir='ltr'>accidens</span> <span class='ocrx_word' id='word_1_193' title='bbox 880 1770 1067 1825; x_wconf 87' lang='lat' dir='ltr'>malum,</span> <span class='ocrx_word' id='word_1_194' title='bbox 1104 1779 1258 1815; x_wconf 88' lang='lat' dir='ltr'>natura</span> <span class='ocrx_word' id='word_1_195' title='bbox 1292 1771 1482 1814; x_wconf 87' lang='lat' dir='ltr'>humana</span> 
     </span>
     <span class='ocr_line' id='line_1_24' title="bbox 90 1841 1481 1901; baseline 0.001 -18"><span class='ocrx_word' id='word_1_196' title='bbox 90 1841 367 1900; x_wconf 86' lang='lat' dir='ltr'>permittatur</span> <span class='ocrx_word' id='word_1_197' title='bbox 394 1856 653 1900; x_wconf 78' lang='lat' dir='ltr'>agnoscere3</span> <span class='ocrx_word' id='word_1_198' title='bbox 686 1857 740 1885; x_wconf 87' lang='lat' dir='ltr'>ne</span> <span class='ocrx_word' id='word_1_199' title='bbox 768 1850 974 1900; x_wconf 86' lang='lat' dir='ltr'>cogatur,</span> <span class='ocrx_word' id='word_1_200' title='bbox 1006 1850 1082 1886; x_wconf 88' lang='lat' dir='ltr'>aut</span> <span class='ocrx_word' id='word_1_201' title='bbox 1097 1841 1219 1901; x_wconf 88' lang='lat' dir='ltr'>quod</span> <span class='ocrx_word' id='word_1_202' title='bbox 1248 1850 1311 1885; x_wconf 90' lang='lat' dir='ltr'>est</span> <span class='ocrx_word' id='word_1_203' title='bbox 1333 1841 1481 1899; x_wconf 90' lang='lat' dir='ltr'>impu-</span> 
     </span>
     <span class='ocr_line' id='line_1_25' title="bbox 89 1911 1481 1970; baseline -0.002 -13"><span class='ocrx_word' id='word_1_204' title='bbox 89 1912 404 1966; x_wconf 87' lang='lat' dir='ltr'>dentissimum,</span> <span class='ocrx_word' id='word_1_205' title='bbox 425 1911 480 1956; x_wconf 90' lang='lat' dir='ltr'>de</span> <span class='ocrx_word' id='word_1_206' title='bbox 493 1912 559 1956; x_wconf 89' lang='lat' dir='ltr'>his</span> <span class='ocrx_word' id='word_1_207' title='bbox 573 1912 660 1957; x_wconf 90' lang='lat' dir='ltr'>suis</span> <span class='ocrx_word' id='word_1_208' title='bbox 677 1912 869 1957; x_wconf 87' lang='lat' dir='ltr'>motibus</span> <span class='ocrx_word' id='word_1_209' title='bbox 885 1927 973 1956; x_wconf 86' lang='lat' dir='ltr'>non</span> <span class='ocrx_word' id='word_1_210' title='bbox 987 1912 1256 1965; x_wconf 87' lang='lat' dir='ltr'>erubescere,</span> <span class='ocrx_word' id='word_1_211' title='bbox 1273 1921 1349 1955; x_wconf 89' lang='lat' dir='ltr'>aut</span> <span class='ocrx_word' id='word_1_212' title='bbox 1361 1911 1481 1970; x_wconf 84' lang='lat' dir='ltr'>quod</span> 
     </span>
     <span class='ocr_line' id='line_1_26' title="bbox 89 1982 1477 2041; baseline -0.001 -14"><span class='ocrx_word' id='word_1_213' title='bbox 89 1992 154 2028; x_wconf 88' lang='lat' dir='ltr'>est</span> <span class='ocrx_word' id='word_1_214' title='bbox 180 1983 534 2041; x_wconf 84' lang='lat' dir='ltr'>ingratissimum,</span> <span class='ocrx_word' id='word_1_215' title='bbox 561 1983 616 2026; x_wconf 88' lang='lat' dir='ltr'>de</span> <span class='ocrx_word' id='word_1_216' title='bbox 647 1982 713 2026; x_wconf 91' lang='lat' dir='ltr'>sui</span> <span class='ocrx_word' id='word_1_217' title='bbox 746 1982 948 2026; x_wconf 87' lang='lat' dir='ltr'>creatoris</span> <span class='ocrx_word' id='word_1_218' title='bbox 972 1982 1176 2041; x_wconf 86' lang='lat' dir='ltr'>operibus</span> <span class='ocrx_word' id='word_1_219' title='bbox 1208 1982 1477 2025; x_wconf 85' lang='lat' dir='ltr'>erubescere.</span> 
     </span>
     <span class='ocr_line' id='line_1_27' title="bbox 89 2051 1479 2112; baseline -0.002 -14"><span class='ocrx_word' id='word_1_220' title='bbox 89 2056 187 2108; x_wconf 88' lang='lat' dir='ltr'>Quo</span> <span class='ocrx_word' id='word_1_221' title='bbox 222 2063 369 2098; x_wconf 89' lang='lat' dir='ltr'>tamen</span> <span class='ocrx_word' id='word_1_222' title='bbox 402 2053 518 2097; x_wconf 88' lang='lat' dir='ltr'>malo</span> <span class='ocrx_word' id='word_1_223' title='bbox 536 2088 546 2106; x_wconf 91' lang='lat'>,</span> <span class='ocrx_word' id='word_1_224' title='bbox 573 2061 751 2112; x_wconf 89' lang='lat' dir='ltr'>propter</span> <span class='ocrx_word' id='word_1_225' title='bbox 774 2053 937 2097; x_wconf 85' lang='lat' dir='ltr'>bonum</span> <span class='ocrx_word' id='word_1_226' title='bbox 963 2053 1251 2111; x_wconf 83' lang='lat' dir='ltr'>generationis</span> <span class='ocrx_word' id='word_1_227' title='bbox 1271 2051 1479 2105; x_wconf 83' lang='lat' dir='ltr'>filiorum,</span> 
     </span>
     <span class='ocr_line' id='line_1_28' title="bbox 89 2122 1484 2183; baseline -0.001 -15"><span class='ocrx_word' id='word_1_228' title='bbox 89 2124 203 2168; x_wconf 88' lang='lat' dir='ltr'>bene</span> <span class='ocrx_word' id='word_1_229' title='bbox 226 2133 413 2168; x_wconf 88' lang='lat' dir='ltr'>utuntur</span> <span class='ocrx_word' id='word_1_230' title='bbox 436 2123 594 2183; x_wconf 88' lang='lat' dir='ltr'>pudica</span> <span class='ocrx_word' id='word_1_231' title='bbox 619 2124 837 2182; x_wconf 84' lang='lat' dir='ltr'>conjugia.</span> <span class='ocrx_word' id='word_1_232' title='bbox 869 2122 1009 2168; x_wconf 87' lang='lat' dir='ltr'>Solius</span> <span class='ocrx_word' id='word_1_233' title='bbox 1030 2131 1176 2167; x_wconf 88' lang='lat' dir='ltr'>autem</span> <span class='ocrx_word' id='word_1_234' title='bbox 1198 2122 1381 2167; x_wconf 88' lang='lat' dir='ltr'>carnalis</span> <span class='ocrx_word' id='word_1_235' title='bbox 1403 2137 1484 2166; x_wconf 91' lang='lat' dir='ltr'>vo—</span> 
     </span>
     <span class='ocr_line' id='line_1_29' title="bbox 89 2192 1482 2254; baseline -0.002 -15"><span class='ocrx_word' id='word_1_236' title='bbox 89 2195 267 2254; x_wconf 85' lang='lat' dir='ltr'>luptatis</span> <span class='ocrx_word' id='word_1_237' title='bbox 285 2210 413 2241; x_wconf 87' lang='lat' dir='ltr'>causa</span> <span class='ocrx_word' id='word_1_238' title='bbox 435 2194 607 2238; x_wconf 88' lang='lat' dir='ltr'>libidini</span> <span class='ocrx_word' id='word_1_239' title='bbox 628 2195 888 2249; x_wconf 86' lang='lat' dir='ltr'>consentire,</span> <span class='ocrx_word' id='word_1_240' title='bbox 917 2202 1146 2252; x_wconf 88' lang='lat' dir='ltr'>peccatum</span> <span class='ocrx_word' id='word_1_241' title='bbox 1167 2202 1258 2250; x_wconf 67' lang='lat' dir='ltr'>est,</span> <span class='ocrx_word' id='word_1_242' title='bbox 1284 2192 1482 2253; x_wconf 86' lang='lat' dir='ltr'>quamvis</span> 
     </span>
     <span class='ocr_line' id='line_1_30' title="bbox 89 2264 1074 2326; baseline -0.004 -15"><span class='ocrx_word' id='word_1_243' title='bbox 89 2267 329 2326; x_wconf 85' lang='lat' dir='ltr'>conjugatis</span> <span class='ocrx_word' id='word_1_244' title='bbox 350 2265 590 2311; x_wconf 89' lang='lat' dir='ltr'>seeundum</span> <span class='ocrx_word' id='word_1_245' title='bbox 611 2266 780 2310; x_wconf 85' lang='lat' dir='ltr'>veniam</span> <span class='ocrx_word' id='word_1_246' title='bbox 796 2264 1074 2309; x_wconf 86' lang='lat' dir='ltr'>concedatur.</span> 
     </span>
    </p>

    <p class='ocr_par' dir='ltr' id='par_1_4' title="bbox 92 2334 1484 2540">
     <span class='ocr_line' id='line_1_31' title="bbox 150 2334 1483 2392; baseline -0.002 -11"><span class='ocrx_word' id='word_1_247' title='bbox 150 2339 357 2381; x_wconf 86' lang='lat' dir='ltr'>XXXIV.</span> <span class='ocrx_word' id='word_1_248' title='bbox 385 2338 467 2382; x_wconf 86' lang='lat' dir='ltr'>Sed</span> <span class='ocrx_word' id='word_1_249' title='bbox 488 2337 738 2382; x_wconf 87' lang='lat' dir='ltr'>constituite</span> <span class='ocrx_word' id='word_1_250' title='bbox 760 2334 975 2392; x_wconf 83' lang='lat' dir='ltr'>Pelagiani</span> <span class='ocrx_word' id='word_1_251' title='bbox 997 2343 1162 2379; x_wconf 88' lang='lat' dir='ltr'>servata</span> <span class='ocrx_word' id='word_1_252' title='bbox 1185 2335 1411 2379; x_wconf 83' lang='lat' dir='ltr'>honestate</span> <span class='ocrx_word' id='word_1_253' title='bbox 1433 2349 1483 2379; x_wconf 82' lang='lat' dir='ltr'>ac</span> 
     </span>
     <span class='ocr_line' id='line_1_32' title="bbox 92 2405 1484 2468; baseline -0.004 -14"><span class='ocrx_word' id='word_1_254' title='bbox 92 2408 381 2454; x_wconf 65' lang='lat' dir='ltr'>foecunditate</span> <span class='ocrx_word' id='word_1_255' title='bbox 399 2409 675 2468; x_wconf 86' lang='lat' dir='ltr'>nuptiarum,</span> <span class='ocrx_word' id='word_1_256' title='bbox 697 2407 731 2450; x_wconf 90' lang='lat' dir='ltr'>si</span> <span class='ocrx_word' id='word_1_257' title='bbox 747 2421 874 2450; x_wconf 87' lang='lat' dir='ltr'>nemo</span> <span class='ocrx_word' id='word_1_258' title='bbox 894 2415 1130 2465; x_wconf 82' lang='lat' dir='ltr'>peccasset,</span> <span class='ocrx_word' id='word_1_259' title='bbox 1153 2405 1327 2465; x_wconf 87' lang='lat' dir='ltr'>qualem</span> <span class='ocrx_word' id='word_1_260' title='bbox 1343 2405 1484 2450; x_wconf 85' lang='lat' dir='ltr'>velitis</span> 
     </span>
     <span class='ocr_line' id='line_1_33' title="bbox 93 2475 1482 2540; baseline -0.005 -15"><span class='ocrx_word' id='word_1_261' title='bbox 93 2482 139 2525; x_wconf 90' lang='lat' dir='ltr'>in</span> <span class='ocrx_word' id='word_1_262' title='bbox 156 2480 355 2540; x_wconf 85' lang='lat' dir='ltr'>paradiso</span> <span class='ocrx_word' id='word_1_263' title='bbox 373 2479 506 2525; x_wconf 89' lang='lat' dir='ltr'>vitam</span> <span class='ocrx_word' id='word_1_264' title='bbox 529 2478 704 2524; x_wconf 88' lang='lat' dir='ltr'>illorum</span> <span class='ocrx_word' id='word_1_265' title='bbox 723 2478 952 2522; x_wconf 88' lang='lat' dir='ltr'>hominum</span> <span class='ocrx_word' id='word_1_266' title='bbox 969 2477 1157 2535; x_wconf 87' lang='lat' dir='ltr'>cogitare</span> <span class='ocrx_word' id='word_1_267' title='bbox 1172 2511 1183 2531; x_wconf 89' lang='lat'>‚</span> <span class='ocrx_word' id='word_1_268' title='bbox 1210 2485 1252 2521; x_wconf 89' lang='lat' dir='ltr'>et</span> <span class='ocrx_word' id='word_1_269' title='bbox 1274 2490 1413 2521; x_wconf 86' lang='lat' dir='ltr'>unum</span> <span class='ocrx_word' id='word_1_270' title='bbox 1428 2475 1482 2519; x_wconf 88' lang='lat' dir='ltr'>de</span> 
     </span>
    </p>
   </div>
   <div class='ocr_carea' id='block_1_3' title="bbox 141 2560 902 2607">
    <p class='ocr_par' dir='ltr' id='par_1_5' title="bbox 141 2560 902 2607">
     <span class='ocr_line' id='line_1_34' title="bbox 141 2560 902 2607; baseline -0.004 -9"><span class='ocrx_word' id='word_1_271' title='bbox 141 2571 151 2588; x_wconf 93' lang='lat'><em>¹</em></span> <span class='ocrx_word' id='word_1_272' title='bbox 173 2566 254 2598; x_wconf 85' lang='lat' dir='ltr'>Gen.</span> <span class='ocrx_word' id='word_1_273' title='bbox 274 2575 341 2607; x_wconf 80' lang='lat' dir='ltr'>xxi,</span> <span class='ocrx_word' id='word_1_274' title='bbox 362 2575 411 2607; x_wconf 85' lang='lat'>¹9-</span> <span class='ocrx_word' id='word_1_275' title='bbox 426 2580 468 2589; x_wconf 90' lang='lat'>-·</span> <span class='ocrx_word' id='word_1_276' title='bbox 481 2571 493 2588; x_wconf 83' lang='lat'>²</span> <span class='ocrx_word' id='word_1_277' title='bbox 516 2564 621 2598; x_wconf 77' lang='lat' dir='ltr'>Forte</span> <span class='ocrx_word' id='word_1_278' title='bbox 640 2563 671 2597; x_wconf 90' lang='lat' dir='ltr'>in</span> <span class='ocrx_word' id='word_1_279' title='bbox 690 2573 728 2597; x_wconf 84' lang='lat' dir='ltr'>ea</span> <span class='ocrx_word' id='word_1_280' title='bbox 749 2560 902 2597; x_wconf 83' lang='lat' dir='ltr'>membra.</span> 
     </span>
    </p>
   </div>
  </div>
 </body>
</html>
