1784 3205
313 194 397 233 396
748 203 780 231 s.
817 202 1047 231 Avensa-nu
1077 203 1261 232 Emscom

310 271 474 326 dicere,
495 270 650 315 docere
671 270 934 331 praesumat?
958 271 1026 313 An
1056 270 1158 328 quia
1172 285 1261 314 non
1283 281 1489 329 generant
1505 273 1689 318 animae?

309 344 424 400 Ergo
443 356 522 385 nec
544 341 651 385 muli
674 350 716 385 et
733 340 863 385 mulae
883 348 984 384 sunt
1001 339 1180 384 masculi
1202 349 1245 385 et
1266 341 1472 386 foeminae.
1498 346 1566 387 An
1588 345 1689 403 quia

308 427 388 456 nec
411 412 699 456 concumbere
721 420 928 471 poterunt
945 411 1037 454 sine
1054 411 1218 455 carneis
1240 413 1491 471 corporibus
1509 414 1689 459 animae?

310 483 394 526 Sed
416 483 499 527 hoc
517 482 712 527 aufertur
735 490 778 525 et
798 482 863 524 his
885 481 960 541 qui
983 491 1224 526 castrantur
1252 502 1259 527 :
1281 492 1324 526 et
1343 492 1489 527 tamen
1510 499 1610 528 cum
1632 485 1690 529 eis

308 552 523 597 adimatur
557 562 600 597 et
636 568 744 612 opus
774 561 816 596 et
837 561 1000 607 motus,
1033 568 1122 598 non
1151 553 1354 597 adimitur
1382 569 1528 609 sexus,
1553 555 1692 613 figura

309 623 714 683 quantulacumque
752 622 1088 668 masculinorum
1132 632 1334 667 manente
1378 625 1687 669 membrorum.

307 694 443 737 Nemo
465 708 658 752 unquam
684 691 922 738 masculum
947 694 1121 751 negavit
1142 694 1410 737 eunuchum.
1436 694 1551 746 Quid
1573 696 1692 754 quod

307 761 424 821 apud
441 771 482 806 te
504 764 658 807 animae
676 765 803 808 etiam
822 765 1126 808 eunuchorum
1147 773 1274 807 testes
1296 764 1485 822 integros
1508 764 1688 821 habent,

306 833 399 876 etsi
422 834 624 893 cuiquam
648 833 851 892 genitalia
874 849 1049 892 prorsus
1070 842 1159 878 tota
1177 832 1403 888 tollantur,
1429 842 1520 877 tota
1541 836 1585 878 in
1603 836 1692 895 ejus

308 903 470 958 anima,
505 903 745 947 secundum
776 904 1024 962 opinionem
1061 913 1180 947 tuam
1199 938 1210 958 ‚
1249 912 1290 947 et
1317 904 1495 948 omnino
1525 905 1693 963 integra

307 974 652 1030 permanebunt?
674 975 804 1019 Novit
826 976 939 1017 enim
959 989 1003 1017 se
1025 974 1296 1029 subtrahere,
1316 974 1426 1018 sicut
1447 974 1573 1029 dicis,
1592 991 1692 1019 cum

307 1056 355 1084 ea
384 1058 480 1100 pars
514 1044 652 1087 carnis
689 1046 869 1102 coeperit
894 1044 1111 1101 exsecari3
1141 1054 1190 1088 ut
1218 1060 1266 1088 ea
1296 1044 1435 1089 forma
1461 1061 1559 1103 quae
1591 1045 1693 1089 inde

306 1121 479 1169 sumpta
496 1122 574 1166 est,
599 1113 776 1170 quando
791 1113 1033 1170 illudsunde
1048 1124 1218 1173 sumpta
1235 1124 1297 1158 est
1319 1124 1585 1174 amputatur,
1604 1131 1693 1160 non

307 1190 475 1240 pereat3
500 1182 575 1225 sed.
597 1185 795 1242 quamvis
816 1183 959 1227 infusa
987 1185 1212 1240 gelaverit,
1238 1194 1360 1228 motu
1391 1195 1536 1229 tamen
1557 1186 1692 1230 celer-

306 1252 416 1295 rimo
442 1254 647 1311 rapiatur,
672 1262 714 1297 et
744 1253 923 1298 interius
949 1254 1232 1309 recondatur,
1257 1264 1306 1298 ut
1327 1254 1441 1299 salva
1462 1265 1654 1299 servetur
1679 1276 1687 1300 ε

307 1332 348 1366 et
372 1332 627 1368 tamennon
662 1325 715 1368 sit
738 1324 955 1368 masculus
991 1324 1108 1384 apud
1143 1324 1325 1380 inferos,
1356 1326 1693 1371 masculinorum

307 1393 560 1451 genitalium
580 1410 726 1439 secum
750 1396 935 1439 afferens
948 1404 1088 1440 totum
1102 1431 1112 1450 ,
1139 1396 1215 1456 qui
1238 1411 1337 1440 cum
1360 1396 1433 1441 illa
1451 1398 1497 1439 in
1515 1411 1694 1455 corpore

305 1479 395 1507 non
418 1464 621 1519 haberet,
648 1465 863 1509 masculus
892 1467 976 1510 fuit
1002 1475 1179 1525 propter
1197 1482 1348 1511 eorum
1369 1466 1507 1511 solum
1529 1467 1689 1511 locum.

305 1534 427 1578 Falsa
443 1544 543 1578 sunt
568 1537 660 1580 haec
676 1571 686 1590 ‚
711 1536 772 1579 tili
791 1556 799 1580 ε
819 1538 851 1580 si
875 1553 964 1581 non
986 1538 1048 1582 vis
1076 1548 1123 1582 ut
1139 1538 1248 1582 sitin
1270 1539 1413 1583 anima
1435 1553 1694 1595 sexusqnon

308 1604 361 1647 sit
379 1613 421 1648 ct
439 1620 610 1664 corpus.

363 1675 568 1719 XXXIV.
602 1678 699 1721 Non
732 1678 871 1720 omnis
913 1677 1153 1722 similitudo
1189 1678 1379 1736 corporis
1413 1693 1569 1736 corpus
1611 1686 1688 1722 est.

304 1745 452 1787 Dormi
468 1779 478 1799 ,
516 1754 559 1789 et
581 1745 749 1790 videbis
778 1766 786 1791 z
813 1747 887 1790 sed
909 1762 1008 1791 cum
1034 1748 1301 1805 evigilaveris
1317 1783 1327 1802 ‚
1353 1747 1582 1806 vigilanter
1603 1746 1692 1792 dis—

304 1830 431 1859 cerne
453 1817 573 1875 quod
603 1816 773 1862 videris.
802 1821 852 1861 In
871 1819 1030 1862 somnis
1059 1819 1177 1862 enim
1206 1818 1285 1862 tibi
1316 1819 1435 1863 velut
1463 1833 1693 1877 corporeus

305 1886 529 1944 apparebis
558 1906 566 1931 ;
591 1902 734 1947 neque
763 1887 808 1932 id
841 1904 997 1947 corpus
1027 1898 1176 1943 tuum,
1203 1888 1277 1932 sed
1309 1889 1450 1932 anima
1482 1898 1578 1944 tua,
1613 1905 1693 1934 nec

303 1971 456 1999 verum
480 1971 638 2016 corpus
656 1992 666 2012 ,
698 1957 773 2002 sed
794 1958 1033 2003 similitudo
1051 1960 1244 2019 corporis
1266 1959 1359 2002 erit.
1388 1959 1555 2002 Jacebit
1577 1959 1691 2003 enim

304 2039 460 2083 corpus
479 2036 628 2082 tuum,
650 2028 893 2072 ambulabit
916 2029 1009 2086 ipsa
1036 2048 1045 2073 ε
1070 2028 1215 2073 silebit
1231 2028 1381 2088 lingua
1402 2029 1592 2087 corporis
1610 2029 1688 2083 tui,

307 2094 509 2154 loquetur
530 2097 601 2140 illa
623 2116 631 2139 :
656 2097 791 2141 clausi
815 2108 943 2142 erunt
966 2099 1081 2142 oculi
1100 2100 1164 2143 tui
1181 2134 1192 2153 ⁷
1221 2099 1387 2144 videbit
1404 2099 1476 2143 illa
1499 2118 1507 2143 :
1534 2108 1577 2143 et
1601 2100 1690 2143 uti-

304 2180 390 2224 que
409 2166 595 2210 viventia
612 2167 818 2226 jacebunt
841 2168 904 2211 tui
926 2169 1115 2226 corporis
1138 2170 1350 2224 membra,
1382 2184 1471 2213 non
1499 2178 1687 2214 mortua.

305 2238 367 2279 Ac
383 2251 459 2294 per
472 2236 555 2280 hoc
577 2237 775 2281 nondum
789 2246 976 2282 extracta
993 2247 1056 2282 cst
1070 2237 1188 2283 velut
1199 2237 1252 2282 de
1268 2239 1424 2297 vagina
1438 2254 1531 2294 sua,
1553 2240 1691 2297 gelata

308 2305 379 2348 illa
402 2306 563 2361 forma,
597 2308 708 2353 sicut
730 2317 856 2367 putas
872 2344 882 2362 ,
917 2310 1070 2352 animae
1092 2318 1200 2364 tuae,
1225 2319 1267 2354 et
1288 2310 1334 2353 in
1356 2325 1404 2354 ea
1425 2319 1572 2354 tamen
1601 2319 1692 2355 tota

307 2385 438 2434 atque
460 2377 627 2436 integra
649 2380 841 2423 cernitur
863 2379 1103 2424 similitudo
1124 2381 1262 2424 carnis
1295 2389 1397 2424 tuae.
1424 2382 1489 2423 Ex
1509 2380 1591 2424 hoc
1613 2395 1689 2438 ge-

307 2460 410 2488 nere
433 2445 766 2491 similitudinum
790 2449 1082 2507 corporalium
1100 2484 1110 2503 ,
1142 2464 1241 2509 quae
1263 2464 1352 2493 non
1374 2464 1558 2507 corpora
1580 2449 1690 2493 sicut

308 2530 486 2575 corpora
516 2528 724 2576 apparent
742 2554 752 2573 ‚
788 2528 889 2564 sunt
911 2520 1056 2564 omnia
1076 2536 1175 2579 quae
1197 2528 1366 2565 sanctos
1387 2518 1520 2564 libros
1542 2519 1687 2578 legens
