1804 3205
327 245 379 272 oz
416 240 550 272 ΛΝΙΜΑ
585 244 636 270 m·
669 243 764 270 mss
797 242 990 281 orimum,
1027 243 1107 269 Lm.
1148 244 1174 269 t.
1361 229 1443 268 313

121 312 260 356 XXX.
286 313 398 356 Cum
423 311 567 370 itaque
597 311 663 354 isti
687 311 745 354 sic
772 311 882 354 inter
909 324 952 353 se
979 308 1221 353 alternante
1247 323 1444 352 sermone

61 383 342 438 certaverint,
379 396 457 439 ego
499 381 610 425 iuter
644 396 715 425 eos
753 381 811 425 sic
840 380 1015 440 judico,
1051 388 1100 423 ut
1131 394 1184 422 ne
1215 378 1445 436 incognitis

60 454 222 509 fidant,
246 463 287 498 et
310 462 471 497 temere
487 454 676 497 audeant
696 453 911 497 aiiii-mare
926 450 1045 513 quod
1062 450 1263 496 nesciunt
1279 484 1289 504 2
1311 459 1446 493 utros-

60 541 146 585 que
187 539 501 570 commoneam.
547 526 587 569 Si
627 525 739 568 enim
774 524 983 584 scriptum
1027 532 1136 568 esset
1166 541 1174 566 z
1203 522 1445 566 lnsusslavit

63 597 215 640 {latum
247 596 347 639 vita».
378 596 420 638 in
454 594 608 640 faciem
643 595 859 649 mulieris,
885 605 927 640 et
958 594 1067 639 facta
1090 602 1153 637 est
1184 593 1227 636 in
1258 592 1445 636 animam

61 669 199 712 vivam
224 688 231 711 :
254 682 332 711 nec
354 667 412 711 sic
428 668 638 725 essetjam
654 681 944 726 consequens,
967 675 1014 710 ut
1032 681 1120 710 non
1138 672 1448 724 propagaretur

59 754 109 782 ex
132 739 384 798 parentibus
407 739 548 782 anima
570 774 580 791 ,
606 738 683 782 nisi
705 739 832 782 etiam
853 739 908 782 de
926 738 1014 783 filio
1036 752 1186 782 eorum
1205 736 1288 781 hoc
1311 736 1447 794 scrip-

63 820 153 854 tum
176 808 372 854 similiter
396 809 625 867 legeretur.
655 810 767 853 Fieri
791 810 903 854 enim
929 810 1097 869 potuit,
1129 817 1177 852 ut
1198 807 1445 851 membrum

60 897 147 926 non
176 882 413 926 animatum
442 881 496 925 de
523 896 704 940 corpore
726 891 965 926 extractum
994 881 1207 938 indigeret
1236 879 1444 931 animari,

60 952 135 996 filii
157 968 260 997 vero
283 953 426 996 anima
456 968 507 996 ex
530 963 652 1012 patre
680 968 756 1012 per
778 963 959 997 matrem
985 951 1233 1011 propaginis
1256 947 1447 993 transfu-

59 1024 179 1068 sione
202 1025 459 1069 traheretur.
496 1027 607 1069 Cum
631 1039 732 1068 vero
754 1024 934 1068 tacitum
959 1032 1042 1077 est,
1064 1020 1328 1066 occultatum
1358 1028 1446 1072 est,

60 1109 149 1138 non
171 1104 376 1153 negatum
396 1115 406 1151 3
430 1094 504 1138 sed
528 1109 670 1153 neque
706 1094 986 1138 affirmatum.
1014 1096 1076 1137 Ac
1101 1107 1176 1151 per
1196 1092 1280 1135 hoc
1309 1089 1445 1134 sicubi

60 1163 170 1209 forte
209 1181 297 1211 non
336 1165 513 1210 tacitum
547 1174 607 1209 est
626 1201 635 1219 ,
674 1165 928 1209 clarioribus
966 1162 1239 1207 documentis
1277 1170 1339 1205 est
1381 1175 1444 1203 as-

62 1236 294 1280 truendum
313 1272 322 1290 ,
349 1251 400 1280 ex
424 1252 475 1280 eo
501 1235 621 1296 quod
649 1251 736 1279 non
767 1235 955 1279 sufflavit
979 1237 1092 1278 Deus
1122 1234 1164 1277 in
1208 1232 1447 1275 animarum

59 1307 358 1365 propaginem.
394 1305 518 1349 Unde
555 1321 633 1349 nec
676 1305 735 1348 illi
769 1307 845 1365 qui
877 1304 1122 1349 defendunt
1157 1303 1308 1348 facicm
1350 1317 1448 1345 mu·-

60 1376 196 1431 lieris,
230 1376 393 1437 aliquid
417 1376 705 1436 adjuvantur3
729 1392 808 1420 nec
838 1375 898 1419 illi
927 1376 1002 1436 qui
1025 1390 1119 1419 eam
1142 1383 1323 1432 negant,
1351 1372 1449 1416 ideo

58 1448 159 1508 quia
186 1463 273 1492 non
302 1448 410 1492 dixit
436 1448 572 1492 Adam
589 1483 599 1502 ,
633 1468 652 1489 «
674 1448 816 1491 anima
835 1447 889 1491 de
916 1447 1057 1491 anima
1084 1461 1176 1490 mea
1195 1481 1205 1501 ,
1238 1464 1257 1485 »
1289 1444 1449 1488 debent

58 1519 139 1562 sibi
174 1517 436 1578 persuadere
469 1519 589 1578 quod
622 1519 836 1562 nesciunt.
878 1519 998 1562 Sicut
1029 1517 1142 1560 enim
1173 1516 1325 1560 eadem
1361 1531 1450 1559 non

57 1589 221 1644 soluta,
253 1590 327 1634 sed
352 1599 555 1634 manente
578 1590 845 1650 quaestione,
871 1590 1014 1648 potuit
1039 1597 1178 1632 tacere
1202 1588 1445 1645 Scriptura,

60 1662 180 1720 quod
195 1660 352 1704 mulier
364 1664 454 1705 Deo
469 1660 674 1705 sufflante
688 1662 799 1705 sicut
813 1660 879 1705 vir
892 1662 985 1720 ejus
1002 1659 1216 1718 acceperit
1231 1659 1416 1702 animam
1436 1677 1444 1702 ;

61 1732 120 1776 sic
137 1732 288 1776 eadem
312 1747 400 1777 non
421 1731 583 1785 soluta,
606 1731 683 1775 sed
706 1740 911 1776 manente
931 1730 1194 1790 quaestione,
1220 1729 1362 1787 potuit
1380 1737 1447 1772 ta-

62 1817 158 1846 cere
178 1803 419 1862 Scriptura,
452 1812 502 1846 ut
522 1801 659 1846 Adam
693 1817 783 1845 non
800 1801 980 1851 diceret,
1007 1820 1027 1842 «
1055 1800 1210 1843 Anima
1230 1799 1285 1843 de
1309 1799 1450 1843 anima

61 1890 81 1914 »
106 1887 213 1916 mea.
246 1892 264 1913 n
291 1877 353 1917 Ac
379 1888 455 1932 per
481 1875 563 1916 hoc
582 1873 614 1915 si
637 1873 788 1931 primae
806 1871 998 1915 mulieris
1014 1870 1155 1913 anima
1183 1884 1232 1912 ex
1250 1870 1344 1913 viro
1366 1878 1444 1923 est,

59 1959 80 1987 a
98 1952 220 2002 parte
238 1952 379 1987 totum
401 1943 690 2002 significatum
709 1952 794 1996 est,
819 1943 895 1986 ubi
914 1941 1088 2000 legitur,
1115 1959 1130 1979 «
1155 1943 1248 1984 Hoc
1270 1955 1388 1983 nunc
1405 1954 1451 1983 os

62 2033 82 2055 »
103 2030 153 2059 ex
170 2014 338 2059 ossibus
353 2015 475 2069 meis,
487 2024 530 2057 et
547 2029 647 2058 caro
662 2013 716 2058 de
733 2029 862 2057 carne
879 2028 972 2056 mea
989 2034 1000 2069 3
1020 2031 1040 2053 »
1054 2027 1151 2056 cum
1168 2020 1256 2055 tota
1272 2027 1321 2055 ex
1339 2011 1448 2064 viro,

59 2102 147 2130 non
168 2102 267 2130 caro
290 2085 377 2130 sola
405 2086 458 2129 sit
481 2094 667 2144 sumpta.
703 2086 745 2130 Si
779 2094 923 2129 autem
956 2099 1044 2128 non
1066 2092 1200 2128 estex
1231 2083 1346 2137 viro,
1377 2082 1449 2127 scd

59 2172 154 2201 eam
175 2160 288 2201 Deus
310 2156 547 2200 insufflavit
569 2157 679 2200 sicut
701 2156 817 2212 viro,
844 2172 866 2200 a
888 2164 978 2200 toto
999 2169 1096 2214 pars
1111 2154 1350 2213 significata
1370 2163 1448 2205 est,

59 2227 134 2270 ubi
155 2226 343 2285 legitur,
380 2226 435 2270 de
458 2227 551 2270 viro
574 2241 652 2270 suo
682 2234 854 2285 sumpta
878 2234 941 2270 est
967 2245 974 2270 :
1003 2240 1100 2269 cum
1125 2240 1226 2269 caro
1249 2225 1341 2283 ejus
1362 2237 1451 2267 non

60 2306 150 2341 tota
172 2297 224 2341 sit
245 2306 431 2355 sumpta.

120 2369 284 2411 XXXI.
313 2370 588 2427 Quapropter
604 2381 705 2411 eum
728 2366 795 2409 his
819 2365 1074 2410 testimoniis
1091 2400 1101 2419 ,
1122 2364 1242 2424 quod
1266 2364 1319 2409 ad
1338 2365 1451 2408 hanc

62 2452 150 2481 rem
167 2438 376 2496 pertinet,
395 2439 547 2497 utique
565 2437 776 2495 ambiguis
788 2471 798 2489 ,
816 2452 903 2479 non
924 2435 1114 2480 solvatur
1131 2436 1225 2479 haee
1241 2435 1448 2495 quaesti03

63 2505 171 2550 illud
201 2516 345 2551 tamen
382 2508 494 2561 scio,
526 2508 586 2550 sic
617 2507 910 2564 argumentari
940 2507 1157 2559 homines,
1186 2506 1259 2565 qui
1295 2522 1345 2548 ex
1367 2506 1451 2548 hoc

63 2586 219 2635 putant
239 2579 425 2623 animam
447 2579 641 2623 mulieris
665 2593 751 2622 non
771 2593 859 2622 esse
876 2578 930 2622 de
951 2578 1090 2622 anima
1107 2578 1186 2621 viri
1204 2612 1213 2628 ,
1239 2576 1338 2635 quia
1359 2590 1447 2618 non
