1784 3205
328 204 412 243 410
760 219 792 244 s.
829 214 1058 243 Aueus'ruu
1092 216 1271 244 Emscom

329 298 348 321 »
378 282 484 324 ritus
511 288 554 324 et
583 281 671 325 vita
699 290 822 337 sunt,
853 280 928 323 sed
952 289 1054 324 sunt
1080 281 1258 340 quidam
1287 297 1337 326 ex
1363 282 1485 328 vobis
1512 284 1588 343 qui
1615 299 1704 329 non

329 368 348 392 »
373 350 567 394 eredunt.
592 369 610 393 »
638 352 801 395 Deinde
820 351 1040 410 subjunxit
1061 351 1334 411 Evangelista
1359 372 1368 398 ι
1395 354 1567 398 Sciebat
1587 354 1704 398 enim

328 439 349 462 »
376 424 499 466 Jesus
521 422 576 465 ab
597 422 737 477 initio,
762 421 838 481 qui
860 431 1001 466 essent
1021 422 1260 479 credentes,
1286 432 1328 468 et
1349 425 1446 483 quis
1469 425 1705 470 traditurus

328 512 348 535 »
375 502 484 537 esset
505 508 621 547 eum,
648 502 690 537 et
713 492 899 547 dicebat,
927 496 1158 552 Propterea
1179 494 1266 537 dixi
1287 495 1426 549 vobis,
1451 496 1553 555 quia
1577 511 1706 541 nemo

328 582 348 606 »
375 573 516 622 potest
532 564 677 608 venire
697 563 749 607 ad
766 579 849 618 me,
871 564 950 607 nisi
967 563 1098 608 suerit
1115 565 1152 608 ei
1170 564 1322 609 datum
1338 581 1362 609 a
1379 568 1504 610 Patre
1518 581 1615 611 meo
1631 569 1661 611 ¹.
1681 584 1703 609 »

329 634 597 678 Sententiam
627 634 787 678 scilieet
814 634 985 678 iteravit
1009 651 1095 694 qua
1122 635 1287 679 dixerat
1309 654 1318 680 ε
1342 654 1363 678 «
1398 638 1535 681 Nemo
1567 646 1708 695 potest

328 722 348 745 >›
374 704 521 747 venire
544 704 598 748 ad
620 720 689 748 me
706 739 716 759 ,
742 704 821 747 nisi
844 707 969 748 Pater
989 705 1066 765 qui
1087 705 1202 749 misit
1221 720 1291 749 me
1305 739 1316 760 ,
1342 707 1516 750 traxerit
1538 721 1655 751 eum.
1683 726 1703 749 »

325 776 381 818 Et
402 774 484 817 hoe
508 784 683 833 propter
704 774 928 818 credentes
957 784 1000 819 et
1021 790 1110 819 non
1132 774 1356 819 credentes
1374 790 1417 819 se
1437 774 1590 820 dixisse
1611 792 1706 821 ma-

324 844 543 889 nifestavit
561 879 571 898 ,
600 861 819 904 exponens
843 847 963 905 quod
984 845 1171 891 dixerat:
1189 866 1208 889 «
1234 847 1323 892 Nisi
1349 850 1475 890 Pater
1497 848 1575 907 qui
1595 848 1711 892 misit

324 930 409 968 me,
435 916 618 958 traxerit
639 930 739 959 eum
767 935 775 959 :
807 934 826 956 »
852 915 1039 975 idipsum
1063 916 1152 960 aliis
1173 917 1312 960 verbis
1332 917 1569 976 repetendo
1590 919 1635 961 in
1659 933 1711 963 eo

327 985 447 1044 quod
465 986 544 1029 ait:
561 1004 580 1027 «
601 987 691 1030 Nisi
709 984 840 1030 fuerit
854 986 892 1030 ei
910 987 1059 1030 datum
1079 1003 1102 1030 a
1121 990 1246 1031 Patre
1264 988 1403 1031 me02.
1418 1005 1438 1029 »
1455 986 1532 1030 Ille
1549 988 1711 1047 quippe

326 1056 513 1098 trahitur
541 1054 595 1098 ad
625 1055 860 1110 Christum,
892 1057 963 1100 cui
992 1055 1120 1100 datur
1145 1067 1196 1101 ut
1224 1056 1374 1101 eredat
1397 1058 1442 1100 in
1469 1058 1706 1102 Christum.

326 1126 461 1167 Datur
485 1140 585 1182 ergo
608 1135 794 1184 potestas
816 1136 866 1170 ut
887 1127 965 1170 filii
983 1128 1059 1171 Dei
1078 1128 1200 1182 fiant,
1225 1128 1301 1187 qui
1321 1127 1505 1171 credunt
1522 1127 1568 1171 in
1590 1142 1707 1183 eum,

329 1209 429 1238 cum
458 1195 540 1238 hoc
567 1196 708 1254 ipsum
733 1196 862 1239 datur
895 1206 944 1240 ut
971 1196 1150 1240 credant
1177 1198 1222 1241 in
1250 1213 1366 1242 eum.
1395 1201 1503 1251 Quae
1524 1207 1711 1257 potestas

324 1264 406 1308 nisi
427 1263 556 1308 detur
580 1282 602 1310 a
623 1269 728 1320 Deo,
754 1265 874 1309 nulla
896 1281 985 1309 esse
1005 1275 1146 1325 potest
1166 1281 1216 1310 ex
1237 1266 1374 1311 libero
1396 1267 1574 1312 arbitrio
1591 1270 1712 1327 :quia

326 1352 406 1379 nec
427 1335 612 1380 liberum
635 1337 678 1379 in
700 1336 817 1380 bono
838 1337 934 1391 erit,
959 1337 1080 1396 quod
1101 1337 1308 1382 liberator
1329 1354 1418 1383 non
1438 1338 1709 1397 liberaverit3

328 1406 404 1450 sed
433 1406 477 1449 in
507 1405 621 1450 malo
643 1405 828 1450 liberum
858 1407 991 1451 habet
1014 1408 1260 1464 arbitrium,
1284 1409 1354 1453 cui
1379 1408 1710 1454 delectationem

325 1475 501 1519 malitiae
526 1477 594 1520 vel
622 1476 819 1520 occultus
845 1477 915 1522 vel
942 1478 1196 1522 manifestus
1217 1480 1423 1538 deceptor
1444 1480 1614 1535 insevit,
1642 1479 1712 1525 vel

323 1546 405 1589 sibi
425 1547 513 1604 ipse
535 1547 757 1605 persuasit.

384 1619 483 1660 VII.
504 1619 602 1661 Non
619 1618 780 1676 itaque,
799 1618 909 1661 sicut
926 1617 1081 1662 dicunt
1097 1634 1174 1663 nos
1192 1618 1371 1679 quidam
1391 1620 1549 1676 dicere,
1569 1629 1613 1665 et
1632 1621 1711 1665 iste

325 1686 456 1730 audet
477 1688 653 1746 insuper
674 1688 861 1732 scribere
881 1724 891 1743 ,
921 1708 941 1730 «
966 1705 1114 1733 omnes
1135 1691 1179 1734 in
1201 1700 1427 1750 peccatum
1447 1726 1458 1747 ,
1482 1692 1619 1736 veluti
1639 1691 1711 1735 in-

323 1758 416 1812 viti,
442 1759 581 1801 earnis
609 1774 699 1802 suae
726 1760 978 1803 necessitate
1002 1771 1219 1818 coguntur
1245 1780 1253 1806 :
1282 1779 1302 1802 »
1329 1762 1404 1805 sed
1431 1762 1466 1806 si
1481 1763 1572 1821 jam
1591 1762 1638 1806 in
1662 1778 1711 1806 ea

322 1837 447 1872 aetate
466 1839 568 1872 sunt
583 1863 593 1883 ,
615 1839 664 1873 ut
681 1829 867 1888 propriae
888 1832 1043 1875 mentis
1064 1841 1242 1876 utantur
1257 1832 1436 1876 arbitrio
1451 1867 1462 1887 ,
1483 1833 1588 1876 etin
1606 1847 1711 1891 pec-

323 1908 420 1942 eato
445 1915 521 1943 sua
550 1899 775 1944 voluntate
805 1901 1061 1955 retinentur,
1094 1910 1137 1945 et
1165 1917 1189 1945 a
1217 1911 1393 1961 peccato
1415 1903 1460 1946 in
1482 1911 1711 1961 peccatum

324 1983 400 2012 sua
421 1969 647 2013 voluntate
667 1969 1008 2029 praecipitantur.
1030 1974 1182 2032 Neque
1203 1972 1318 2015 enim
1338 1973 1425 2031 agit
1441 1972 1486 2016 in
1504 1973 1562 2016 eis
1580 1973 1707 2017 etiam

323 2039 398 2097 qui
420 2039 572 2082 suadet
594 2048 637 2083 et
649 2040 826 2098 decipit,
848 2041 927 2084 nisi
950 2051 998 2085 ut
1017 2054 1241 2101 peecatum
1263 2042 1488 2087 voluntate
1509 2044 1711 2088 commit-

323 2118 434 2162 tant,
458 2108 527 2152 vel
548 2110 789 2167 ignorantia
810 2111 1001 2155 veritatis
1018 2146 1028 2166 ‚
1054 2112 1124 2156 vel
1145 2113 1433 2158 delectatione
1454 2114 1706 2174 iniquitatis,

323 2178 392 2223 vel
414 2188 601 2238 utroque
624 2179 740 2223 malo
762 2189 804 2223 et
827 2181 1030 2225 caecitatis
1051 2192 1094 2226 et
1115 2183 1390 2227 infirmitatis.
1413 2183 1498 2228 Sed
1520 2185 1613 2228 haec
1634 2199 1710 2228 vo-

323 2249 467 2294 luntas
484 2265 584 2309 quae
601 2250 737 2294 libera
755 2260 818 2294 est
833 2251 879 2295 in
896 2251 1018 2296 malis
1039 2287 1049 2307 ,
1068 2253 1169 2312 quia
1186 2252 1427 2297 delectatur
1444 2254 1708 2309 mali85-ideo

323 2319 460 2363 libera
484 2321 529 2363 iu
554 2321 678 2364 honis
701 2336 791 2364 non
812 2330 890 2375 est,
916 2322 1017 2381 quia
1038 2321 1215 2366 liberata
1243 2338 1331 2367 non
1354 2332 1431 2367 est.
1459 2326 1547 2369 Nec
1568 2333 1709 2383 potest

322 2389 576 2433 homoboni
601 2389 764 2449 aliquid
785 2391 913 2445 velle,
939 2392 1017 2435 nisi
1046 2392 1273 2451 adjuvetur
1296 2393 1350 2436 ab
1374 2409 1424 2438 eo
1446 2395 1520 2454 qui
1544 2393 1706 2438 malum

322 2475 411 2504 non
434 2468 572 2518 potest
593 2460 719 2515 velle,
745 2462 827 2505 hoe
855 2471 932 2516 est,
959 2463 1091 2520 gratia
1115 2464 1192 2507 Dei
1219 2479 1294 2522 per
1317 2466 1463 2508 Jesum
1486 2466 1706 2511 Christum

370 2550 377 2566 ¹
400 2546 490 2576 Joan.
513 2555 557 2581 w,
572 2544 628 2586 64,
645 2550 708 2577 etc.
726 2563 766 2569 -
783 2553 794 2568 ²
815 2545 896 2579 lhid.
918 2546 972 2588 44.
