1804 3205
289 239 341 265 nn
375 239 543 267 uum-us
576 239 628 267 ετ
659 237 1029 276 concupiscam-u,
1064 240 1146 266 mn.
1184 241 1212 266 1.
1371 231 1456 269 219

67 322 86 345 α
112 305 208 349 Non
230 317 312 361 ego
339 317 494 362 operor
515 301 652 350 illud:
677 323 695 347 »
723 304 852 349 etiam
879 304 912 349 si
936 304 1075 350 oderit
1099 305 1200 363 quia
1220 308 1450 352 consentit.

65 373 203 422 Simul
223 374 337 419 enim
361 383 425 418 est
446 383 684 434 utrumque
701 410 712 429 ,
738 384 781 419 et
803 375 894 434 ipsc
915 373 1032 430 odit,
1059 375 1160 434 quia
1186 374 1346 420 mulum
1366 394 1456 421 esse

63 445 207 503 novit,
230 445 381 505 etipse
403 444 529 500 facit,
551 446 652 505 quia
682 445 821 490 facere
843 447 1010 493 statuit.
1031 448 1128 492 Jam
1152 462 1252 491 vcro
1280 447 1312 491 si
1339 457 1382 492 et
1404 449 1456 492 il—

61 515 140 561 lud
169 515 328 571 addat,
366 517 487 577 quod
519 517 742 576 Scriptura
778 518 1008 578 probibet,
1044 517 1215 571 dicens,
1254 537 1272 558 α
1306 520 1456 578 Neque

67 608 84 627 »
110 587 390 631 exhibueritis
414 587 608 632 membra
632 597 771 632 vestra
790 604 906 633 arma
927 589 1166 649 iniquitatis
1188 591 1408 647 peccato¹,
1431 609 1449 631 »

62 667 111 703 ut
132 659 252 719 quod
274 658 417 703 facere
438 659 589 703 statuit
612 659 656 702 in
679 658 827 714 corde,
855 659 987 703 ctiam
1010 675 1194 718 corpore
1215 660 1458 718 compleat,

62 738 106 774 ct
127 729 224 774 ideo
239 729 355 774 dicat
370 765 380 785 ,
412 749 430 772 «
451 733 547 776 Non
564 745 642 788 ego
661 746 814 788 operor
836 730 961 786 illud,
979 730 1056 775 sed
1078 730 1199 791 quod
1222 731 1391 776 habitat
1410 733 1453 776 in

64 818 85 843 »
110 815 179 845 me
193 804 467 861 peccatum&
490 819 510 843 »
532 801 633 862 quia
652 817 753 846 curn
771 801 813 846 id
834 801 1029 846 decernit
1045 811 1088 846 et
1106 802 1232 857 facit,
1258 801 1456 862 displicet

61 870 164 925 sibi,
200 880 371 916 tantum
398 881 533 926 errat,
561 882 611 917 ut
641 887 721 917 nec
749 888 792 916 se
829 873 970 932 ipsum
1005 882 1237 932 agnoscat3
1276 874 1455 933 quando

60 956 159 987 cum
184 957 235 986 ex
258 951 350 987 toto
384 943 473 1002 ipsc
506 943 582 998 sit,
609 952 651 987 et
681 942 811 988 οοιάο
846 952 1063 988 statuente
1096 953 1138 987 et
1161 959 1341 1003 (wotpme
1369 945 1454 987 im-

60 1011 231 1072 plente,
266 1012 409 1058 adbuc
433 1028 477 1057 se
507 1014 648 1072 ipsum
679 1028 768 1058 esse
791 1028 881 1057 non
905 1022 1043 1072 putat.
1075 1014 1160 1066 Qui
1188 1029 1291 1072 ergo
1320 1013 1450 1069 dicit,

65 1100 84 1123 «
110 1084 207 1126 Jam
225 1098 314 1128 non
331 1098 411 1142 ego
430 1098 585 1144 operor
604 1083 740 1139 illud,
767 1082 842 1128 sed
860 1082 980 1144 quod
1003 1083 1170 1129 habitat
1190 1084 1235 1127 in
1256 1099 1325 1128 mc
1349 1100 1453 1144 pec-

63 1171 83 1194 »
110 1162 256 1198 catum
285 1173 294 1199 :
324 1172 342 1194 »
379 1155 411 1199 si
446 1154 752 1200 tantummodo
790 1156 1086 1215 concupiscit,
1126 1172 1276 1200 verum
1312 1156 1450 1213 dicit,

59 1239 148 1268 non
166 1225 199 1268 si
220 1224 360 1269 cordis
378 1226 661 1271 consensione
678 1226 891 1289 decernit,
917 1235 992 1270 aut
1015 1226 1141 1270 etiam
1169 1227 1363 1286 corporis
1379 1227 1453 1271 mi-

57 1294 235 1339 nisterio
253 1296 439 1356 perficit.

118 1367 305 1410 XXXII.
333 1366 496 1411 Deinde
519 1367 716 1427 adjungit
747 1366 997 1444 Apostolus,
1029 1387 1048 1411 (ι
1081 1368 1178 1413 Scio
1203 1368 1319 1412 enim
1350 1337 1506 1427 quiam
1542 1359 1552 1398 Ϊ
1587 1342 1589 1344 >

63 1453 84 1476 n
108 1451 198 1481 non
222 1436 421 1481 habitat
412 1452 455 1481 m
474 1452 558 1492 me,
582 1438 663 1482 hoc
686 1446 773 1493 est,
798 1438 842 1482 in
863 1453 990 1482 earne
1012 1453 1107 1482 mea
1130 1439 1321 1483 bonum:
1339 1437 1451 1482 velle

63 1524 84 1547 »
109 1507 223 1552 enim
247 1508 412 1568 adjacet
443 1508 566 1563 mibi,
598 1473 805 1569 persiccie
834 1519 979 1554 autem
1004 1511 1170 1554 bonurn
1205 1526 1294 1555 non
1327 1511 1451 1555 inve-

61 1595 82 1619 »
110 1578 226 1622 ni03.
246 1596 265 1619 »
287 1581 378 1623 Hoc
398 1578 495 1623 ideo
515 1578 680 1624 dictum
701 1589 779 1635 est,
795 1582 896 1641 quia
909 1590 1014 1626 tunc
1030 1582 1252 1641 perficitur
1266 1582 1467 1636 bonum,.
1491 1581 1497 1593 ’
1520 1625 1527 1635 x

47 1647 239 1709 -quando
269 1647 481 1694 desideria
512 1649 624 1694 mala
658 1650 778 1695 nulla
813 1661 942 1696 sunt:
971 1652 1083 1696 sicut
1103 1662 1209 1696 tunc
1231 1652 1454 1712 perficitur

60 1719 242 1775 malum,
267 1720 446 1780 quando
467 1721 588 1765 malis
612 1721 833 1766 desideriis
855 1723 1073 1767 obeditur.
1095 1721 1287 1776 ‘Quando
1307 1733 1451 1768 autem

59 1800 162 1836 sunt
183 1791 381 1851 quidem,
399 1792 474 1837 sed
491 1808 580 1837 non
598 1794 657 1837 eis
675 1794 881 1838 obeditur
898 1815 908 1852 ·,
934 1810 1014 1839 nec
1030 1783 1195 1839 melum
1211 1795 1450 1854 perficitur,
1470 1829 1482 1873 j

61 1861 164 1921 quia
186 1877 276 1907 non
298 1864 356 1907 eis
381 1862 613 1921 obeditur,
639 1879 719 1908 nec
742 1866 906 1909 bonum
925 1900 936 1919 ,
962 1866 1063 1925 quia
1087 1875 1189 1909 sunt
1212 1885 1220 1910 z
1245 1867 1318 1910 sed
1339 1866 1387 1909 fit
1404 1881 1454 1909 cx

61 1931 207 1992 aliqua
229 1942 352 1993 parte
376 1933 561 1988 bonum,
590 1934 690 1994 quia
710 1935 1073 1995 concupiscentiae
1097 1936 1221 1979 malae
1244 1951 1331 1980 non
1349 1951 1448 1980 con—

60 2004 273 2062 sentitur3
305 2013 348 2048 et
381 2019 431 2048 ex
466 2003 610 2064 aliqua
644 2014 766 2064 parte
788 2014 984 2050 remanet
1015 2005 1207 2063 malurn,
1245 2007 1348 2066 quia
1386 2006 1453 2049 vel

59 2068 413 2139 concupiscitur}
427 2073 530 2119 Ideo
552 2089 655 2134 ergo
673 2076 907 2128 Apostolus
930 2092 1019 2120 non
1043 2077 1103 2120 ait
1122 2076 1263 2121 facere
1288 2077 1452 2121 bonum

60 2144 140 2188 sibi
159 2160 247 2190 non
265 2144 462 2205 adjacere
476 2180 486 2200 ,
504 2145 580 2190 sed
603 2147 824 2205 perficere.
852 2146 1042 2192 Multum
1062 2149 1178 2193 enim
1203 2148 1306 2192 boni
1328 2146 1449 2201 facit,

60 2216 137 2276 qui
162 2214 265 2262 facit
284 2216 404 2277 quod
427 2217 636 2277 scriptum
660 2228 746 2273 est,
786 2238 804 2260 «
833 2222 933 2263 Post
959 2219 1331 2277 concupiscentias
1360 2228 1453 2262 tuas

63 2304 83 2327 »
110 2301 200 2331 non
215 2302 285 2332 eas
300 2288 338 2332 ⁴:
357 2305 376 2329 »
393 2287 468 2332 sed
485 2303 574 2332 non
591 2289 760 2348 perficit
782 2289 884 2349 quia
908 2304 994 2333 non
1018 2289 1171 2348 implet
1187 2288 1306 2348 quod
1324 2290 1452 2347 scrip-

60 2366 155 2403 tum
178 2368 267 2415 est,
308 2378 326 2402 «
359 2361 456 2405 Non
478 2361 800 2420 concupisces⁵.
831 2379 850 2402 »
877 2360 945 2404 Ad
967 2361 1049 2405 hoc
1085 2376 1188 2419 ergo
1220 2360 1326 2405 dixit
1355 2361 1448 2414 lex,

63 2431 202 2476 «Non
234 2431 537 2492 concupisces,
575 2450 595 2473 »
626 2444 675 2476 ut
709 2447 788 2476 nos
819 2431 864 2475 in
893 2432 978 2477 hoc
1000 2432 1155 2477 morbo
1183 2432 1450 2478 invenientes

110 2539 119 2555 ¹
139 2535 228 2566 Rom.
249 2543 298 2573 vl,
318 2534 367 2566 13.
389 2550 425 2557 ——-
445 2541 458 2557 ¹
475 2535 522 2566 ld.
542 2545 596 2567 vn.
618 2551 659 2558 -·
679 2533 786 2566 3lbid.
814 2535 851 2566 18
866 2552 905 2557 -
925 2534 940 2562 4
957 2534 1055 2567 Eccli.
1076 2546 1168 2575 xvnr,
1190 2534 1243 2567 30.
1261 2552 1302 2558 -
1318 2534 1331 2558 5
1347 2534 1446 2566 Exoei.

62 2597 100 2619 xx
116 2613 123 2627 ,
153 2598 201 2628 ¹7.
