1804 3205
309 221 470 248 con-rm
505 219 610 247 nuAs
643 222 774 249 nris-r.
812 223 1040 250 remman.
1081 226 1159 249 mn.
1200 226 1243 249 ιι.
1388 212 1472 252 439

88 295 203 328 trum
218 299 274 328 ne
296 285 476 342 longum
495 285 583 337 fiat,
607 301 739 345 quam
763 303 903 332 causae
923 288 1054 348 ipsius
1077 290 1303 332 necessitas
1326 298 1475 346 postu-

86 354 179 411 lat,
207 354 314 415 quid
350 370 459 414 opus
483 365 546 400 est
583 372 631 401 ea
662 372 840 417 quoque
872 357 1067 402 relcllere
1086 393 1098 411 ,
1127 374 1225 417 quse
1259 358 1474 416 dogmatis

85 440 234 469 eorum
267 423 469 470 insidiosa
503 441 668 470 venena
705 443 794 472 non
824 429 1083 482 continent,
1113 428 1187 472 scd
1221 437 1391 472 tantum
1431 430 1474 473 in

86 495 294 541 auxilium
316 511 442 540 suum
461 531 472 551 ,
495 496 564 541 vel
586 513 665 557 pro
686 498 898 544 catholica
923 499 1008 543 side
1034 508 1185 544 contra
1210 499 1476 544 Manichaeo-

87 583 200 623 rum,
225 567 334 612 sicut
356 567 614 628 loquuntur,
637 570 962 628 profanitatem,
981 570 1309 615 consensionem
1326 570 1476 615 Orien-

86 638 238 682 talium
268 639 572 697 episcoporum
593 639 800 684 videntur
826 655 1080 700 exposcere3
1112 639 1223 684 nihil
1257 639 1375 684 aliud
1407 641 1478 684 ni-

86 717 242 763 tentes,
255 709 336 753 nisi
354 719 403 753 ut
421 709 620 754 horribili
640 711 791 754 haeresi
807 712 995 771 objecta,
1013 712 1139 771 cujus
1153 726 1196 754 se
1214 709 1477 755 adversarios

85 793 175 823 esse
196 779 487 838 confingunt,
510 780 673 824 lateant
694 781 857 826 inimici
887 783 1033 840 gratiae
1056 782 1097 826 in
1131 780 1258 825 laude
1288 789 1471 826 naturae.

85 850 191 902 Quis
212 850 324 894 enim
350 851 410 894 eis
432 851 534 896 hinc
548 852 787 897 commovit
805 852 1039 911 aliquando
1056 851 1371 911 quaestionem?
1387 853 1476 894 Aut

83 921 153 965 cui
173 920 503 966 catholicorum
527 931 757 981 propterea
779 922 1025 982 displicent,
1050 922 1151 982 quia
1175 921 1387 966 damnant
1404 935 1477 965 eos

82 1006 192 1051 quos
221 990 421 1050 praedixit
451 993 684 1051 Apostolus
718 1008 958 1038 recessuros
992 1009 1014 1036 a
1049 991 1162 1045 fide,
1197 991 1476 1035 cauteriatam

82 1062 294 1107 habentes
316 1063 643 1116 conscientiam,
666 1083 685 1105 α
704 1064 986 1121 prohibentes
1011 1062 1193 1114 nubere,
1215 1060 1477 1105 abstinentes

84 1151 104 1175 »
127 1147 150 1177 a
172 1133 279 1177 cibis
300 1167 310 1186 ‚
348 1147 459 1192 quos
487 1133 738 1178 immundos
771 1142 955 1192 putant,
991 1146 1071 1176 nec
1107 1139 1308 1190 putantes
1335 1146 1357 1174 a
1390 1133 1478 1175 Deo

84 1222 105 1246 ι»
130 1212 288 1247 cuncta
310 1217 401 1247 esse
422 1203 598 1248 condita
614 1205 686 1244 ¹?»
700 1204 804 1256 Quis
827 1218 900 1247 eos
924 1200 1159 1261 aliquando
1182 1215 1340 1258 negare
1363 1215 1480 1244 com·

83 1273 222 1333 pulit,
253 1273 373 1333 quod
409 1274 550 1318 omnis
582 1283 779 1318 creatura
816 1274 890 1317 Dei
916 1274 1027 1318 bona
1050 1273 1131 1325 sit,
1157 1280 1200 1316 et
1223 1270 1343 1315 nulla
1373 1270 1479 1314 sub-

82 1344 239 1389 stantia
262 1344 316 1389 sit
344 1359 477 1404 quam
503 1359 592 1388 non
623 1359 816 1389 summus
842 1342 989 1388 fecerit
1014 1346 1128 1387 Deus
1150 1342 1230 1386 nisi
1252 1342 1341 1400 ipse
1364 1344 1478 1386 Deus

81 1416 160 1476 qui
180 1430 271 1460 non
288 1424 352 1459 est
373 1416 429 1459 ab
452 1414 601 1475 aliquo
623 1413 796 1459 factus?
814 1417 911 1460 Non
935 1415 1012 1458 ista
1035 1414 1080 1456 in
1098 1413 1175 1466 eis,
1191 1426 1291 1471 quae
1312 1421 1482 1456 constat

82 1501 175 1532 esse
196 1485 425 1540 catholica,
450 1486 836 1545 reprehenduntur
862 1495 993 1545 atque
1015 1484 1295 1528 damnantur.
1319 1483 1481 1541 Impie-

69 1566 215 1602 -tatem
239 1557 403 1617 quippe
424 1557 767 1602 Manichaeorum
800 1557 985 1600 nimium
1015 1553 1191 1600 stultam
1223 1562 1266 1597 et
1289 1554 1479 1608 noxiam,

81 1643 170 1672 non
193 1630 333 1672 solum
352 1628 461 1672 fides
479 1626 694 1672 catholica
710 1626 952 1672 detestatur
965 1647 976 1682 ς
990 1624 1276 1671 verumetiam
1289 1623 1482 1668 haeretici

80 1713 248 1753 omnes,
269 1698 449 1758 quinon
471 1706 573 1742 sunt
593 1697 838 1742 Manichaei.
860 1695 985 1741 Unde
1007 1705 1049 1740 et
1072 1695 1140 1739 isti
1156 1691 1375 1750 Pelagiani
1397 1692 1480 1737 hoc

80 1769 192 1813 bene
203 1767 649 1821 faciunt‚Manichaeis
665 1766 895 1810 anathema
913 1765 1072 1819 dicere,
1085 1772 1296 1808 eteorum
1317 1763 1479 1806 errori-

80 1839 161 1883 bus
172 1838 487 1883 contradicere.
509 1836 594 1882 Sed
609 1836 778 1881 faciunt
793 1835 883 1880 duo
896 1834 1023 1889 mala,
1039 1834 1200 1895 quibus
1221 1842 1264 1877 et
1278 1832 1359 1891 ipsi
1382 1847 1479 1877 ana-

79 1908 394 1953 thematizandi
409 1919 537 1953 sunt:
558 1922 718 1961 unum,
734 1905 854 1966 quod
878 1905 1113 1950 catholicos
1133 1902 1477 1949 Manichaeorum

79 1980 256 2025 nomine
278 1979 565 2024 criminantur
594 1997 603 2023 ε
636 1977 822 2022 alterum
838 2012 849 2032 ,
877 1975 998 2036 quod
1021 1975 1151 2020 etiam
1174 1974 1255 2033 ipsi
1278 1973 1474 2017 haeresim

80 2051 180 2094 novi
211 2051 367 2095 erroris
398 2049 632 2094 inducunt.
671 2050 824 2107 Neque
848 2048 963 2091 enim
999 2046 1099 2105 quia
1131 2043 1477 2088 Manichaeorum
1516 2043 1523 2049 “

78 2123 234 2166 morbo
267 2137 356 2166 non
389 2121 592 2165 laborant
621 2154 632 2174 ‚
680 2128 908 2178 propterea
944 2117 1046 2161 fidei
1077 2130 1192 2160 sanae
1221 2123 1336 2158 sunt.
1378 2116 1476 2159 Non

82 2207 217 2236 unum
233 2191 493 2251 pestilentiae
507 2199 573 2234 est
585 2205 739 2249 genus,
756 2203 887 2250 quem
895 2187 1129 2232 admodum
1145 2186 1188 2230 in
1201 2184 1473 2244 corporibus,

79 2263 136 2306 ita
161 2272 206 2307 et
226 2262 272 2306 in
288 2262 528 2306 mentibus.
553 2261 675 2306 Sicut
704 2275 807 2318 ergo
828 2258 1023 2302 medicus
1044 2254 1236 2314 corporis
1257 2269 1345 2297 non
1367 2269 1475 2298 con-

81 2333 205 2376 tinuo
227 2332 551 2392 pronuntiasset
572 2347 595 2375 a
618 2331 771 2375 mortis
794 2328 990 2388 periculo
1012 2326 1222 2379 liberum,
1247 2339 1377 2383 quem
1396 2339 1476 2367 ne-

83 2412 220 2462 gasset
252 2402 546 2462 hydropicum
570 2436 581 2456 ,
625 2402 659 2445 si
690 2400 776 2444 alio
810 2398 961 2444 lethali
998 2396 1152 2441 morbo
1195 2395 1475 2454 perspexisset

83 2484 295 2534 aegrotum
319 2493 330 2518 ι
353 2474 413 2517 ita
433 2473 524 2516 istis
551 2487 639 2516 non
667 2471 763 2515 ideo
783 2470 941 2514 veritas
965 2467 1208 2525 gratulatur
1226 2502 1235 2517 ,
1263 2467 1361 2524 quia
1385 2468 1474 2509 Ma-

135 2566 140 2579 ¹
168 2569 177 2589 ¹
200 2558 280 2590 Tim.
304 2569 351 2597 tv,
374 2569 384 2589 ι
408 2563 440 2589 et
467 2568 551 2598 seqq.
