1804 3205
318 224 370 250 niz
404 222 543 251 AmMA
577 225 629 252 ιτ
661 225 757 252 mus
790 224 984 264 ommim,
1022 226 1104 252 Lm.
1141 227 1189 252 11.
1366 215 1452 255 329

60 298 291 349 antequam
315 304 392 348 per
414 305 588 334 carnem
607 291 926 350 inquinaretur,
944 300 993 335 ut
1010 306 1088 350 per
1108 306 1282 335 carnem
1307 292 1455 353 inqui-—

58 360 149 403 nari
170 368 421 404 mereretur.
445 361 581 415 Dicat,
605 362 638 404 si
664 370 821 420 potest,
847 361 966 421 quod
989 360 1113 406 nullo
1131 360 1264 406 modo
1277 372 1419 421 potest
1439 385 1450 421 3

55 431 156 490 quia
179 431 372 475 invenire
396 431 464 476 hic
487 431 595 491 quid
617 447 768 476 verum
805 432 920 478 dicat
935 468 946 488 ‚
972 433 1152 478 omnino
1181 448 1270 477 non
1292 442 1449 492 potest.

114 504 216 546 XII.
255 505 362 546 Item
381 502 605 563 aliquanto
628 513 723 562 post
742 503 826 548 ait:
857 524 876 546 «
898 504 1054 548 Anima
1074 503 1223 564 itaque
1242 504 1275 548 si
1300 519 1455 564 pecca-

56 573 137 618 trix
164 588 252 617 esse
275 576 431 618 meruit
453 609 465 629 ‚
491 590 591 634 quae
615 575 832 634 peccatrix
866 590 957 620 esse
984 590 1072 620 non
1106 575 1279 635 potuit,
1309 584 1454 621 tamen

54 659 198 705 neque
227 645 271 688 in
295 655 474 704 peccato
503 647 738 702 remansit,
763 648 865 707 quia
887 647 932 692 in
952 647 1126 693 Christo
1148 647 1448 706 praefigurata,

52 717 98 760 in
123 725 300 775 peccato
318 731 408 761 esse
426 733 515 762 non
537 717 709 774 debuit,
732 719 844 764 sicut
866 734 957 764 esse
977 734 1065 763 non
1089 719 1249 779 potuit.
1279 737 1298 760 »
1327 721 1451 777 Rogo

53 796 110 841 te,
129 785 274 842 frater,
287 797 494 847 putas-ne
508 789 587 834 ista
607 790 759 835 saltem
778 799 925 850 postea
937 790 1076 850 legisti
1095 799 1138 835 et
1152 788 1448 845 considerasti,

46 866 89 901 et
111 857 219 916 quid
234 859 277 902 in
294 860 504 904 recitante
526 859 785 916 laudaveris,
804 861 872 906 vel
892 860 1010 905 unde
1027 869 1125 920 post
1147 860 1450 905 recitationem

46 928 203 986 gratias
233 930 370 988 egeris
399 931 637 989 cogitasti?
665 931 782 984 Quid
807 941 897 987 est,
918 932 1098 977 obsecro
1121 941 1163 976 te
1196 951 1204 976 ;
1241 950 1262 973 «
1294 931 1451 976 Anima

46 999 193 1060 itaque
224 1001 256 1043 si
291 1002 503 1059 peccatrix
532 1017 622 1046 esse
656 1003 840 1057 meruit,
866 1018 966 1062 quae
987 1003 1206 1061 peccatrix
1237 1016 1330 1046 esse
1356 1016 1448 1046 non

53 1072 224 1129 potuit?
240 1072 355 1123 Quid
377 1082 441 1116 est
463 1073 623 1117 meruit
641 1082 684 1116 et
705 1089 794 1118 non
817 1074 962 1132 potuit
982 1094 993 1131 3
1021 1091 1041 1115 »
1062 1089 1164 1118 cum
1188 1072 1343 1117 mereri
1366 1073 1449 1117 hoc

53 1156 141 1185 non
160 1142 382 1200 potuisset,
409 1142 488 1186 nisi
516 1143 735 1201 peccatrix
751 1142 904 1188 fuisset
931 1165 941 1201 3
977 1159 1067 1188 non
1100 1152 1245 1188 autem
1278 1142 1445 1198 fuisset,

51 1212 131 1255 nisi
154 1227 244 1256 esse
259 1213 470 1272 potuisset
495 1235 505 1270 3
524 1222 574 1258 ut
586 1223 687 1258 ante
701 1229 832 1258 omne
848 1214 1014 1258 malum
1036 1214 1240 1258 meritum
1266 1228 1449 1273 peccans

47 1283 149 1326 inde
170 1283 252 1327 sibi
275 1285 477 1328 meritum
491 1284 671 1340 faceret,
693 1287 812 1329 unde
827 1286 883 1329 ad
897 1285 979 1330 alia
1003 1294 1197 1344 peccata,
1221 1284 1448 1331 deserente

46 1353 249 1409 Domino,
274 1354 524 1413 perveniret
545 1357 563 1399 P
586 1358 654 1399 An
680 1355 778 1400 ideo
801 1354 925 1410 dixit,
954 1375 974 1398 «
1001 1372 1100 1416 quae
1121 1357 1337 1416 peccatrix
1359 1370 1451 1401 esse

44 1439 134 1468 non
156 1425 302 1483 potuit
324 1460 334 1479 ,
365 1443 384 1466 »
411 1425 511 1484 quia
540 1426 622 1469 nisi
654 1425 699 1469 in
718 1440 894 1470 carnem
912 1426 1096 1481 veniret,
1122 1427 1340 1485 peccatrix
1358 1440 1449 1470 esse

43 1509 133 1538 non
160 1503 303 1553 posset
336 1496 354 1538 Ξ)
386 1495 503 1548 Quid
541 1510 642 1553 ergo
673 1496 862 1550 meruit,
898 1505 950 1540 ut
977 1511 1029 1541 eo
1063 1497 1332 1551 mitteretur,
1371 1496 1450 1540 ubi

43 1564 260 1622 peccatrix
295 1579 386 1609 esse
414 1574 588 1624 posset,
618 1580 708 1624 quo
741 1565 820 1609 nisi
851 1566 1066 1622 venisset,
1102 1566 1206 1610 alibi
1233 1567 1449 1625 peccatrix

43 1648 132 1678 esse
156 1649 245 1678 non
264 1644 408 1693 posset
429 1636 447 1678 P
467 1635 590 1679 Dicat
605 1670 616 1690 ,
642 1635 751 1694 quid
770 1636 943 1680 meruit.
974 1636 1016 1681 Si
1039 1636 1156 1680 enim
1181 1637 1341 1680 meruit
1358 1651 1449 1681 esse

43 1705 260 1763 peccatrix
276 1740 287 1762 ,
305 1704 471 1765 aliquid
489 1707 582 1765 jam
600 1714 874 1764 peccaverat,
892 1705 1011 1749 unde
1033 1715 1276 1750 mereretur
1289 1706 1449 1750 iterum

43 1791 134 1820 esse
156 1777 387 1834 peccatrix.
424 1777 509 1821 Sed
540 1777 633 1820 haec
655 1776 846 1820 fortassis
875 1776 1060 1820 obscura
1082 1791 1172 1821 esse
1197 1775 1445 1832 videantur,

46 1855 122 1891 aut
156 1847 340 1891 obscura
363 1861 453 1890 esse
480 1847 723 1905 jactentur,
750 1861 850 1890 cum
871 1846 957 1890 sint
985 1848 1267 1906 apertissima.
1299 1850 1449 1907 Neque

45 1919 161 1961 enim
183 1917 328 1961 dicere
346 1917 518 1971 debuit,
537 1936 556 1959 «
579 1918 702 1977 quod
724 1919 869 1961 anima
893 1918 1100 1962 meruerit
1118 1919 1336 1978 peccatrix
1357 1934 1448 1965 esse

47 2005 123 2049 per
139 2004 332 2044 carnem,
362 2007 382 2031 »
408 1989 534 2048 cujus
566 2004 646 2033 nec
680 1989 848 2034 honum
867 2004 948 2034 nec
970 1989 1134 2034 malum
1153 1989 1357 2034 meritum
1380 2005 1448 2034 re-

46 2061 185 2120 perire
202 2061 364 2120 poterit
385 2070 486 2104 ante
507 2075 700 2104 carnem.

107 2133 234 2175 XIII.
262 2131 346 2176 Sed
362 2131 416 2176 ad
439 2129 731 2176 manifestiora
754 2132 993 2177 veniamus.
1019 2133 1131 2176 Cum
1147 2133 1261 2176 enim
1285 2131 1448 2190 magnis

47 2211 344 2247 coarctaretur
367 2203 592 2261 angustiis,
618 2201 843 2262 quomodo
866 2203 1022 2247 animae
1039 2202 1259 2261 originalis
1279 2203 1447 2262 peccati

48 2273 224 2318 vinculo
247 2282 482 2318 teneantur
502 2273 721 2318 obstrictae
743 2307 754 2327 ,
779 2274 813 2317 si
840 2288 930 2317 non
960 2288 1011 2316 ex
1028 2271 1100 2317 illa
1119 2273 1299 2317 trahunt
1315 2273 1448 2332 origi-

50 2358 149 2387 nem
166 2359 266 2403 quae
280 2345 418 2403 prima
433 2345 644 2402 peccavit,
658 2342 734 2388 sed
751 2359 819 2388 eas
833 2358 963 2403 puras
982 2344 1036 2388 ab
1050 2344 1169 2387 omni
1185 2344 1446 2403 contagione

46 2422 93 2457 et
109 2415 420 2473 propagatione
438 2416 618 2474 peccati,
634 2413 864 2473 peccatrici
881 2414 1002 2457 carni
1024 2415 1205 2459 Creator
1222 2415 1442 2473 insusslat3

52 2498 106 2528 ne
129 2484 300 2528 dicatur
321 2483 399 2539 illi,
419 2485 539 2544 quod
561 2485 621 2528 sic
650 2483 916 2529 insufflando
940 2500 1009 2530 eas
1029 2488 1142 2530 Deus
1159 2485 1292 2530 efficit
1314 2500 1405 2529 reas
1431 2504 1441 2530 z

56 2554 194 2612 primo
210 2554 264 2598 de
278 2555 544 2613 praescientia
567 2555 642 2598 Dei
656 2555 767 2599 hanc
787 2555 1036 2614 opinionem
1057 2556 1228 2600 munire
1243 2555 1442 2609 tentavit,
