1784 3205
313 204 364 237 22
731 210 763 238 s.
800 211 1026 238 AthssTml
1062 211 1238 239 El’lscovl

309 274 469 318 multos
493 274 620 318 etiam
639 275 684 317 in
707 275 786 318 hae
813 274 897 318 vita
920 274 1108 333 potuisse
1123 308 1133 328 ‚
1155 274 1198 316 111
1221 289 1306 332 qua
1327 288 1376 316 ox
1400 271 1484 315 fide
1508 271 1690 326 vivitur,

311 361 399 389 non
417 359 638 402 negamus.

367 417 530 459 XXIV.
572 416 666 459 Hoc
687 423 730 458 et
750 413 825 458 illo
851 413 1098 458 testimonio
1131 414 1414 457 confirmatur
1434 446 1445 465 ,
1472 410 1590 470 quod
1618 411 1694 455 iste

311 494 626 545 consequenter
645 485 841 545 adjunxit
863 485 918 529 ab
939 484 1093 529 eodem
1114 485 1198 529 Job
1221 484 1387 527 dictum
1406 503 1414 527 ;
1440 501 1459 524 «
1480 485 1593 526 Ecce
1617 496 1696 540 ego

310 575 331 599 »
353 557 572 616 proximus
583 556 852 616 sumjudicio
869 571 982 611 meo,
1003 564 1044 599 et
1062 556 1148 599 scio
1161 556 1410 615 quiajustus
1427 554 1662 597 inveniat-².
1674 571 1693 594 »

308 631 402 672 Hoc
423 628 537 671 enim
556 637 618 671 est
634 627 865 686 judicium,
891 626 945 670 de
969 642 1058 686 quo
1082 625 1183 670 alibi
1204 625 1365 669 dicitur
1386 643 1395 669 ι
1419 642 1439 666 1(
1464 627 1521 668 Et
1542 623 1699 667 educet

312 718 330 739 υ
367 699 489 757 quasi
518 698 666 742 lumen
693 699 905 757 justitiam
932 707 1049 742 tuam
1071 732 1081 751 ‚
1109 706 1151 740 et
1179 697 1395 755 judicium
1424 705 1550 739 tuum
1579 694 1700 739 velut

310 787 329 809 ³)
366 768 632 811 meridiem&
659 786 678 808 »
703 769 898 827 Denique
916 783 1005 812 non
1023 767 1145 821 dixit,
1169 767 1228 810 ibi
1249 782 1373 824 sum3
1399 767 1491 820 sed,
1516 785 1536 807 «
1558 766 1699 824 proxi-

312 858 333 881 »
365 855 461 883 mus
483 854 623 883 sum.»
639 839 769 892 Quod
784 840 818 883 si
833 838 1048 898 judicium
1071 853 1199 881 suum
1221 837 1332 881 illud
1348 836 1698 895 intelligivoluit,

309 925 398 953 non
422 925 510 968 quo
534 909 622 967 ipse
640 907 857 968 judicabit
878 943 888 963 ‚
915 907 989 952 sed
1013 920 1101 967 quo
1129 908 1175 951 in
1199 908 1285 951 fine
1318 916 1381 950 est
1404 905 1667 966 judicandus
1685 940 1698 961 ‚

309 980 412 1039 justi
436 981 481 1024 in
503 979 578 1024 illo
591 980 756 1039 judicio
778 979 1057 1024 invenientur
1080 993 1229 1022 omnes
1246 1013 1257 1033 ‚
1283 978 1360 1037 qui
1380 993 1470 1021 non
1492 976 1702 1021 fallaciter

312 1051 465 1094 dicunt
484 1070 492 1095 z
522 1070 542 1092 (t
568 1051 745 1094 Dimitte
767 1050 894 1095 nohis
915 1049 1062 1094 debita
1081 1058 1242 1104 nostra,
1263 1049 1372 1093 sicut
1389 1058 1434 1092 et
1450 1063 1528 1092 nos
1551 1047 1720 1092 dimit--v

315 1139 335 1162 »
358 1122 489 1167 timus
507 1121 779 1165 debitoribus
800 1121 1115 1165 nostris³.»Per
1137 1121 1251 1163 hanc
1271 1119 1384 1162 enim
1409 1117 1704 1162 dimissionem

314 1192 414 1250 justi
432 1192 708 1235 invenientur
735 1212 745 1249 3
776 1206 826 1235 eo
849 1190 970 1251 quod
991 1205 1040 1234 ea
1054 1205 1153 1250 quae
1171 1190 1241 1233 hic
1262 1189 1487 1233 habebant
1508 1197 1701 1248 peecata,

313 1259 596 1318 eleemosynis
614 1261 885 1305 deleverunt.
913 1261 1039 1304 Unde
1054 1260 1265 1304 Dominus
1282 1259 1388 1303 dicit
1410 1279 1449 1304 2«
1467 1262 1574 1304 Date
1588 1258 1706 1304 elee-

317 1350 338 1374 »
365 1347 590 1389 mosynam
609 1366 619 1387 ‚
641 1340 685 1375 et
699 1346 797 1375 ecce
819 1332 969 1376 omnia
986 1331 1159 1374 munda
1180 1340 1282 1374 sunt
1303 1330 1459 1375 vobis4.
1474 1349 1494 1371 n
1512 1330 1710 1389 Denique

316 1401 397 1446 hoe
417 1401 587 1446 dicetur
601 1402 727 1461 justis
750 1402 795 1445 in
818 1416 1001 1459 regnum
1023 1402 1284 1460 promissum
1308 1400 1432 1445 ituris
1459 1419 1468 1445 :
1498 1419 1517 1442 «
1535 1400 1707 1445 Esurivi

313 1489 332 1514 »
359 1466 490 1527 enim,
516 1481 560 1517 et
575 1473 751 1517 dedistis
774 1473 880 1516 mihi
909 1472 1201 1517 manducare⁵
1230 1490 1278 1517 ε»
1305 1482 1348 1516 et
1368 1481 1529 1516 caetera
1554 1473 1706 1532 hujus-

309 1543 445 1588 modi.
472 1544 556 1588 Sed
578 1543 696 1588 aliud
719 1553 808 1598 est,
834 1558 923 1588 esse
945 1544 1036 1588 sine
1063 1553 1271 1603 peccato,
1297 1542 1419 1604 quod
1448 1542 1504 1587 de
1533 1542 1626 1588 solo
1661 1544 1708 1587 in

312 1615 393 1658 hac
415 1614 503 1659 vita
524 1615 758 1673 Unigenito
780 1613 949 1659 dictum
968 1623 1032 1659 est
1058 1635 1069 1672 3
1095 1614 1215 1659 aliud
1232 1650 1243 1672 ‚
1271 1630 1360 1659 esse
1390 1615 1482 1658 sine
1504 1613 1706 1674 querela,

317 1685 438 1745 quod
460 1684 514 1729 de
535 1684 683 1729 multis
702 1686 829 1745 justis
851 1685 981 1730 etiam
995 1686 1048 1741 *in
1070 1686 1151 1730 hac
1173 1685 1260 1730 vita
1285 1686 1372 1731 dici
1394 1685 1538 1745 potuit
1559 1705 1567 1731 :
1597 1701 1710 1746 quo-

317 1756 434 1799 niam
457 1764 521 1799 est
542 1755 722 1814 quidam
744 1754 901 1800 modus
923 1755 1052 1800 bonae
1074 1756 1191 1811 vitae,
1223 1756 1277 1800 de
1299 1772 1387 1816 quo
1409 1757 1537 1800 etiam
1561 1757 1607 1800 in
1629 1757 1710 1801 ista

318 1827 511 1870 humana
540 1827 882 1882 conversatione,
897 1828 1014 1886 justa
1031 1827 1211 1886 querela
1228 1842 1318 1872 esse
1337 1843 1427 1872 non
1438 1828 1587 1887 possit,
1605 1828 1710 1881 Quis

318 1897 433 1940 enim
451 1899 567 1956 juste
586 1898 784 1957 queritur
807 1897 862 1942 de
880 1898 1079 1953 homine,
1105 1899 1180 1958 qui
1203 1900 1366 1943 nemini
1383 1899 1495 1944 male
1516 1898 1639 1955 vult,
1668 1908 1712 1943 et

320 1966 480 2027 quibus
518 1975 659 2025 potest
695 1967 882 2012 fideliter
914 1968 1115 2024 consuli,
1149 1985 1229 2014 nec
1264 1980 1417 2015 contra
1449 1971 1710 2030 cujusquam

322 2037 497 2095 injurias
530 2046 649 2081 tenet
670 2037 896 2082 libidinem
925 2039 1205 2094 vindicandi,
1236 2050 1286 2084 ut
1319 2042 1527 2085 veraciter
1555 2041 1672 2086 dicat
1698 2059 1707 2085 ε

328 2125 348 2149 «
375 2107 494 2152 Sicut
516 2116 559 2151 et
581 2123 658 2152 nos
673 2108 933 2153 dimittimus
954 2109 1225 2155 debitoribus
1247 2112 1542 2156 nostrisfl.»Et
1564 2121 1712 2156 tamen

325 2192 376 2221 eo
395 2178 487 2236 ipso
509 2178 629 2237 quod
649 2194 801 2223 verum
826 2179 930 2223 dicit
953 2198 962 2224 2
991 2181 1223 2236 «Dimitte,
1240 2181 1351 2226 sicut
1377 2191 1419 2226 et
1434 2197 1512 2227 nos
1527 2182 1711 2227 dimitti-

329 2264 349 2288 »
364 2262 457 2290 mus
471 2268 481 2304 3
496 2266 515 2289 »
532 2248 623 2292 sine
645 2258 822 2308 peccato
840 2265 883 2293 se
900 2266 990 2294 non
1010 2265 1099 2295 esse
1121 2250 1325 2296 declarat.

387 2319 525 2361 XXV.
549 2318 656 2362 Inde
671 2328 733 2362 est
751 2319 871 2379 quod
893 2319 1012 2364 dicit.
1039 2340 1059 2362 «
1084 2321 1201 2367 Nihil
1222 2322 1423 2382 iniquum
1445 2332 1535 2367 erat
1552 2324 1598 2367 in
1618 2338 1712 2368 ma-

334 2406 352 2428 »
380 2388 507 2432 nibus
530 2390 657 2445 meis,
683 2389 757 2434 sed
782 2390 945 2435 munda
972 2393 1108 2436 oratio
1133 2395 1268 2437 mea7.
1297 2413 1314 2434 »
1342 2394 1454 2439 Hine
1477 2396 1592 2439 enim
1621 2405 1712 2440 erat

381 2496 386 2510 ¹
408 2490 483 2530 Job,
499 2501 565 2530 xm,
590 2491 731 2532 18juxta
745 2495 841 2525 Lxx.
859 2511 899 2516 —
911 2501 923 2516 ²
939 2494 1021 2526 Psal,
1037 2505 1147 2535 xxxm,
1166 2493 1263 2527 6.—3
1282 2496 1402 2528 Matth.
1424 2507 1469 2538 w,
1488 2506 1537 2530 12.
1551 2513 1589 2521 —
1605 2496 1621 2527 4
1634 2499 1709 2530 Luc.

332 2546 510 2587 x1‚l41.·-
529 2546 542 2570 5
560 2549 676 2579 Matth.
698 2560 770 2591 xxv,
789 2549 845 2582 35.
863 2566 903 2573 -
918 2548 932 2572 6
951 2551 996 2582 Id.
1020 2561 1064 2591 vt,
1087 2561 1136 2584 12.
1151 2568 1190 2574 —
1205 2552 1394 2591 7Job,xv1‚
1423 2555 1471 2585 18.
