1784 3205
317 219 370 258 40
749 228 778 253 5.
819 222 1046 253 *tensum
1079 224 1258 251 Emscom

316 296 443 340 etiam
455 294 561 353 justi
583 291 750 351 antiqui
767 288 1062 342 crediderunt,
1088 286 1237 331 eadem
1255 288 1344 346 ipsa
1359 286 1493 344 gratia
1512 285 1601 343 ejus
1617 285 1697 328 ad-

309 367 422 425 juti,
449 373 497 408 ut
520 361 757 421 gaudentes
788 375 887 403 eum
911 367 1258 418 praenoscerent,
1285 366 1327 400 et
1358 356 1536 415 quidam
1568 356 1697 399 etiam

311 436 655 497 praenuntiarent
683 447 771 476 esse
799 440 1055 487 venturum3
1075 429 1142 473 vel
1171 429 1216 472 in
1237 427 1311 472 illo
1337 424 1502 486 populo
1532 426 1663 470 Israel
1682 459 1694 480 ‚

315 509 427 553 sicut
449 509 642 563 Moyses,
666 513 709 548 et
727 506 850 547 Jesus
871 504 1005 557 Nave,
1027 510 1069 546 et
1092 499 1280 554 Samuel,
1306 508 1348 542 et
1366 496 1519 551 David⁷
1547 506 1590 541 et
1612 512 1698 540 cae-

317 579 394 622 teri
409 577 536 633 tales,
562 576 630 620 vel
661 583 777 619 extra
802 573 943 632 ipsum
965 571 1201 631 populum,
1236 569 1348 613 sicut
1377 569 1485 625 J0h3
1509 566 1580 611 vel
1599 575 1700 610 ante

315 649 454 707 ipsum
476 645 705 706 populum,
732 645 842 688 sicut
868 643 1103 696 Abraham,
1125 641 1236 685 sicut
1250 642 1357 694 Noe,
1376 648 1418 683 et
1432 639 1700 698 quicumque

312 717 382 762 alii
405 726 522 771 sunt,
543 731 651 774 quos
667 713 735 759 vel
749 721 1060 758 commemorat
1076 712 1143 756 vel
1164 720 1276 755 tacet
1296 710 1517 768 Scriptura
1536 707 1695 752 divina.

314 807 333 830 «
360 789 480 831 Unus
514 786 629 828 enim
673 787 808 837 Deus,
850 798 964 826 unus
998 781 1213 825 mediator
1250 781 1327 824 Dei
1360 790 1403 823 et
1433 778 1662 823 hominum
1685 811 1697 833 ,

316 878 329 897 »
357 859 488 902 homo
505 855 702 901 Christus
721 857 843 898 Jesus
859 888 869 908 ‚
891 854 981 897 sine
992 853 1113 912 cujus
1137 852 1274 910 gratia
1291 865 1421 894 nemo
1444 866 1464 893 a
1491 847 1701 894 condem-

312 948 333 972 »
359 929 533 973 natione
551 926 777 980 liberatur,
804 926 891 970 sive
915 939 1047 985 quam
1066 923 1195 968 traxit
1218 938 1269 967 ex
1286 921 1362 966 illo
1379 922 1425 965 in
1440 936 1528 981 quo
1550 934 1700 965 omnes

316 1021 328 1039 »
358 1006 673 1059 peccaverunt,
713 997 801 1040 sive
824 1010 957 1055 quam
986 1003 1135 1054 postea
1161 994 1247 1038 suis
1279 991 1585 1052 iniquitatibus
1623 990 1702 1035 ad-

316 1091 332 1111 »
359 1069 471 1114 dldlt
492 1071 520 1112 ¹.
557 1088 568 1108 ὓ

368 1141 528 1183 XLIII.
556 1137 694 1191 Quale
714 1145 777 1180 est
799 1144 966 1189 autem,
990 1135 1110 1194 quod
1133 1135 1212 1177 iste
1234 1132 1380 1192 posuit
1410 1132 1454 1174 in
1471 1139 1665 1174 extremo
1688 1149 1696 1174 :

313 1234 323 1248 ω
353 1211 393 1254 Si
418 1210 512 1268 quis
535 1208 708 1261 dixerit,
729 1211 878 1250 Potest
894 1206 1009 1261 fieri,
1031 1215 1080 1249 ut
1101 1206 1234 1249 homo
1254 1203 1323 1248 vel
1339 1203 1477 1247 verbo
1495 1218 1584 1247 nou
1603 1217 1703 1260 pec·

307 1281 400 1323 cet?
420 1277 792 1337 Respondendum
810 1286 887 1331 est,
908 1276 1068 1335 inquit,
1089 1276 1131 1319 Si
1149 1275 1243 1319 vult
1259 1277 1389 1328 Deus,
1411 1282 1553 1332 potest
1576 1292 1584 1317 :
1606 1271 1701 1317 vult

309 1352 421 1394 enim
448 1354 580 1403 Deus,
601 1363 702 1406 ergo
719 1357 872 1407 potest.
895 1366 914 1388 »
938 1349 1048 1390 Item
1065 1347 1122 1390 ait
1144 1365 1152 1390 ε
1179 1365 1195 1385 ι(
1220 1346 1263 1390 Si
1281 1346 1376 1404 quis
1392 1345 1563 1398 dixerit,
1587 1344 1703 1387 Fieri

311 1430 474 1480 potest,
500 1429 549 1464 ut
575 1420 709 1463 homo
736 1434 825 1462 non
857 1419 902 1461 in
927 1419 1189 1476 cogitatione
1220 1416 1472 1476 delinquat?
1502 1418 1702 1474 Respon-

311 1491 502 1535 dendum
529 1500 613 1545 est,
641 1491 683 1534 Si
705 1489 799 1534 vult
822 1492 958 1543 Deus,
984 1498 1153 1548 potest:
1176 1486 1270 1532 vult
1288 1487 1403 1530 enim
1426 1489 1539 1529 Deus
1566 1505 1574 1530 :
1600 1500 1703 1544 ergo

312 1570 468 1620 potest.
498 1579 517 1601 »
544 1558 699 1603 Videte
721 1557 1094 1618 quemadmodum
1117 1557 1308 1601 noluerit
1329 1556 1497 1614 dicere3
1523 1556 1564 1600 Si
1588 1559 1704 1599 Deus

313 1631 503 1690 adjuvet,
524 1638 688 1688 potest,
718 1629 787 1673 cui
809 1628 991 1686 dicitur3
1019 1651 1030 1667 «
1062 1629 1247 1686 Adjutor
1272 1642 1392 1670 meus
1414 1634 1527 1680 esto,
1548 1640 1604 1668 ne
1625 1624 1704 1669 de-

317 1719 337 1740 »
358 1700 576 1758 relinquas
593 1714 662 1742 me
684 1700 696 1722 ²
718 1718 725 1742 :
751 1718 768 1738 »
795 1714 883 1742 non
908 1699 1061 1758 utique
1081 1697 1135 1740 ad
1156 1695 1398 1756 corporalia
1419 1695 1535 1740 bona
1557 1710 1705 1754 capes-

314 1770 446 1815 senda
467 1779 509 1813 et
532 1767 643 1812 mala
661 1769 868 1823 cavenda,
888 1769 961 1812 sed
979 1768 1032 1811 ad
1055 1767 1289 1825 gerendam
1305 1764 1706 1825 perficiendamque

310 1840 521 1900 justitiam
536 1860 546 1895 3
560 1847 735 1897 propter
751 1837 870 1896 quod
888 1837 1094 1894 dicimus3
1117 1856 1134 1877 ι(
1156 1839 1218 1881 Ne
1235 1852 1313 1880 nos
1328 1835 1487 1879 inferas
1504 1836 1549 1879 in
1562 1843 1705 1879 tenta-

316 1930 335 1952 »
356 1924 472 1964 nem,
494 1907 569 1952 scd
585 1908 720 1951 libera
738 1922 815 1951 nos
834 1923 856 1951 a
874 1907 1031 1951 malo³.
1052 1925 1071 1947 »
1093 1909 1181 1951 Ncc
1199 1907 1444 1965 adjuvatur,
1468 1905 1548 1948 nisi
1567 1906 1642 1965 qui
1662 1914 1705 1949 et

314 1981 404 2039 ipse
427 1977 592 2037 aliquid
623 1978 710 2035 agit
730 1996 739 2020 ε
765 1977 995 2035 adjuvatur
1018 1985 1186 2031 autem,
1212 1976 1246 2020 si
1268 1977 1464 2030 invocat,
1489 1975 1522 2019 si
1545 1975 1699 2029 credit,

315 2051 349 2094 si
366 2047 607 2093 secundum
623 2046 894 2106 propositum
908 2055 1087 2090 vocatus
1104 2054 1166 2089 est
1182 2064 1190 2089 z
1214 2046 1465 2098 «Quoniam
1480 2061 1590 2105 quos
1605 2054 1706 2090 ante

324 2141 339 2162 »
360 2118 591 2179 praescivit,
613 2127 656 2161 et
673 2117 994 2176 praedestinavit
1016 2115 1260 2160 conformes
1274 2115 1472 2174 imaginis
1497 2116 1595 2159 Filii
1612 2117 1702 2171 sui,

322 2208 342 2232 »
367 2198 416 2233 ut
437 2189 491 2232 sit
514 2188 603 2247 ipse
624 2187 940 2246 primogenitus
960 2188 1005 2230 in
1023 2186 1171 2230 multis
1188 2185 1414 2243 fratribus,
1434 2201 1543 2245 quos
1560 2195 1704 2230 autem

323 2278 344 2300 »
365 2257 703 2318 praedestinavit,
722 2256 818 2301 illos
839 2266 883 2301 et
897 2258 1091 2313 vocavit,
1111 2271 1220 2315 quos
1241 2265 1386 2300 autem
1402 2256 1590 2311 vocavit,
1607 2255 1706 2300 illos

320 2349 341 2371 »
367 2338 410 2373 et
424 2328 696 2388 justificavit3
725 2343 834 2388 quos
854 2337 998 2373 autem
1015 2328 1282 2388 justificavit,
1308 2326 1403 2371 illos
1418 2337 1462 2371 et
1484 2327 1704 2385 glorifica·

318 2419 340 2442 »
360 2400 464 2444 vit4.
488 2416 508 2440 »
525 2398 750 2444 Currimus
767 2413 886 2458 ergo,
906 2414 1005 2444 cum
1026 2398 1292 2458 proficimus,
1305 2397 1410 2441 dum
1428 2397 1584 2442 sanitas
1600 2412 1703 2442 nos-

366 2507 374 2522 ¹
399 2511 412 2534 1
435 2500 514 2534 Tim.
536 2499 557 2534 ii
572 2524 582 2539 ,
611 2499 642 2533 5.
658 2516 699 2525 -
719 2507 731 2523 2
754 2499 834 2535 Psal.
863 2510 956 2543 xxvx,
987 2510 1021 2543 9·
1039 2516 1079 2525 -·-
1099 2498 1112 2524 3
1141 2499 1259 2535 Matth.
1281 2498 1327 2540 vi,
1352 2499 1402 2533 13.
1421 2498 1492 2530 -4
1514 2501 1605 2534 Rom.
1636 2499 1702 2541 vin,

321 2563 374 2597 29,
