1804 3205
506 251 560 279 nn
591 252 732 281 ausus
766 249 952 280 annon.
1370 239 1419 277 91

44 320 167 364 ulcus
186 318 428 363 sanandum
449 318 594 377 potius
617 320 834 378 aperimus
851 351 862 371 ‚
887 330 1018 378 quam
1044 318 1055 342 ¹
1091 314 1201 366 illas,
1226 315 1302 358 ubi
1327 332 1425 359 cum

44 390 120 434 ubi
141 404 241 434 cum
260 389 455 433 dolorem
482 387 621 433 facere
640 390 889 433 timeremus
909 423 920 443 ,
944 398 1161 432 tumorem
1180 421 1191 440 ‚
1214 386 1333 446 quod
1352 401 1428 429 nos

42 461 219 520 paenitet
238 496 248 514 ,
276 459 560 518 augebamus,
593 460 633 505 Si
653 470 796 503 autem
826 460 929 503 mihi
953 457 1081 502 fuerit
1109 457 1241 501 iratus
1260 491 1271 510 ‚
1297 471 1429 516 quam

40 532 190 592 inique
213 532 422 575 irascatur
443 530 667 584 attendat,
694 539 735 574 et
759 540 808 575 ut
830 531 975 574 vincat
997 529 1102 573 iram
1117 563 1128 582 ,
1152 528 1325 572 tandem
1349 527 1430 571 ali-

39 602 218 663 quando
250 602 323 646 Dei
349 601 537 660 postulet
565 602 743 661 gratiam
762 637 773 656 ,
798 617 928 661 quam
955 601 998 643 in
1026 600 1108 643 hoc
1132 598 1299 658 judicio
1322 614 1429 642 con·

39 674 176 718 sessus
205 683 269 717 est
297 673 477 731 singulis
497 673 652 717 nostris
675 674 843 717 actibus
873 672 1152 716 neeessariam
1180 690 1190 727 3
1218 679 1268 714 ut
1285 685 1429 714 veram

39 754 331 804 consequatur
349 744 424 789 illo
447 745 700 804 adjuvante,
728 744 969 789 victoriam.
997 742 1107 796 Quid
1131 742 1246 786 enim
1269 742 1307 785 ei
1329 757 1428 801 pro·

38 823 139 860 sunt
158 824 292 859 tantae
313 816 403 874 ejus
432 814 582 859 laudes
602 816 645 859 in
670 815 872 874 Epistolis
891 815 1210 872 episcoporum,
1228 827 1335 872 quas
1354 826 1432 871 pro

38 901 82 930 se
111 885 541 939 commemorandas,
566 885 634 929 vel
652 886 781 929 etiam
802 885 1006 943 legendas
1030 894 1161 942 atquc
1184 881 1430 940 allegandas

38 956 359 1016 putavit‚quasi
376 971 477 999 cum
501 956 593 999 liaee
616 971 814 1014 perversa
839 954 1014 1006 sentire,
1032 967 1181 996 omnes
1199 953 1275 1011 qui
1299 952 1430 995 vehe-

37 1036 204 1071 mentes
227 1035 270 1070 et
288 1027 479 1086 quodam
500 1027 632 1070 modo
647 1026 849 1070 ardentes
872 1024 926 1069 ad
941 1025 1101 1069 bonam
1125 1024 1256 1068 vitam
1279 1024 1430 1068 exhor-

39 1098 222 1142 tationes
244 1099 337 1156 ejus
360 1097 621 1151 audiebant,
649 1096 773 1141 facile
795 1097 902 1140 scire
925 1096 1161 1154 potuerint.

96 1170 165 1212 LI.
209 1170 262 1212 Et
296 1182 376 1225 ego
398 1168 578 1228 quidem
603 1168 645 1211 in
679 1167 868 1227 Epistola
896 1182 990 1210 mea
1008 1202 1018 1221 ,
1045 1181 1175 1226 quam
1213 1164 1426 1224 protulit,

36 1254 123 1282 non
141 1238 282 1283 solum
302 1238 356 1281 ab
371 1239 463 1298 ejus
479 1238 684 1282 laudibus
706 1238 957 1297 temperavi,
973 1237 1048 1281 sed
1070 1236 1198 1280 etiam
1213 1245 1428 1295 quantum

36 1311 188 1369 potui,
219 1310 310 1353 sine
341 1311 432 1369 ejus
471 1310 765 1354 commotione
792 1308 1069 1368 quaestionis,
1101 1307 1155 1350 de
1186 1307 1262 1350 Dei
1293 1306 1428 1365 gratia

36 1389 152 1424 recte
180 1395 329 1438 sapere
358 1379 581 1424 admonui.
619 1380 710 1423 Dixi
745 1395 843 1422 eum
873 1379 1035 1439 quippe
1057 1379 1099 1421 in
1134 1377 1392 1421 salutatione
1413 1410 1424 1431 ‚

36 1451 268 1494 Dominum
295 1469 303 1495 ε
326 1450 446 1509 quod
469 1450 689 1509 epistolari
711 1466 831 1494 more
853 1466 940 1493 non
967 1449 1220 1494 Christianis
1243 1447 1428 1508 quibus-

33 1521 131 1566 dam
166 1521 357 1565 scribere
385 1521 573 1565 solemus
600 1542 611 1579 3
644 1537 787 1580 neque
809 1522 852 1564 id
887 1520 1184 1574 mendaciter,
1220 1519 1427 1578 quoniam

35 1591 240 1636 omnibus
268 1591 322 1635 ad
341 1591 541 1646 salutem,
569 1608 668 1652 quae
690 1592 734 1635 in
759 1592 932 1636 Christo
954 1601 1033 1645 est,
1055 1589 1425 1650 consequendam,

36 1661 248 1706 debemus
267 1662 458 1722 quodam
485 1661 616 1707 modo
637 1662 818 1706 liberam
842 1662 1110 1706 servitutem.
1125 1661 1217 1704 Dixi
1244 1660 1429 1704 dilectis-

33 1733 190 1777 simum
213 1748 222 1773 :
245 1732 366 1793 quod
389 1742 431 1777 et
454 1748 572 1778 nunc
593 1732 716 1788 dico,
742 1733 820 1778 etsi
844 1734 978 1777 iratus
999 1732 1132 1776 fuerit
1153 1767 1164 1787 ,
1188 1731 1332 1775 adhuc
1355 1731 1425 1775 di-

33 1817 127 1848 cam
149 1824 161 1861 3
184 1805 393 1863 quoniam
419 1804 501 1847 nisi
534 1819 634 1863 erga
669 1819 768 1848 eum
795 1804 1074 1848 dilectionem
1113 1812 1293 1846 tenuero
1315 1837 1326 1855 ,
1351 1801 1427 1845 illo

35 1873 260 1928 irascente,
276 1874 366 1934 ipse
386 1873 492 1917 mihi
515 1874 650 1931 magis
671 1875 856 1917 nocebo.
876 1873 968 1916 Dixi
992 1870 1424 1916 desideratissimum:

33 1944 241 2004 quoniam
259 1943 386 1987 valde
402 1943 632 2001 cupiebam
651 1958 751 1987 cum
775 1952 989 2000 praesente
1013 1942 1178 2002 aliquid
1200 1941 1389 2000 colloqui
1412 1959 1421 1985 :

30 2016 118 2076 jam
151 2015 263 2058 enim
302 2013 521 2058 audieram
554 2024 705 2059 contra
739 2014 921 2072 gratiam
946 2048 957 2067 ,
990 2030 1076 2073 qua
1098 2014 1391 2073 justificamur
1412 2047 1422 2066 ,

36 2086 214 2146 quando
252 2085 354 2129 hinc
389 2085 533 2144 aliqua
565 2085 923 2129 commemoratio
952 2084 1073 2128 fieret
1096 2119 1106 2138 ,
1144 2092 1291 2143 aperta
1325 2097 1427 2126 eum

35 2157 314 2202 contentione
348 2156 511 2201 conari.
553 2157 747 2216 Denique
785 2155 1026 2199 litterarum
1055 2155 1243 2214 ipsarum
1286 2154 1426 2197 brevis

34 2236 177 2272 textus
205 2227 289 2272 hoc
327 2226 492 2271 indicat
513 2246 521 2271 :
546 2243 647 2272 nam
680 2242 780 2271 cum
810 2226 987 2284 egissem
1011 2226 1166 2283 gratias
1186 2260 1196 2280 ,
1220 2224 1338 2285 quod
1356 2239 1424 2268 me

35 2297 205 2357 scriptis
232 2297 319 2342 suis
347 2297 655 2352 exhilarasset,
685 2306 851 2342 certum
882 2296 1083 2340 faciendo
1107 2295 1161 2339 de
1182 2311 1258 2339 sua
1288 2295 1426 2338 salute

36 2383 86 2412 ac
102 2383 299 2422 suorum,
324 2383 434 2428 quos
456 2369 611 2427 utique
632 2369 665 2411 si
688 2376 904 2412 correctos
927 2367 1146 2420 volumus,
1173 2367 1301 2410 etiam
1326 2380 1425 2409 cor-

33 2438 172 2499 porali
192 2438 329 2483 salute
351 2439 489 2484 salvos
508 2439 618 2483 velle
641 2439 850 2483 debemus
876 2459 887 2495 3
919 2453 1021 2482 mox
1039 2437 1079 2481 ei
1095 2437 1210 2481 bona
1234 2437 1379 2496 optavi
1400 2451 1424 2479 a

35 2510 216 2556 Domieo
230 2510 427 2565 retribui,
448 2525 537 2555 non
553 2509 609 2555 ad
625 2510 810 2556 salutem
833 2509 1024 2568 corporis
1046 2508 1321 2567 pertinentia,
1347 2506 1421 2551 sed

87 2601 93 2616 ⁸
120 2592 274 2627 Subaudz'
288 2594 423 2636 accepit.
