1784 3205
349 219 430 258 392
783 232 816 256 s.
853 224 1083 255 AUGUSTINI
1114 225 1294 255 Emscom

351 308 494 342 tamen
517 298 659 342 anima
689 294 926 340 Dinocratis
954 293 1064 337 mori
1096 307 1185 337 non
1210 294 1354 352 potuit
1373 327 1384 349 ,
1422 293 1539 337 unde
1569 308 1723 353 corpus

347 372 438 429 ejus
457 378 519 413 est
541 377 763 413 mortuum
788 386 796 410 ε
823 374 865 409 et
889 365 1009 424 quasi
1032 363 1257 408 vulnerata
1277 365 1366 409 visa
1386 373 1470 420 est,
1495 364 1606 408 sicut
1626 379 1724 409 cor—

349 455 429 500 pus
456 439 598 483 fuerat
633 437 908 482 vulneratum
931 469 942 490 ,
967 434 1171 494 quoniam
1204 449 1360 493 corpus
1394 449 1484 479 non
1515 443 1632 485 erat,
1651 434 1727 478 sed

347 511 547 555 habebat,
584 510 631 553 in
670 505 951 552 similitudine
993 506 1183 564 corporis
1229 505 1357 550 etiam
1401 504 1727 549 similitudinem

350 581 538 627 vulneris
564 599 571 623 :
598 594 726 638 porro
748 587 893 621 autem
915 577 961 619 in
987 591 1075 620 non
1105 590 1208 619 vero
1237 588 1416 633 corpore
1439 589 1541 618 vera
1561 574 1729 618 miseria

352 651 435 694 fuit
458 650 640 707 animae,
665 664 762 708 quae
794 646 1115 705 significabatur
1137 645 1395 690 adumbrato
1421 645 1611 703 corporis
1637 644 1731 688 vul-

352 735 478 774 nere,
509 719 563 762 de
595 734 681 778 qua
710 717 865 762 sororis
886 725 1045 761 sanctae
1069 715 1336 760 orationibus
1359 716 1518 759 meruit
1540 714 1727 759 liberari.

409 791 617 834 XXVIII.
656 791 752 833 Jam
780 787 891 831 illud
923 786 1051 847 quale
1083 796 1146 831 est
1168 821 1178 841 ,
1212 786 1353 830 dicere
1386 785 1506 845 quod
1540 804 1559 827 «
1593 785 1734 829 anima

350 862 536 906 formam
556 859 612 904 de
629 874 810 918 corpore
832 858 1040 917 accipiat,
1066 866 1109 900 et
1130 871 1230 901 cum
1253 857 1523 901 incremento
1543 855 1734 915 corporis

353 930 639 990 protendatur
661 939 704 974 et
720 938 912 986 crescat3
941 947 960 969 »
987 936 1030 972 et
1056 942 1146 972 non
1175 928 1397 972 attendere
1429 942 1558 987 quam
1589 941 1735 970 mons-

354 1010 499 1045 truosa
531 1000 685 1044 evadat
714 1000 854 1043 anima
874 998 1044 1058 juvenis
1068 1000 1156 1043 sive
1178 1000 1288 1042 senis
1305 1033 1315 1053 ,
1345 999 1378 1042 si
1401 999 1491 1058 ejus
1510 997 1736 1042 brachium

355 1070 616 1128 praecidatur
638 1068 815 1114 infantis
836 1072 889 1112 P«
911 1069 1142 1113 Contrahit
1159 1070 1271 1112 enim
1288 1084 1349 1123 se,
1370 1078 1419 1113 ut
1435 1067 1557 1123 dicis,
1582 1068 1737 1112 animae

355 1155 530 1193 manus,
557 1155 610 1183 ne
634 1141 722 1197 ipsa
747 1141 877 1183 etiam
905 1154 1004 1182 cum
1028 1154 1160 1183 manu
1182 1139 1372 1198 corporis
1396 1147 1662 1197 amputetur,
1695 1145 1738 1180 et

355 1211 401 1253 in
428 1210 528 1253 alias
565 1224 607 1253 se
633 1218 775 1268 partes
808 1210 999 1266 corporis
1026 1208 1249 1253 densando
1271 1207 1509 1253 concludit.
1537 1227 1556 1249 »
1578 1211 1639 1252 Ac
1662 1222 1738 1266 per

355 1281 439 1323 hoc
462 1279 571 1322 illud
606 1279 760 1322 animae
792 1278 1018 1322 brachium
1041 1311 1053 1332 ,
1091 1292 1222 1336 quam
1255 1278 1386 1322 breve
1424 1278 1617 1337 corporis
1660 1276 1742 1320 fuit

357 1349 475 1393 unde
507 1362 699 1408 coeperat
716 1347 901 1392 formam
917 1383 927 1403 ,
953 1356 1041 1391 tam
1064 1348 1194 1391 breve
1217 1348 1456 1392 servabitur
1473 1347 1741 1405 ubicumque

357 1428 572 1476 servetur,
593 1420 695 1478 quia
719 1417 908 1477 perdidit
928 1417 1110 1465 {ormam
1124 1452 1135 1472 ,
1164 1419 1288 1477 cujus
1309 1417 1578 1461 incremento
1599 1425 1742 1475 posset

356 1489 517 1546 pariter
546 1503 749 1532 crescere.
777 1488 876 1531 Exit
910 1501 1010 1544 ergo
1033 1487 1175 1531 anima
1199 1488 1370 1546 juvenis
1398 1496 1472 1532 aut
1503 1486 1614 1531 senis
1635 1521 1645 1541 ,
1666 1486 1742 1545 qui

359 1573 538 1602 manum
557 1593 568 1613 ,
591 1573 691 1602 cum
714 1567 822 1601 esset
843 1573 1000 1615 parvus
1019 1592 1029 1611 ,
1053 1558 1214 1612 amisit,
1240 1558 1406 1601 habens
1428 1557 1607 1617 quidem
1637 1555 1743 1599 duas

360 1643 513 1671 manus
529 1663 539 1683 ,
561 1630 666 1687 xquia
688 1644 774 1672 una
812 1627 1030 1686 refugiens
1058 1643 1147 1672 non
1170 1630 1237 1684 [est
1281 1637 1503 1687 amputata
1522 1643 1622 1672 curn
1645 1642 1743 1671 cor-

358 1711 463 1754 pore
483 1731 493 1751 ,
524 1697 598 1740 sed
633 1698 810 1741 alteram
836 1697 1075 1756 juvenilem
1104 1697 1173 1741 vel
1201 1697 1406 1753 senilem,
1433 1698 1611 1741 alteram
1641 1711 1744 1741 vero

359 1766 470 1810 sicut
497 1767 688 1824 primum
725 1766 896 1821 fuerat,
932 1765 1195 1810 infantilem.
1235 1767 1356 1810 Tales
1395 1767 1584 1821 animas,
1611 1766 1744 1823 {crede

359 1839 495 1893 mihi,
531 1853 621 1881 non
652 1838 791 1881 forma
819 1836 1009 1896 corporis
1048 1835 1177 1891 facit,
1203 1836 1277 1881 sed
1314 1836 1466 1881 erroris
1495 1835 1745 1880 deformitas

360 1907 500 1965 fingit.
522 1909 619 1952 Non
643 1908 749 1951 mihi
767 1906 924 1951 videris
945 1906 999 1949 ab
1020 1906 1102 1950 isto
1124 1921 1266 1950 errore
1281 1921 1404 1965 posse
1424 1906 1534 1960 erui,
1557 1905 1638 1949 nisi
1656 1907 1745 1949 Deo

361 1977 592 2036 adjuvante
614 1977 846 2037 diligenter
865 1976 1203 2021 consideraveris
1231 1977 1320 2021 visa
1343 1976 1652 2021 somniantium
1669 2009 1680 2031 ,
1703 1984 1747 2020 et

362 2047 464 2090 inde
487 2049 735 2106 cognoveris
756 2064 845 2092 esse
867 2048 1075 2107 quasdam
1098 2063 1198 2107 quae
1219 2063 1308 2093 non
1330 2048 1415 2093 sint
1437 2062 1617 2106 corpora
1635 2081 1645 2101 ,
1671 2046 1747 2091 sed

362 2117 665 2161 similitudines
694 2133 942 2176 corporum.
970 2118 1176 2169 Quamvis
1198 2118 1314 2161 enim
1339 2127 1381 2162 et
1403 2132 1452 2161 ea
1474 2132 1573 2177 quae
1593 2116 1746 2161 similia

364 2187 618 2245 corporibus
639 2187 895 2245 cogitamus,
920 2201 970 2228 ex
992 2201 1043 2231 eo
1066 2200 1220 2244 genere
1241 2187 1327 2230 sint
1354 2196 1530 2238 :tamen
1551 2185 1671 2244 quod
1692 2186 1747 2230 ad

363 2265 557 2301 mortuos
579 2257 920 2315 attinet,⁴aptior
941 2258 1188 2315 conjectura
1212 2257 1265 2300 de
1288 2257 1603 2301 dormientibus
1621 2255 1745 2300 duci-

369 2335 451 2368 tur.
479 2329 630 2386 Neque
660 2327 774 2370 enim
797 2326 956 2370 frustra
984 2329 1085 2382 eos,
1118 2328 1192 2386 qui
1223 2328 1384 2370 mortui
1411 2336 1537 2381 sunt,
1559 2326 1747 2385 appellat

366 2404 510 2437 sancta
536 2397 754 2453 Scriptura
777 2397 1038 2440 dormientes
1053 2398 1082 2450 ¹,
1104 2396 1185 2439 nisi
1205 2397 1304 2454 quia
1323 2405 1385 2439 est
1402 2395 1593 2455 quodam
1614 2395 1745 2440 modo

365 2465 708 2521 consanguineus
728 2464 831 2508 lethi
847 2480 974 2522 sopor
986 2468 1018 2507 ².

418 2554 423 2567 ¹
454 2558 462 2577 1
486 2547 592 2578 Thess.
614 2559 656 2586 iv,
686 2557 734 2580 1¹2.
751 2565 788 2571 -—-
806 2556 817 2571 ²
845 2549 948 2589 virgil.
971 2548 1093 2581 AEneid.
1116 2546 1262 2591 verszr,
1281 2548 1355 2589 ¹278.
