1784 3205
332 230 415 270 332
754 238 787 268 s.
823 236 1052 266 Aucusnm
1084 237 1264 267 nrlscom

330 307 532 361 liberare,
557 314 606 351 ut
622 307 758 365 ipsam
782 306 960 349 domum
986 303 1064 348 Dei
1084 305 1218 349 Patris
1243 312 1410 365 quaerat
1432 303 1647 358 dividere,
1668 313 1712 348 et

331 377 518 437 aliquam
542 378 632 436 ejus
653 385 819 435 partem
841 383 959 418 extra
981 389 1163 432 regnum
1187 375 1400 420 coelorum
1422 389 1583 433 ponere
1601 408 1611 429 ‚
1633 374 1711 417 uhi

330 463 419 492 non
436 446 640 506 baptizati
656 446 827 490 valeant
848 445 1058 489 habitare.
1086 448 1141 489 Et
1163 461 1253 505 quo
1274 455 1400 505 pacto
1418 445 1507 503 ipse
1528 459 1712 503 regnum

330 517 543 563 coelorum
565 533 609 562 sc
629 518 891 561 intraturum
920 531 1008 560 esse
1042 517 1281 575 praesumit,
1313 517 1368 559 de
1394 530 1482 574 quo
1513 529 1646 572 regno
1667 515 1712 558 in

330 599 492 651 quanta
514 588 608 633 vult
631 597 751 648 parte
780 588 961 631 domum
982 588 1114 647 ipsius
1143 588 1255 646 regis
1290 587 1497 630 excludit.
1539 585 1623 629 Sed
1659 585 1713 629 de

330 661 496 705 latrone
526 660 621 715 illo,
653 661 730 720 qui
760 660 883 718 juxta
918 660 1155 703 Dominum
1182 658 1411 703 crucifixus
1446 657 1632 716 speravit
1668 657 1715 700 in

330 731 563 775 Dominum
581 732 709 775 etiam
733 730 986 775 crucifixum
999 765 1010 784 ‚
1029 740 1072 774 et
1087 731 1141 773 de
1156 729 1288 774 fratre
1305 738 1464 773 sanctae
1487 731 1714 786 Perpetuae

330 801 923 859 Dinocrateargumentatur,
951 799 1072 858 quod
1100 800 1230 843 etiam
1262 815 1350 843 non
1372 797 1597 858 baptizatis
1621 795 1714 840 dari

330 872 464 930 possit
486 870 757 929 indulgentia
781 881 1057 930 peccatorum
1081 878 1124 913 et
1146 869 1267 914 sedes
1291 869 1433 929 aliqua
1458 869 1712 912 beatorum:

330 943 451 1002 quasi
471 944 717 1002 quisquam,
744 943 814 987 cui
836 958 924 986 non
942 942 1118 986 credere
1133 940 1254 985 nefas
1277 949 1407 994 esset,
1432 939 1534 983 huic
1552 938 1716 982 indica-

330 1014 460 1068 verit,
487 1014 606 1073 quod
629 1029 717 1057 non
741 1012 902 1056 fuerint
924 1013 1144 1072 baptizati.
1173 1015 1233 1056 De
1251 1011 1411 1072 quibus
1434 1019 1579 1053 tamen
1600 1010 1645 1052 in
1665 1023 1716 1053 eo

330 1083 459 1137 libro,
482 1099 609 1142 quem
636 1083 784 1141 scripsi
803 1082 855 1126 ad
873 1082 1049 1125 fratrem
1073 1091 1268 1126 nostrum
1286 1085 1502 1127 Renatum
1517 1115 1527 1134 ‚
1548 1079 1717 1139 plenius

328 1154 433 1212 quid
457 1154 561 1196 mihi
587 1154 806 1197 videretur
833 1153 1010 1212 exposui
1043 1172 1051 1197 2
1086 1152 1206 1212 quod
1244 1162 1317 1196 tua
1352 1151 1528 1195 dilectio
1559 1149 1717 1209 poterit

327 1238 472 1277 nosse,
499 1224 532 1266 si
553 1238 641 1267 non
658 1224 867 1282 spreveris
885 1223 1050 1280 legere,
1073 1238 1173 1266 uam
1202 1221 1274 1265 ille
1298 1222 1462 1280 petenti
1486 1236 1573 1265 non
1592 1228 1717 1279 pote·-

330 1294 385 1338 rit
407 1293 636 1351 denegare.

388 1366 484 1408 XV.
517 1367 688 1408 AEstuat
724 1372 870 1407 tamen
900 1363 1000 1417 iste,
1040 1371 1172 1421 atque
1213 1360 1438 1406 horrendis
1480 1360 1718 1404 suffocatur

331 1434 552 1492 angustiis.
579 1434 798 1478 Attentius
821 1433 935 1476 enim
962 1431 1142 1476 fortasse
1164 1446 1295 1491 quam
1326 1440 1372 1474 tu
1396 1430 1500 1490 quid
1525 1430 1625 1474 mali
1649 1430 1716 1473 di-

330 1514 399 1549 cat
429 1504 635 1558 attendit,
675 1513 832 1563 praeter
867 1503 1026 1547 Christi
1055 1502 1218 1547 scilicet
1254 1502 1514 1562 baptismum
1546 1500 1652 1545 solvi
1673 1501 1719 1544 in

333 1573 520 1634 parvulis
547 1574 756 1632 originale
784 1582 1029 1633 peccatum.
1068 1573 1265 1632 Denique
1293 1581 1343 1616 ut
1371 1571 1642 1630 aliquatenus
1672 1571 1719 1614 in

332 1647 412 1689 hac
444 1660 570 1689 causa
602 1645 669 1688 vel
703 1660 795 1689 sero
837 1644 892 1687 ad
927 1642 1128 1687 Ecclesiae
1166 1652 1431 1687 sacramenta
1471 1642 1715 1700 confugiat,

337 1735 356 1757 «
383 1719 465 1759 Pro
494 1716 558 1758 his
585 1730 707 1769 sane,
744 1715 902 1774 inquit,
939 1712 1182 1757 oblationes
1216 1712 1404 1757 assiduas
1427 1722 1469 1756 et
1496 1712 1719 1757 offerenda

325 1787 488 1846 jugiter
510 1795 757 1830 sanctorum
781 1800 935 1829 censeo
962 1784 1166 1828 sacrificia
1189 1785 1478 1828 sacerdotum.
1503 1803 1521 1825 n
1550 1784 1720 1827 Habeto

330 1858 476 1911 istum,
497 1858 531 1900 si
553 1857 712 1916 placet,
738 1857 868 1900 etiam
891 1870 1112 1899 censorem
1128 1890 1138 1908 ,
1165 1855 1197 1898 si
1223 1870 1377 1914 parum
1399 1854 1541 1898 fuerat
1560 1853 1721 1898 habere

332 1926 575 1980 doctorem,
605 1936 650 1971 ut
678 1926 935 1970 sacrificium
966 1926 1158 1984 corporis
1191 1925 1351 1969 Christi
1381 1925 1511 1968 etiam
1546 1940 1625 1983 pro
1655 1924 1721 1967 his

333 1998 510 2051 osseras‚
538 1997 614 2056 qui
642 1997 814 2041 Christo
848 2012 937 2040 non
968 2004 1071 2039 sunt
1100 1996 1379 2054 incorporati.
1421 1998 1526 2038 Rem
1557 1995 1721 2055 quippe

338 2075 423 2109 tam
446 2082 624 2120 novam,
656 2075 787 2125 atque
815 2081 838 2109 a
867 2063 1091 2123 disciplina
1124 2064 1408 2109 ecclesiastica
1442 2074 1485 2108 et
1518 2081 1540 2108 a
1572 2063 1719 2122 regula

335 2135 525 2179 veritatis
554 2135 735 2179 alienam
752 2170 763 2189 ‚
799 2150 899 2178 cum
926 2134 1047 2176 libris
1069 2135 1154 2176 suis
1189 2134 1368 2178 auderet
1398 2135 1604 2189 inserere,
1630 2148 1720 2178 non

335 2205 409 2260 ait,
430 2214 539 2265 puto
555 2226 566 2262 3
584 2220 672 2249 non
689 2205 762 2259 ait,
783 2204 1000 2260 existim03
1019 2219 1109 2248 non
1126 2204 1200 2258 ait,
1227 2203 1439 2262 arbitror3
1460 2221 1548 2249 non
1567 2205 1624 2248 ait
1641 2203 1721 2247 sal-

338 2284 423 2319 tem
438 2310 448 2330 ‚
473 2289 677 2333 suggero,
699 2274 766 2319 vel
789 2273 916 2331 dico3
943 2273 1041 2328 sed,
1068 2288 1223 2318 censeo
1243 2283 1317 2317 :ut
1340 2274 1504 2318 scilicet
1524 2274 1558 2317 si
1577 2273 1719 2318 offen-

337 2346 539 2389 deremur
561 2346 752 2390 novitate
777 2360 851 2389 seu
879 2345 1155 2404 perversitate
1183 2346 1407 2390 sententiae
1424 2381 1435 2401 ‚
1460 2355 1721 2389 terreremur

340 2416 595 2458 auctoritate
613 2430 820 2459 censurae.
834 2415 1002 2459 Videris
1022 2424 1086 2469 tu,
1111 2416 1255 2470 frater,
1276 2416 1498 2474 quomodo
1511 2415 1720 2460 sustinere

339 2486 472 2543 possis
505 2486 633 2528 istum
671 2485 897 2530 docentem
921 2506 929 2530 :
966 2485 1179 2531 Catholici
1209 2495 1354 2529 tamen
1383 2488 1458 2545 qui
1480 2501 1632 2531 sanum
1653 2501 1720 2530 sa-

340 2555 467 2614 piunt
490 2555 753 2611 sacerdotes,
779 2557 937 2615 quibus
970 2566 1013 2601 et
1042 2566 1082 2600 te
1108 2566 1280 2615 oportet
1312 2557 1487 2615 adjungi
1507 2592 1517 2611 ‚
1542 2558 1653 2602 absit
1672 2564 1721 2601 ut
