1804 3205
343 213 394 240 DE
428 213 713 241 l‘ERk'EC'l'lohE
744 213 941 241 JUS'MTIAE
976 215 1167 242 ιιοΜιΜε.
1396 207 1449 244 33

67 276 149 320 dus
165 277 296 321 corde
316 278 447 322 stabit
475 297 483 322 ;
508 277 617 321 illud
640 279 684 322 in
705 292 834 337 opere
855 287 935 333 est,
961 278 1068 323 illud
1093 279 1136 322 in
1160 280 1260 323 tine.
1289 283 1342 324 Et
1367 282 1455 328 illic

67 348 203 406 magis
225 348 558 408 intelligendum
581 349 701 409 quod
715 347 880 394 dictum
899 359 986 395 est:
1003 369 1023 392 «
1041 353 1159 395 Bona
1178 351 1456 397 estsubstau-

72 437 90 458 »
119 417 174 462 tia
190 452 201 473 ,
221 419 291 463 cui
311 434 399 463 non
416 428 477 463 est
496 429 721 478 peccatum
739 419 782 463 in
801 421 1062 465 conscientia
1089 423 1118 463 ¹.
1150 438 1170 462 »
1200 423 1321 466 Tunc
1341 424 1456 466 cuim

66 488 148 532 erit
169 503 269 533 vere
291 489 406 534 bona
430 489 686 545 substantia,
713 489 758 535 id
777 500 854 546 est,
880 507 992 536 veroe
1014 491 1192 547 divitiae,
1215 508 1313 537 cum
1341 502 1459 537 tran-

66 558 184 604 sierit
208 569 295 606 tota
319 570 571 620 paupertas,
593 561 638 606 id
660 572 743 617 est,
764 577 866 607 cum
889 572 1146 622 consumpta
1168 563 1300 608 fuerit
1319 564 1458 608 omnis

67 628 313 675 infirmitas.
332 634 457 676 Nunc
474 647 577 677 vero
594 642 760 677 avertat
776 648 820 676 se
843 633 974 677 homo
996 649 1019 677 a
1041 632 1216 688 delicto,
1237 649 1337 678 cum
1362 650 1461 693 pro-

68 699 254 746 ficiendo
283 703 384 747 inde
417 703 627 759 discedit,
653 714 696 749 et
726 713 960 748 renovatur
982 703 1036 748 de
1070 704 1139 749 die
1172 706 1216 749 in
1251 705 1394 764 diem3
1419 715 1463 750 et

67 770 224 830 dirigat
253 788 409 817 manus
431 774 474 819 in
499 789 628 834 opera
653 775 981 830 misericordiae,
1011 786 1056 821 et
1083 776 1137 820 ab
1160 777 1279 821 omui
1300 776 1461 821 delicto

65 842 249 888 mundet
268 859 342 889 cor
359 861 512 903 suum,
533 847 802 901 misereatur,
822 856 870 891 ut
887 846 1007 906 quod
1028 856 1181 902 restat,
1203 863 1277 905 per
1288 848 1459 891 veniam

65 910 327 958 dimittatur.
353 918 443 959 Hoc
460 916 575 958 enim
596 915 828 960 salubriter
845 926 888 960 et
904 917 996 960 sine
1016 932 1125 960 vana
1148 918 1354 977 inanique
1376 919 1462 977 jac-

67 983 201 1028 tantia
224 983 335 1028 bene
358 984 629 1043 intelligitur,
651 986 696 1029 in
718 1001 770 1030 eo
789 987 909 1045 quod
931 986 1038 1030 dixit
1056 996 1228 1031 sanctus
1249 990 1460 1032 Joannes:

70 1071 90 1095 «
117 1054 160 1099 Si
177 1069 252 1099 cor
271 1064 469 1099 nostrum
487 1071 564 1101 nos
582 1071 671 1101 nou
694 1056 1001 1116 reprehendat,
1023 1058 1229 1102 fiduciam
1251 1059 1463 1102 habemus

68 1142 88 1166 »
115 1124 169 1169 ad
201 1128 366 1180 Deum,
398 1135 441 1170 et
473 1142 766 1187 quaecumque
802 1128 1077 1186 petierimus,
1115 1129 1377 1188 accipiemus
1406 1130 1462 1174 ab

68 1213 88 1236 »
113 1210 165 1239 eo
189 1198 220 1235 ².
247 1214 266 1237 »
293 1198 385 1240 Hoc
409 1197 525 1241 enim
552 1196 725 1241 videtur
746 1198 830 1242 isto
858 1197 955 1243 loco
983 1198 1282 1254 admonuisse,
1310 1215 1364 1244 ne
1391 1215 1462 1244 cor

64 1274 262 1310 nostrum
291 1281 371 1311 nos
401 1267 446 1310 in
476 1267 567 1326 ipsa
595 1268 790 1312 oratione
821 1277 864 1311 et
894 1268 1107 1326 petitione
1139 1269 1456 1327 reprehendat:

65 1336 148 1381 hoc
167 1346 230 1382 est
244 1372 254 1392 ,
273 1353 328 1381 ne
348 1337 461 1382 forte
483 1353 584 1382 cum
607 1339 868 1397 coeperimus
885 1338 1028 1383 dicere
1047 1359 1054 1383 :
1076 1359 1095 1381 «
1123 1340 1299 1384 Dimitte
1315 1340 1457 1394 nobis,

67 1425 88 1448 »
112 1407 224 1452 sicut
261 1417 304 1452 et
338 1423 414 1453 nos
439 1407 720 1465 dimittimus,
757 1427 776 1450 >›
813 1424 1161 1468 compungamur
1194 1425 1281 1454 non
1318 1411 1460 1454 facere

66 1477 186 1536 quod
207 1477 409 1532 dicimus,
435 1486 511 1521 aut
535 1478 666 1521 etiam
688 1493 778 1522 non
801 1478 1039 1523 audeamus
1061 1479 1203 1524 dicere
1225 1480 1345 1539 quod
1372 1495 1461 1524 non

63 1547 268 1600 lacimus,
295 1557 338 1592 et
360 1547 563 1592 fiduciam
585 1547 761 1607 petendi
783 1550 1048 1594 amittamus.

124 1619 353 1662 XXXVII.
392 1620 503 1661 Item
536 1617 616 1662 sibi
650 1619 851 1677 opposuit
879 1619 1173 1664 testimonium
1212 1622 1452 1680 Scriptura-

66 1703 161 1732 rum
181 1722 192 1743 ,
217 1689 337 1748 quod
360 1689 419 1732 eis
442 1689 527 1733 dici
550 1688 659 1733 solet
687 1709 694 1732 ;
727 1708 746 1730 «
771 1690 880 1742 Quia
903 1705 992 1734 non
1013 1700 1075 1734 est
1097 1691 1229 1735 homo
1246 1692 1389 1750 justus
1411 1693 1455 1736 in

71 1777 88 1800 »
117 1767 228 1803 terra
248 1759 323 1818 qui
342 1757 471 1803 faciat
493 1758 676 1813 honum,
702 1767 745 1802 et
768 1774 856 1803 non
881 1769 1030 1818 peccet
1049 1762 1079 1803 ³.
1103 1778 1121 1801 ι)
1145 1764 1201 1804 Et
1224 1763 1346 1821 quasi
1369 1777 1455 1806 res-

69 1829 222 1889 pondit
244 1828 335 1873 aliis
358 1830 628 1884 testimoniis,
659 1830 760 1889 quia
784 1830 992 1874 Dominus
1013 1830 1066 1874 de
1087 1841 1234 1875 sancto
1258 1833 1342 1876 Job
1366 1834 1423 1876 ait
1443 1852 1451 1877 ι

70 1921 89 1942 «
115 1900 337 1961 Numquid
352 1899 811 1945 considerastiservum
830 1915 974 1943 meum
997 1901 1081 1944 Job
1097 1903 1114 1943 Ρ
1133 1904 1229 1946 Non
1251 1902 1367 1945 enim
1392 1911 1456 1946 est

72 1992 90 2012 »
116 1971 154 2016 ei
168 1970 313 2015 similis
327 1971 555 2030 quisquam
568 1969 611 2013 in
630 1969 766 2023 terris,
782 1970 913 2013 homo
926 1970 1016 2013 sinc
1029 1971 1222 2030 querela,
1239 1987 1365 2015 verus
1379 1973 1454 2015 Dei

67 2060 89 2083 »
116 2041 274 2096 cultor,
293 2042 513 2085 abstinens
532 2055 575 2084 se
593 2040 647 2083 ab
666 2039 784 2082 omni
802 2039 956 2083 malo⁴.
979 2060 995 2080 »
1015 2040 1140 2084 Unde
1152 2042 1242 2099 jam
1261 2043 1456 2101 superius

68 2114 360 2158 disseruimus.
387 2115 474 2157 Nee
498 2120 642 2155 tamen
668 2111 756 2170 ipsc
780 2110 967 2154 ostendit
991 2111 1116 2154 nobis
1131 2146 1142 2166 ,
1168 2114 1391 2172 quomodo
1413 2122 1456 2157 et

68 2184 168 2239 Job,
191 2184 225 2228 si
250 2184 344 2228 haec
371 2183 504 2227 verba
525 2183 582 2226 ita
606 2181 887 2239 intelligenda
909 2191 1026 2234 sunt,
1051 2183 1142 2226 sine
1165 2183 1254 2227 ullo
1278 2193 1456 2242 peccato

68 2252 199 2298 fuerit
231 2255 275 2298 in
307 2264 440 2305 terra,
477 2261 520 2296 et
541 2266 692 2296 verum
728 2251 782 2295 sit
808 2251 928 2311 quod
956 2252 1164 2311 scriptum
1197 2268 1286 2296 esse
1312 2253 1419 2297 dixit
1446 2273 1455 2300 :

73 2345 93 2367 «
126 2328 225 2371 Non
246 2334 310 2369 est
330 2325 463 2369 homo
481 2324 624 2383 justus
647 2323 692 2366 in
712 2331 823 2366 terra
846 2322 921 2381 qui
944 2321 1072 2367 faciat
1094 2323 1278 2379 bonum,
1304 2334 1345 2368 et
1368 2340 1457 2369 non

72 2414 92 2437 »
129 2404 292 2454 peccet.
317 2413 336 2436 ))

128 2468 377 2510 XXXVIII.
401 2467 508 2509 Item
527 2463 697 2518 dicunt,
719 2464 860 2523 inquit
888 2483 895 2506 :
927 2482 945 2504 «
970 2465 1077 2516 Quia
1100 2466 1459 2525 nonjustificabi-

121 2558 126 2572 ¹
151 2552 250 2583 Eccli.
271 2535 406 2588 x111,⁸3o.
429 2557 487 2572 —2
511 2561 521 2581 1
544 2552 634 2581 Joan.
657 2560 701 2588 m,
722 2546 852 2580 21.—-3
878 2546 983 2581 Eccle.
1002 2561 1058 2590 vu,
1078 2548 1339 2591 21.-4J0b,1,
1361 2551 1390 2583 8.

288 2616 401 2643 extr.
1229 2605 1254 2644 3
