1784 3205
362 236 440 270 1:32
787 249 818 267 s.
857 240 1086 268 Aur-usum
1123 234 1300 267 ‘liviscol‘l

358 309 452 353 trio.
479 308 569 352 Etsi
586 307 864 359 consenserit,
886 320 962 349 nos
986 305 1120 363 gratia
1143 306 1217 348 Dei
1245 306 1437 363 accipere
1455 304 1708 348 charitatem
1728 341 1731 344 .

355 395 444 423 non
467 380 525 423 sic
543 379 714 431 sentiat,
736 387 942 436 tanquam
967 375 1055 419 ulla
1079 377 1229 420 merita
1250 377 1364 420 bona
1386 385 1529 420 nostra
1552 391 1732 434 praeees-

352 451 500 494 serint.
522 452 631 495 Nam
659 464 758 508 quae
791 447 941 491 merita
977 447 1092 491 ‚bona
1127 457 1232 492 tunc
1262 447 1423 491 habere
1458 456 1734 505 poteramus,

351 519 528 579 quando
546 523 685 563 Deum
704 533 793 562 non
812 517 1126 576 diligebamus?
1146 520 1201 562 Ut
1222 519 1337 561 enim
1355 517 1647 576 acciperemus
1669 517 1737 560 di-

351 591 582 634 lectionem
602 605 687 649 qua
708 588 1000 646 diligeremus,
1025 587 1173 632 dilecti
1194 603 1357 642 sumus,
1387 603 1487 632 cum
1506 603 1600 631 eam
1624 602 1740 631 non-

351 659 457 704 dum
472 661 747 703 haberemus.
770 660 862 702 Hoc
880 660 1067 702 Joannes
1084 658 1302 716 apostolus
1321 658 1586 716 apertissime
1604 656 1710 701 dicit
1728 675 1736 701 z

355 748 375 771 «
400 732 496 774 Non
520 730 639 788 quod
667 744 744 772 nos
773 728 1049 771 dilexerimus
1072 731 1234 782 Deum,
1260 728 1335 771 sed
1354 728 1454 787 quia
1475 728 1567 786 ipse
1589 726 1741 770 dilexit

354 818 374 842 »
399 802 521 844 nos'.
560 817 579 840 »
612 802 669 842 Et
703 798 807 842 alibi
847 817 855 841 :
894 816 913 839 «
953 801 1040 843 Nos
1062 798 1308 856 diligamus,
1343 799 1501 857 inquit,
1527 799 1628 857 quia
1651 798 1741 856 ipse

353 872 514 930 »prior
537 870 686 914 dilexit
707 872 833 927 nosf,
870 888 889 910 »
918 870 1092 927 Optime
1126 870 1305 913 omnino
1340 879 1471 928 atque
1505 869 1737 913 verissime.

350 946 447 989 Non
464 943 579 986 enim
600 942 860 985 haberemus
884 939 1001 984 unde
1022 940 1146 984 illum
1176 940 1468 999 diligeremus,
1489 940 1569 984 nisi
1586 940 1669 984 hoc
1686 940 1740 983 ab

350 1013 441 1068 illo,
461 1028 559 1057 cum
577 1013 694 1072 prior
709 1026 786 1056 nos
804 1011 1018 1069 diligeret,
1037 1026 1319 1054 sumeremus.
1342 1011 1458 1062 Quid
1477 1019 1621 1054 autem
1636 1010 1741 1054 boni

350 1084 604 1137 faceremus,
631 1083 710 1126 nisi
738 1082 1046 1139 diligeremus?
1084 1084 1173 1126 Aut
1204 1080 1427 1141 quomodo
1462 1082 1627 1126 bonum
1652 1096 1742 1125 non

350 1153 549 1207 facimus,
579 1153 612 1197 si
635 1153 893 1210 diligamus?
917 1154 972 1196 Et
993 1153 1024 1195 si
1055 1153 1170 1195 enim
1196 1153 1271 1196 Dei
1293 1152 1544 1196 mandatum
1569 1151 1742 1195 videtur

351 1224 585 1283 aliquando
610 1239 699 1267 non
720 1240 743 1267 a
768 1223 1065 1280 diligentibus,
1088 1222 1164 1267 sed
1192 1239 1215 1266 a
1239 1224 1492 1267 timentibus
1517 1224 1609 1266 fieri
1637 1242 1645 1265 2
1672 1232 1740 1266 ta-

350 1308 449 1336 men
470 1293 546 1336 ubi
570 1308 657 1336 non
680 1301 743 1336 est
759 1292 956 1346 dilectio,
977 1291 1149 1336 nullum
1168 1293 1334 1337 bonum
1349 1308 1458 1351 opus
1479 1292 1737 1351 imputatur,

350 1374 430 1406 n'ec
453 1371 568 1405 recte
589 1362 755 1406 bonum
779 1377 889 1420 opus
911 1371 1093 1406 vocatur
1121 1381 1130 1406 ε
1159 1380 1179 1404 «
1209 1363 1311 1421 quia
1334 1378 1463 1407 omne
1499 1362 1619 1421 quod
1654 1378 1743 1407 nou

352 1451 373 1474 »
401 1448 451 1475 ex
473 1431 559 1475 fide
581 1441 660 1486 est,
694 1440 920 1490 peccatum
944 1433 1062 1489 est³3
1095 1451 1114 1473 >›
1151 1442 1194 1476 et
1224 1432 1330 1477 fides
1361 1448 1436 1491 per
1462 1432 1743 1477 dilectionem

351 1504 600 1560 operatur-4.
623 1505 685 1546 Ac
707 1517 782 1560 per
803 1502 886 1545 hoc
911 1502 1091 1560 gratiam
1116 1502 1208 1555 Dei,
1235 1518 1321 1562 qua
1343 1503 1526 1546 charitas
1551 1503 1627 1546 Dei
1653 1502 1742 1546 dif-

351 1571 552 1616 funditur
581 1572 627 1614 in
663 1571 865 1615 cordibus
899 1572 1055 1615 nostris
1080 1587 1155 1630 per
1187 1572 1395 1630 Spiritum
1424 1582 1639 1628 sanctum,
1667 1575 1742 1633 qui

351 1643 477 1687 datus
500 1653 563 1687 est
582 1642 707 1687 nobis
723 1644 755 1697 ⁵,
781 1643 840 1686 sic
865 1644 1140 1697 confiteatur,
1166 1643 1243 1702 qui
1264 1644 1359 1687 vult
1377 1644 1582 1687 veraciter
1605 1645 1742 1688 confi-

354 1714 447 1768 teri,
474 1723 523 1757 ut
544 1713 722 1757 omnino
740 1713 849 1757 nihil
872 1713 974 1757 boni
994 1714 1084 1757 sine
1100 1713 1187 1768 illa,
1208 1714 1326 1773 quod
1346 1715 1400 1758 ad
1418 1715 1622 1772 pietatem
1642 1731 1743 1773 per-

353 1785 460 1828 tinet
494 1799 726 1844 veramque
757 1785 986 1843 justitiam,
1026 1785 1118 1828 fieri
1153 1800 1274 1843 posse
1309 1801 1397 1829 non
1428 1784 1615 1830 dubitet.
1642 1789 1741 1831 Non

350 1853 572 1914 quomodo
593 1855 686 1908 iste,
711 1855 789 1913 qui
811 1869 912 1898 cum
935 1854 1056 1908 dicit,
1079 1874 1098 1896 «
1117 1864 1342 1914 propterea
1365 1854 1455 1899 dari
1473 1857 1672 1914 gratiam,
1692 1867 1742 1900 ut

349 1923 469 1984 quod
494 1941 517 1968 a
539 1928 628 1968 Deo
652 1924 916 1983 praecipitur,
942 1924 1110 1968 facilius
1132 1925 1380 1984 impleatur,
1410 1943 1428 1966 »
1456 1925 1563 1985 quid
1587 1926 1642 1969 de
1667 1926 1740 1970 illa

350 1994 507 2037 sentiat
533 1994 633 2037 satis
655 1993 861 2048 ostendit,
887 1994 1063 2048 scilicet,
1098 1996 1218 2053 quod
1253 1996 1378 2038 etiam
1407 1995 1497 2039 sine
1530 1995 1629 2050 illa,
1663 1997 1740 2040 etsi

349 2063 494 2106 minus
512 2062 653 2117 facile,
674 2063 767 2106 fieri
785 2072 931 2107 tamen
947 2065 1068 2122 quod
1086 2064 1293 2109 divinitus
1308 2067 1558 2125 praecipitur
1578 2076 1739 2126 potest.

408 2135 616 2178 XXVIII.
644 2136 695 2176 In
717 2133 828 2178 libro
850 2134 1012 2192 quippe
1034 2134 1088 2178 ad
1109 2136 1314 2192 virginem
1341 2152 1526 2188 sacram,
1555 2140 1675 2196 quod
1699 2149 1741 2183 et

350 2219 476 2270 supra
494 2205 869 2258 commemoravi&
882 2220 980 2248 cum
999 2204 1124 2249 dicit:
1141 2206 1371 2250 «Divinam
1389 2223 1631 2252 mereamur
1649 2224 1740 2267 gra-

352 2274 472 2328 tiam,
498 2283 540 2317 et
569 2273 736 2318 facilius
768 2290 954 2334 nequam
981 2275 1165 2333 spiritui,
1191 2277 1325 2320 sancti
1356 2278 1538 2336 Spiritus
1561 2280 1741 2335 auxilio,

350 2345 618 2389 resistamus:
640 2363 660 2386 »
678 2345 889 2404 significat
907 2345 1103 2404 profecto
1119 2347 1225 2405 quid
1243 2348 1393 2406 sapiat.
1417 2351 1473 2393 Ut
1495 2350 1603 2408 quid
1621 2352 1739 2395 eninr

348 2414 433 2457 hoc
454 2416 639 2459 verbum
658 2416 932 2475 interposuit,
952 2415 997 2459 id
1019 2425 1097 2471 est,
1128 2435 1147 2458 «
1171 2416 1370 2462 facilius?
1390 2436 1410 2459 »
1437 2422 1505 2463 An
1520 2435 1623 2465 vero
1644 2436 1735 2465 non

394 2523 405 2538 1
437 2527 447 2547 1
477 2519 570 2550 Joan.
595 2529 642 2558 1v,
674 2529 726 2550 10.
749 2535 789 2541 -
808 2525 820 2541 ²
842 2518 922 2550 Ibid.
961 2530 1012 2560 19·
1028 2536 1070 2542 -·
1087 2517 1100 2542 3
1117 2521 1209 2552 Rom.
1238 2531 1306 2562 xxv,
1327 2521 1378 2555 23.
1399 2520 1469 2552 -4
1495 2522 1562 2555 Gal.
1584 2535 1618 2562 v,
1638 2524 1677 2569 6,y
1692 2542 1735 2552 u·-

385 2574 478 2605 Rom,
501 2583 533 2613 v,
554 2573 585 2606 5.
599 2572 667 2597 —¹>‘
685 2573 783 2615 Epist.
804 2574 845 2607 ad
858 2575 1052 2608 Demetriad.
1072 2586 1144 2617 cap.
1167 2576 1220 2609 25.
