1804 3205
297 220 348 247 nr:
383 219 517 248 axum
554 222 603 249 m*
636 222 734 250 mis
766 223 958 259 OMGINE,
995 223 1077 250 LlB.
1118 224 1159 250 ιι.
1343 216 1427 254 319

40 282 123 327 bus
147 282 266 328 lectis
293 284 382 329 vidi
406 286 626 332 hominem
654 288 698 332 in
727 303 923 334 sermone
946 288 1140 349 quidem,
1167 305 1256 335 non
1284 292 1427 336 solum

39 369 178 414 usque
198 355 254 399 ad
281 357 601 412 sufficientiam,
623 374 774 404 verum
794 361 922 405 etiam
944 375 1082 420 usque
1103 359 1158 406 ad
1181 361 1427 406 redundan-

40 425 142 469 tiam
170 427 485 486 profluentem,
509 431 584 474 sed
610 432 655 475 in
684 432 828 486 rebus,
858 431 913 476 de
940 431 1100 492 quibus
1123 431 1246 493 loqui
1270 432 1424 488 voluit,

39 494 238 541 nondum
270 498 382 544 sicut
409 510 581 559 oportet
609 502 868 548 instructum
898 524 906 548 ;
931 503 1051 564 quod
1072 504 1107 548 si
1129 505 1168 548 ei
1190 504 1322 548 suerit
1347 508 1427 549 Do-

38 567 158 611 mino
174 567 366 615 donante
383 570 607 627 collatum,
629 575 787 633 poterit
804 590 893 620 csse
912 575 1028 621 utilis
1045 575 1259 636 pluribus.
1283 577 1427 622 Habet

37 638 153 683 enim
175 655 265 684 non
291 642 521 688 minimum
544 644 777 701 facultatis,
802 662 888 707 qua
910 649 1043 707 possit
1062 648 1275 708 explicare
1295 657 1427 708 atque

38 724 192 754 ornare
206 727 305 771 quae
319 714 448 758 sentit
465 749 475 769 ‚
497 716 530 758 si
547 717 665 775 prius
682 716 755 761 det
774 734 949 778 operam
965 729 1080 764 recta
1096 720 1269 764 sentire.
1289 719 1427 764 Valde

36 781 201 840 quippe
225 792 328 828 sunt
354 786 481 830 noxia
504 801 634 845 prava
664 788 846 846 diserta,
871 790 972 849 quia
1004 790 1254 835 hominibus
1283 790 1426 834 minus

36 850 233 908 eruditis,
268 869 320 899 eo
355 855 478 916 quod
510 857 668 902 diserta
700 868 814 915 sunt,
856 860 1060 906 videntur
1087 870 1131 905 et
1157 877 1272 907 vera.
1306 864 1428 915 Quo-

36 920 168 966 modo
191 932 337 969 autem
359 927 533 971 eosdem
555 927 690 974 libros
710 930 800 989 ipse
822 931 1052 990 acceperis,
1073 933 1219 976 nescio
1233 951 1240 977 :
1255 946 1427 975 verum-

37 1000 181 1038 tamen
206 994 240 1039 si
271 1011 423 1042 verum
451 1008 515 1043 est
545 1000 666 1059 quod
692 1001 854 1056 audivi,
884 1002 1038 1047 diceris
1065 1003 1124 1046 eis
1158 1003 1346 1047 recitatis
1367 1003 1427 1046 ita

35 1064 230 1110 exiluisse
261 1067 437 1124 laetitia,
473 1079 524 1114 ut
557 1080 688 1130 caput
720 1073 892 1131 juvenis
919 1072 1034 1118 illius
1062 1088 1220 1129 senex,
1252 1083 1295 1119 et
1325 1073 1426 1118 la‘i'ci

34 1135 261 1194 presbyter
282 1137 499 1185 osculatus
517 1175 529 1195 ,
553 1141 753 1186 didicisse
779 1152 821 1187 te
843 1144 964 1204 quod
985 1145 1215 1203 ignorabas
1230 1180 1241 1200 ,
1268 1146 1425 1204 gratias

33 1207 182 1264 egeris.
215 1208 299 1252 Ubi
322 1209 501 1270 quidem
525 1227 615 1257 non
637 1213 839 1272 improbo
862 1215 1153 1260 humilitatem
1179 1224 1317 1271 tuam,
1338 1217 1425 1260 imo

32 1291 136 1321 vero
163 1279 294 1322 etiam
316 1279 476 1336 laudo,
507 1283 627 1342 quod
656 1284 878 1330 honorasti
905 1284 1131 1331 doctorem
1155 1296 1282 1331 tuum
1309 1305 1317 1331 ε
1343 1302 1424 1330 nec

33 1347 271 1405 hominem,
296 1352 372 1395 sed
394 1352 529 1411 ipsam
550 1370 650 1414 quae
672 1356 750 1399 tibi
774 1371 848 1415 per
870 1356 993 1401 illum
1017 1358 1140 1418 loqui
1163 1358 1341 1417 dignata
1361 1367 1425 1402 cst

33 1418 256 1464 veritatem
283 1440 292 1466 ;
317 1423 349 1465 si
371 1432 515 1468 tamen
540 1427 732 1483 potueris
749 1425 1063 1484 demonstrare,
1083 1429 1190 1489 quid
1208 1444 1284 1488 per
1300 1428 1423 1472 illum

32 1489 222 1534 veritatis
244 1495 471 1552 acceperis.
500 1494 668 1539 Vellem
695 1497 843 1556 itaque
868 1499 1081 1558 rescriptis
1111 1500 1211 1551 tuis,
1244 1499 1353 1558 quid
1382 1509 1425 1543 te

34 1558 232 1605 docuerit
250 1596 261 1616 ,
283 1577 352 1607 me
367 1564 559 1609 doceres.
584 1566 707 1611 Absit
724 1568 839 1612 enim
857 1577 906 1612 ut
928 1570 1181 1614 erubescam
1199 1585 1222 1614 a
1241 1571 1425 1628 presby-

34 1638 126 1675 tero
151 1630 332 1688 discere,
357 1635 391 1678 si
424 1650 447 1678 a
477 1635 590 1681 laico
622 1646 671 1682 tu
704 1653 795 1682 non
819 1639 1047 1694 erubuisti,
1074 1639 1353 1700 praedicanda
1381 1648 1424 1684 et

33 1700 241 1747 imitanda
262 1704 510 1751 humilitate
527 1741 538 1762 ,
563 1708 597 1752 si
619 1724 720 1753 vera
744 1709 948 1755 didicisti.

94 1774 153 1816 ΙΙ.
184 1774 387 1830 Proinde,
412 1775 546 1821 frater
573 1778 850 1824 dilectissime
868 1814 879 1835 ,
905 1779 1015 1840 quid
1038 1781 1094 1824 ab
1119 1796 1171 1826 eo
1191 1780 1392 1826 didiceris
1408 1816 1420 1838 ‚

33 1855 158 1886 nosse
189 1845 343 1903 cupio,
377 1855 428 1890 ut
453 1848 486 1891 si
508 1848 597 1906 jam
629 1848 676 1893 id
702 1851 912 1906 sciebam,
950 1851 1142 1910 gratuler
1174 1867 1255 1911 pro
1291 1862 1357 1910 te,
1389 1853 1424 1897 si

34 1920 180 1956 autem
196 1915 460 1971 nesciebam,
482 1916 646 1963 discam
664 1935 741 1979 per
761 1930 815 1965 te.
836 1923 985 1966 Ita—ne
1006 1930 1057 1965 tu
1080 1922 1310 1981 ignorabas
1332 1923 1422 1967 duo

32 1983 236 2042 quaedam
266 2002 381 2042 esse,
412 1990 599 2034 animam
630 1999 672 2034 et
698 1992 896 2051 spiritum
914 2027 925 2047 ,
951 1992 1194 2037 secundum
1223 1995 1270 2038 id
1302 1993 1423 2054 quod

36 2054 256 2113 Scriptum
304 2066 369 2101 est
399 2077 407 2102 :
443 2078 463 2101 «
508 2060 742 2106 Absolvisti
789 2063 843 2107 ab
891 2063 1047 2122 spiritu
1093 2079 1190 2109 meo
1233 2065 1423 2109 animam

36 2140 57 2164 »
83 2138 223 2169 meam
240 2128 270 2170 ².
298 2146 316 2168 »
341 2130 397 2172 Et
416 2138 653 2192 utrumque
675 2133 731 2176 ad
752 2141 954 2178 naturam
976 2135 1163 2179 hominis
1185 2136 1419 2195 pertinere,

34 2203 84 2238 ut
116 2204 231 2241 totus
260 2198 393 2245 homo
425 2201 478 2245 sit
505 2202 680 2262 spiritus
708 2213 751 2248 et
784 2204 928 2248 anima
957 2214 1000 2250 et
1028 2221 1200 2265 corpus.
1236 2206 1318 2252 Sed
1349 2205 1424 2250 ali-

33 2267 211 2326 quando
238 2268 328 2315 duo
358 2272 440 2316 ista
463 2273 594 2318 simul
616 2274 792 2319 nomine
821 2276 977 2320 animae
1006 2278 1266 2337 nuncupari,
1292 2276 1424 2337 quale

34 2345 97 2381 est
115 2337 226 2383 illud
249 2358 258 2385 :
284 2359 304 2383 «
326 2344 383 2387 Et
407 2341 546 2388 factus
567 2353 632 2389 est
654 2345 786 2390 homo
808 2345 855 2389 in
877 2346 1066 2391 animam
1088 2348 1229 2392 vivam
1252 2351 1284 2391 2.
1306 2366 1326 2389 »
1354 2347 1424 2392 Ibi

35 2409 198 2468 quippe
219 2420 262 2455 et
282 2413 458 2472 spiritus
478 2414 749 2473 intelligitur.
770 2419 968 2477 Itemque
991 2418 1227 2479 aliquando
1250 2428 1422 2464 utrum-

35 2493 123 2538 que
140 2481 318 2526 nomine
332 2484 508 2543 spiritus
523 2485 609 2530 dici
625 2520 637 2542 ,
664 2486 790 2532 sicuti
817 2496 906 2532 est:
930 2507 949 2530 «
971 2491 1028 2534 Et
1051 2489 1259 2536 inclinato
1281 2491 1422 2550 capite

84 2566 92 2583 ¹
113 2564 190 2608 Job,
209 2576 266 2610 vu,
286 2567 383 2609 juxta
399 2570 501 2604 Lxx.
516 2588 556 2596 -—
571 2576 585 2594 ²
604 2572 685 2606 Gen.
702 2582 741 2614 u,
766 2582 797 2614 7.
