1784 3205
342 216 425 256 158
778 234 808 258 s.
848 231 1075 258 AUGUs'l'lNl
1110 230 1290 257 Eplscom

339 294 529 351 videbat,
547 296 580 339 si
601 296 680 340 ista
701 295 942 351 damnaret,
967 296 1224 340 confirmare
1241 310 1285 339 se
1304 295 1349 338 in
1362 294 1602 339 infantibus
1624 309 1723 354 pec—

339 365 423 409 cati
439 381 490 409 ex
513 364 651 409 Adam
674 366 915 410 transitum.
945 368 1049 410 Haec
1068 374 1213 410 autem
1229 380 1328 409 cum
1353 364 1535 410 fuissent
1551 366 1722 426 objecta

340 435 513 494 Pelagio
530 471 540 490 ,
570 436 691 496 quod
716 452 763 480 ea
786 452 883 481 eum
907 436 1114 482 Coelestio
1135 437 1263 480 etiam
1286 437 1375 495 ipse
1396 437 1573 480 sentiret
1596 472 1606 491 ,
1632 437 1724 480 sine

337 505 426 549 ulla
450 508 751 551 retractatione
772 506 1008 551 damnavit.
1032 507 1160 560 Quod
1183 507 1282 550 licet
1298 521 1372 551 vos
1394 505 1546 565 legisse
1567 507 1719 551 sciam:

338 584 484 619 tamen
502 577 602 636 quia
624 592 712 621 non
732 576 831 622 solis
859 578 980 622 vobis
997 578 1079 622 hoc
1101 578 1326 632 scribitur,
1347 593 1402 621 ne
1423 578 1565 636 pigeat
1585 576 1723 621 lecto-

338 661 427 689 rem
462 647 515 690 ad
536 647 625 706 ipsa
654 657 768 706 gesta
800 664 1020 692 recurrere
1038 685 1048 704 ,
1074 650 1141 694 vel
1171 649 1204 693 si
1228 665 1276 693 ea
1299 664 1389 692 non
1408 648 1542 692 habet
1559 683 1569 703 ,
1596 648 1723 692 etiam

337 731 435 759 cum
477 716 625 761 labore
659 720 909 779 perquirere
929 755 939 774 ,
972 719 1063 779 ipsa
1085 720 1186 763 inde
1214 719 1346 764 verba
1369 718 1721 775 transcribimus,

336 801 435 846 quae
454 786 566 831 infra
588 788 746 847 scripta
769 798 886 832 sunt.

395 859 495 901 XII.
526 877 544 900 «
573 859 774 916 Synodus
791 859 898 904 dixit
922 861 933 885 ¹
963 879 971 905 ε
998 862 1125 906 Nunc
1155 860 1363 920 quoniam
1387 858 1725 903 anathematiza-

336 928 445 972 verit
464 928 660 988 Pelagius
687 931 902 974 incertum
935 930 1254 991 stultiloquium
1271 965 1281 985 ,
1303 939 1418 974 recte
1442 929 1721 988 respondens,

335 997 558 1042 hominem
575 1015 673 1043 cum
689 1000 904 1060 adjutorio
924 1001 999 1044 Dei
1018 1010 1059 1045 et
1082 1001 1215 1059 gratia
1237 1016 1360 1060 posse
1379 1015 1468 1046 esse
1492 1008 1723 1053 ἀναμάρτητον,

336 1068 380 1112 id
401 1079 486 1123 est,
507 1070 597 1114 sine
619 1081 813 1130 peccate,
841 1071 1098 1132 respondeat
1116 1081 1158 1116 et
1181 1072 1235 1116 ad
1260 1072 1340 1116 alia
1360 1072 1563 1132 capitula.
1592 1069 1723 1116 Aliud

336 1140 574 1198 capitulum
606 1141 650 1185 in
684 1141 879 1186 doctrina
917 1143 1110 1188 Coelestii
1144 1143 1343 1202 discipuli
1377 1143 1562 1201 Pelagii,
1588 1157 1638 1186 ex
1664 1142 1723 1185 eis

335 1226 434 1270 quae
456 1212 717 1269 Carthagine
739 1229 760 1256 a
783 1223 932 1258 sancto
963 1214 1140 1258 Aurelio
1162 1214 1493 1273 Carthaginensi
1523 1214 1726 1273 episcopo

334 1293 435 1323 cum
458 1279 547 1324 aliis
572 1282 782 1341 episcopis
810 1284 959 1328 audita
983 1293 1083 1327 sunt
1115 1293 1158 1327 et
1180 1293 1517 1328 commemorata
1543 1302 1551 1328 z
1587 1283 1726 1327 Adam

335 1350 563 1395 mortalem
587 1350 751 1397 factum
776 1389 786 1408 ,
811 1354 883 1414 qui
909 1354 997 1398 sive
1022 1363 1217 1413 peccaret
1239 1390 1248 1409 ,
1273 1356 1359 1398 sive
1383 1371 1472 1398 non
1495 1361 1722 1414 peccaret,

334 1421 570 1465 moriturus
594 1433 717 1467 esset.
747 1425 961 1477 Quoniam
1003 1434 1226 1483 peceatum
1272 1425 1379 1469 Adae
1411 1425 1551 1484 ipsum
1583 1423 1723 1469 solum

334 1489 515 1545 laeserit,
537 1501 580 1541 et
602 1509 688 1536 non
714 1509 847 1552 genus
870 1495 1128 1538 humanum.
1155 1496 1369 1548 Quoniam
1390 1499 1477 1539 Lex
1493 1496 1552 1540 sic
1582 1496 1723 1538 mittat

334 1561 387 1605 ad
406 1577 605 1621 regnum,
626 1566 812 1624 quemad
821 1558 1005 1609 modurn>
1019 1575 1060 1609 et
1075 1567 1374 1625 Evangelium.
1389 1567 1603 1621 Quoniam
1624 1574 1723 1610 ante

334 1632 569 1677 adventum
594 1636 752 1679 Christi
776 1636 939 1679 fuerint
957 1637 1152 1680 homines
1176 1638 1263 1681 sine
1284 1647 1477 1696 peccato.
1506 1638 1720 1691 Quoniam

332 1700 518 1747 infantes
540 1720 679 1764 nuper
699 1707 786 1749 nati
806 1707 847 1748 in
874 1722 924 1750 eo
939 1716 1049 1750 statu
1070 1707 1168 1762 sint,
1190 1708 1231 1750 in
1252 1724 1340 1768 quo
1363 1708 1500 1752 Adam
1527 1707 1608 1751 fuit
1622 1716 1722 1751 ante

332 1774 746 1829 prfevaricationem‚
769 1777 983 1827 Quoniam
1005 1793 1146 1836 neque
1168 1793 1246 1836 per
1269 1787 1449 1822 mortem
1474 1777 1543 1822 vel
1562 1792 1720 1837 praeva-

332 1843 584 1887 ricationem
618 1845 723 1889 Adae
746 1861 874 1890 omne
905 1862 1036 1904 genus
1067 1848 1292 1891 bominum
1322 1850 1554 1904 moriatur,
1577 1864 1720 1908 neque

335 1929 410 1972 per
432 1918 789 1960 resurrectionem
816 1917 974 1961 Christi
1001 1933 1130 1961 omne
1163 1933 1297 1977 genus
1326 1920 1552 1963 hominum
1581 1934 1720 1963 resur-

334 1993 420 2040 gat.
463 1986 676 2037 Quoniam
719 1997 891 2032 sanctus
941 1989 1166 2048 episcopus
1215 1991 1479 2048 Augustinus
1516 1991 1720 2035 adversus

333 2052 566 2113 discipulos
584 2058 673 2115 ejus
699 2058 743 2100 iu
770 2058 907 2102 Sicilia
930 2060 1149 2118 respondit
1172 2060 1335 2105 Hilario
1360 2061 1413 2105 ad
1436 2063 1630 2122 subjecta
1648 2077 1720 2106 ca-

332 2122 469 2181 pitula
490 2160 500 2179 ,
526 2126 717 2171 scribens
739 2127 900 2171 librum
931 2129 973 2171 in
998 2145 1085 2188 quo
1108 2129 1186 2172 ista
1211 2131 1493 2175 eontinentur
1515 2133 1531 2156 ²
1555 2151 1564 2176 z
1591 2136 1717 2176 Posse

331 2193 552 2239 hominem
581 2197 670 2240 sine
692 2207 869 2257 peccato
902 2213 1018 2253 esse,
1041 2199 1073 2241 si
1098 2199 1202 2243 velit
1229 2219 1237 2244 :
1264 2201 1458 2245 Infantes
1483 2236 1493 2256 ,
1522 2202 1600 2245 etsi
1628 2217 1718 2245 non

331 2264 621 2323 baptizentur,
647 2268 809 2313 habere
831 2270 964 2313 vitam
987 2279 1191 2314 aeternam
1226 2290 1234 2315 :
1264 2271 1426 2316 Divites
1457 2272 1712 2331 baptizatos,

331 2334 409 2378 nisi
428 2337 628 2382 omnibus
643 2339 966 2395 abrenuntient,
985 2340 1017 2384 si
1033 2339 1140 2399 quid
1156 2341 1259 2384 boni
1282 2342 1359 2386 visi
1379 2341 1539 2386 fuerint
1556 2342 1712 2398 facere,

331 2419 420 2449 non
450 2409 640 2466 reputari
668 2409 777 2464 illis,
815 2426 957 2470 neque
981 2425 1163 2469 regnum
1188 2411 1264 2454 Dei
1293 2426 1415 2470 posse
1442 2428 1513 2457 eos
1536 2413 1711 2456 habere.

382 2516 388 2530 ¹
411 2511 484 2541 Pars
503 2512 653 2544 Actorum
668 2512 779 2552 judicii
800 2512 954 2545 Palaestini
976 2514 1006 2545 in
1024 2523 1117 2545 causa
1136 2512 1263 2555 Pelagii.
1281 2529 1320 2536 -—-
1336 2520 1348 2535 2
1368 2515 1467 2557 Epist.
1490 2526 1582 2554 envn,
1599 2516 1640 2548 ad
1659 2515 1714 2548 Ili-

331 2564 439 2596 larium
