1784 3205
338 193 421 232 394
761 214 794 238 s.
831 212 1059 241 mensum
1092 215 1271 247 EPISGOPI

335 278 379 313 et
394 268 526 325 illud,
543 272 663 332 quod
681 283 846 332 patrem
860 275 1079 321 Abraham
1099 278 1218 324 dives
1233 281 1322 339 ille,
1337 299 1438 330 eum
1457 286 1501 330 in
1522 296 1712 335 tormen-

336 339 388 383 tis
410 350 540 396 esset‚
571 344 747 400 agnovit
772 345 841 388 cui
864 346 1000 404 figura
1021 349 1210 408 corporis
1230 353 1321 411 ejus
1348 369 1436 400 non
1457 367 1550 402 erat
1575 369 1678 405 nota
1695 395 1708 418 ‚

333 411 455 469 cujus
476 415 666 471 corporis
691 414 1018 462 similitudinem
1042 421 1265 479 quamvis1
1293 424 1544 485 incorporea
1567 431 1712 488 potuit

332 481 475 526 anima
496 484 694 529 retinere.
720 486 825 538 Quis
843 496 986 531 autem
1006 499 1120 534 recte
1138 491 1274 548 dicat,
1299 509 1344 539 se
1361 495 1550 556 aliquem
1572 500 1713 546 homi-

330 566 430 595 nem
453 555 724 610 cognovisse,
745 556 825 599 nisi
848 558 893 602 in
912 569 1125 618 quantum
1140 563 1282 620 potuit
1299 566 1390 625 ejus
1404 567 1538 612 vitam
1555 571 1712 616 volun-

329 629 550 681 tatemque
577 639 854 682 cognoscere,
885 643 985 686 quae
1016 630 1169 690 utique
1202 633 1337 678 moles
1365 651 1454 681 non
1489 638 1620 684 habet
1641 642 1709 686 vel

328 689 516 735 colores?
540 693 609 738 Sic
636 696 752 739 enim
770 705 812 740 et
833 712 908 741 nos
925 699 1036 757 ipsos
1064 702 1222 747 certius
1242 720 1374 763 quam
1392 717 1569 754 caeteros
1583 713 1709 758 novi-

326 774 438 814 mus,
467 763 569 820 quia
601 766 726 809 nobis
745 768 1010 813 conscientia
1031 781 1177 816 nostra
1198 784 1300 818 nota
1329 785 1392 820 est
1417 786 1461 821 et
1477 778 1705 828 voluntas:

326 845 456 888 quam
476 830 604 890 plane
618 834 814 880 videmus
829 872 840 892 ‚
868 848 910 882 et
929 840 974 885 in
996 855 1045 885 ea
1068 850 1213 887 tamen
1236 844 1425 905 aliquam
1441 851 1632 908 corporis
1648 852 1708 896 si-

324 899 616 946 militudinem
640 920 729 949 non
751 906 962 953 videmus.
986 913 1108 955 Hane
1126 912 1172 956 in
1189 913 1273 959 alio
1287 918 1482 974 quamvis
1499 931 1709 977 praesente

322 984 412 1012 non
434 972 650 1017 cernimus
666 1009 677 1028 ‚
704 977 833 1020 etiam
854 980 976 1038 cujus
1001 982 1188 1028 absentis
1216 984 1369 1030 faciem
1395 991 1611 1047 novimus,
1638 1008 1707 1036 re—

321 1038 504 1085 colimus
517 1076 527 1096 ,
553 1045 807 1102 cogitamus.
834 1051 1033 1095 Nostram
1048 1068 1151 1098 vero
1168 1054 1322 1100 faciem
1339 1073 1390 1103 eo
1409 1061 1540 1105 modo
1564 1078 1702 1119 nosse,

321 1108 535 1163 recolere,
560 1115 748 1171 cogitare
776 1133 865 1162 non
889 1135 1134 1179 possumus,
1164 1133 1207 1168 et
1228 1134 1374 1171 tamen
1396 1145 1473 1173 nos
1495 1131 1607 1190 ipsos
1623 1149 1705 1178 no—

319 1176 385 1220 bis
420 1180 557 1237 magis
589 1198 721 1241 quam
757 1185 881 1230 illum
912 1191 1136 1248 cognitum
1165 1196 1381 1240 verissime
1409 1199 1622 1248 dicimus:
1646 1204 1704 1248 ita

317 1246 484 1291 clarum
499 1259 561 1294 est
578 1286 589 1305 ‚
615 1253 691 1296 ubi
708 1255 762 1298 sit
779 1256 924 1314 potior
945 1259 1131 1305 hominis
1155 1264 1379 1325 veriorque
1400 1269 1571 1315 notitia.

374 1320 538 1364 XXXI.
566 1323 678 1367 Cum
697 1340 800 1383 ergo
823 1327 940 1372 aliud
956 1330 1009 1373 sit
1031 1330 1076 1375 in
1099 1332 1265 1389 anima,
1290 1351 1378 1394 quo
1395 1353 1578 1398 corpora
1601 1356 1702 1388 vera

314 1390 540 1444 sentimus,
567 1393 689 1451 quod
709 1396 892 1442 facimus
915 1400 1111 1460 quinque
1127 1405 1324 1450 sensibus
1345 1410 1558 1468 corporis3
1581 1411 1701 1457 aliud

313 1472 400 1516 quo
424 1470 582 1517 praeter
614 1462 728 1522 ipsos
760 1467 914 1513 similia
941 1472 1196 1529 corporibus
1227 1491 1317 1520 non
1348 1493 1529 1538 corpora
1559 1482 1701 1526 cerni-

312 1541 430 1582 mus,
462 1530 537 1573 ubi
563 1540 606 1575 et
633 1549 711 1577 nos
739 1536 852 1593 ipsos
880 1554 970 1583 non
1005 1541 1129 1586 aliter
1159 1560 1292 1604 quarn
1322 1548 1480 1594 similes
1508 1553 1699 1611 corpori-

311 1596 393 1640 bus
428 1610 712 1662 contuemur3
745 1606 864 1651 aliud
893 1625 982 1668 quo
1011 1627 1091 1656 nec
1123 1629 1304 1674 corpora
1338 1634 1418 1664 nec
1447 1621 1696 1667 similitudi-

311 1680 385 1709 nes
416 1682 670 1729 corporum,
696 1676 807 1720 sicut
831 1678 977 1735 fidem⁷
998 1696 1140 1740 spem,
1168 1685 1443 1743 charitatem,
1474 1691 1565 1736 sine
1594 1692 1694 1737 ullis

308 1734 525 1783 coloribus
557 1750 600 1786 et
632 1747 874 1791 tumoribus
911 1764 1151 1812 eorumque
1191 1756 1572 1816 similitudinibus,
1601 1779 1695 1809 cer-

308 1807 391 1850 tius
409 1823 510 1853 sane
532 1811 786 1873 firmiusque
808 1820 1119 1881 conspicimus3
1147 1824 1223 1868 ubi
1255 1829 1389 1886 magis
1407 1845 1495 1874 esse
1515 1839 1558 1874 et
1580 1848 1693 1892 quo-

307 1875 406 1920 dam
446 1882 577 1926 modo
612 1883 865 1933 familiarius
897 1890 1095 1937 habitare
1127 1894 1361 1954 debemus,
1387 1902 1465 1945 ubi
1496 1906 1693 1950 renovari

305 1945 349 1989 in
373 1949 639 2006 agnitionem
665 1957 742 2000 Dei
770 1961 1011 2006 secundum
1042 1964 1271 2023 imaginem
1305 1971 1395 2029 ejus
1423 1973 1499 2031 qui
1531 1976 1691 2019 creavit

304 2031 398 2071 nos,
418 2035 564 2065 nonne
588 2023 632 2067 in
649 2026 732 2070 hoc
757 2031 877 2087 quod
901 2034 1027 2079 tertio
1041 2034 1139 2080 loco
1162 2040 1313 2096 posui?
1337 2042 1402 2085 Ibi
1429 2043 1544 2088 enim
1573 2054 1689 2090 certe

303 2100 446 2145 neque
478 2091 619 2136 ullum
647 2111 818 2154 sexum,
857 2116 1000 2160 neque
1042 2104 1177 2150 ullam
1209 2123 1335 2154 sexus
1364 2111 1689 2160 similitudinem

302 2170 505 2213 gerimus.

358 2229 545 2274 XXXII.
584 2234 690 2277 Nam
732 2235 804 2281 illa
852 2241 1102 2286 masculinae
1140 2245 1210 2289 vel
1253 2246 1494 2296 foemininae
1530 2253 1685 2298 animae

299 2294 460 2352 t'orma,
487 2303 693 2349 membris
714 2306 911 2353 virilibus
934 2311 1278 2374 mulieribusque
1301 2318 1502 2365 distincta
1519 2355 1531 2376 ‚
1548 2323 1683 2368 sinon

298 2369 489 2424 corporis
504 2370 757 2430 similitudo,
784 2379 859 2422 sed
881 2395 1036 2439 corpus
1058 2393 1136 2439 est,
1161 2386 1265 2431 velis
1282 2389 1408 2444 nolis,
1429 2401 1490 2435 est
1511 2407 1681 2438 mascu-

296 2433 362 2478 lus
381 2456 391 2492 3
411 2437 513 2481 velis
530 2441 655 2497 nolis,
672 2455 735 2490 est
753 2446 948 2506 foemina,
969 2468 1258 2515 quaecumque
1275 2469 1349 2503 aut
1368 2461 1582 2506 masculus
1602 2478 1679 2522 ap-

345 2526 353 2541 ¹
376 2522 450 2553 Luc.
472 2533 535 2563 xvi,
562 2525 614 2557 23.
