1784 3205
324 242 405 281 146
762 253 793 275 s.
831 246 1059 274 Atuus'rim
1093 244 1273 270 EPlseot’l

320 338 339 361 >›
368 328 433 364 tus
452 320 481 361 ².
513 335 532 359 »
559 315 719 362 Audiat
746 315 824 358 iste
854 319 1025 356 tantum
1058 308 1199 353 virum
1230 306 1481 359 docentem,
1508 303 1700 347 imitetur

315 389 589 442 credentem,
615 387 736 445 cujus
774 383 1016 427 doctrinam
1047 378 1266 436 fidemque
1299 374 1506 419 laudavit.
1541 372 1700 417 Audiat

317 460 562 513 humiliter,
586 458 778 501 imitetur
800 452 986 498 fideliter
1012 470 1021 496 ε
1049 465 1138 495 non
1160 449 1215 493 de
1234 463 1276 492 se
1298 445 1573 507 pertinaciter
1589 456 1704 502 prae-

317 539 474 585 sumat,
496 545 550 573 ne
567 535 727 588 pereat.
750 523 866 579 Quid
893 523 938 566 in
965 537 1016 566 eo
1040 519 1193 580 pelago
1207 517 1301 563 vult
1319 516 1457 575 mergi
1478 513 1701 572 Pelagius,

318 601 434 645 unde
457 616 533 660 per
553 607 719 658 petram
736 596 943 640 liberatus
961 602 1024 636 est
1042 591 1218 636 Petrus?

378 675 450 715 LI.
472 670 633 715 Audiat
651 667 852 713 eumdem
886 664 1119 709 antistitem
1144 661 1218 705 Dei
1237 660 1282 704 in
1308 660 1459 703 sexto2
1478 654 1628 699 itidem
1654 654 1707 697 li-

319 742 398 785 bro
420 740 615 800 ejusdem
633 739 772 798 operis
790 737 1024 789 dicentem,
1048 753 1068 774 «
1089 735 1180 777 Cur
1194 740 1341 775 autem
1361 744 1449 773 non
1464 724 1706 785 receperint

320 826 448 866 cnm,
478 808 754 867 Evangelista
776 808 865 865 ipse
899 802 1179 856 memoravit,
1219 800 1393 853 dicens,
1430 797 1541 850 Quia
1577 795 1709 839 facies

320 883 410 942 ejus
426 890 517 924 erat
534 880 674 924 euntis
692 880 737 922 in
759 875 1011 922 Jerusalem.
1045 872 1251 931 Discipuli
1271 879 1414 915 autem
1442 867 1574 926 recipi
1595 866 1708 910 intra

324 952 556 998 Samariam
587 951 843 1009 gestiebant.
884 947 968 992 Sed
991 950 1105 990 Deus
1127 959 1237 1004 quos
1261 942 1465 1001 dignatur
1492 945 1645 992 vocat,
1665 945 1709 980 et

321 1038 453 1083 quem
477 1021 572 1067 vult
593 1020 842 1078 religiosum
870 1017 986 1062 facit.
1018 1034 1037 1057 »
1063 1020 1100 1060 Ο
1123 1029 1296 1059 sensum
1321 1011 1510 1056 hominis
1531 1009 1634 1061 Dei,
1655 1022 1706 1051 ex

322 1096 414 1151 ipso
446 1094 649 1136 haustum
686 1091 808 1135 fonte
847 1088 993 1146 gratiae
1035 1087 1139 1131 Dei?
1172 1104 1192 1127 «
1229 1087 1363 1137 Deus,
1399 1081 1561 1141 inquit,
1600 1092 1709 1138 quos

323 1163 527 1221 dignatur
549 1171 696 1216 vocat,
721 1170 764 1204 et
786 1175 917 1219 quem
936 1158 1030 1203 vult
1049 1156 1296 1214 religiosum
1316 1152 1431 1197 facit.
1461 1170 1480 1194 n
1504 1150 1658 1194 Videte
1674 1147 1708 1191 si

323 1248 412 1277 non
438 1233 547 1276 illud
577 1242 640 1276 est
671 1231 974 1290 propheticum
1003 1247 1011 1273 :
1041 1246 1059 1269 «
1082 1226 1320 1272 Miserebor
1352 1224 1475 1283 cujus
1511 1221 1709 1264 misertus

329 1324 345 1344 »
370 1318 466 1357 ero,
492 1312 535 1346 et
553 1300 890 1346 misericordiam
912 1299 1127 1358 praestabo
1145 1297 1214 1341 cui
1233 1295 1472 1339 misericors
1491 1292 1658 1336 fueross.
1686 1306 1706 1330 »

324 1377 381 1418 Et
403 1373 512 1418 illud
543 1372 827 1433 apostolicum
854 1391 862 1416 2
893 1390 910 1412 «
938 1370 1075 1428 Igitur
1102 1383 1191 1411 non
1220 1365 1403 1410 volentis
1440 1378 1582 1422 neque
1611 1376 1712 1406 cur-

330 1463 349 1485 »
376 1445 532 1497 rentis,
558 1445 633 1487 sed
660 1443 897 1487 miserentis
925 1440 1047 1485 Dei5.
1077 1457 1096 1480 »
1123 1438 1230 1491 Quia
1253 1446 1303 1480 ut
1329 1436 1434 1480 dicit
1462 1434 1592 1478 etiam
1611 1446 1713 1476 nos-

331 1524 494 1559 trorum
515 1523 761 1573 temporum
780 1514 913 1557 homo
936 1513 1041 1571 ejus,
1071 1528 1091 1551 «
1112 1512 1253 1561 Quem
1272 1507 1476 1565 dignatur
1492 1512 1644 1558 vocat,
1669 1510 1713 1546 et

326 1600 459 1645 quem
475 1585 571 1629 vult
594 1585 840 1643 religiosum
865 1583 1031 1627 facitg»
1054 1578 1275 1639 Numquid
1301 1577 1456 1636 aliquis
1478 1575 1620 1619 dicere
1639 1588 1713 1617 au-

327 1654 469 1710 dedit,
496 1656 694 1700 nondum
725 1669 813 1698 esse
831 1653 1107 1711 religiosum,
1147 1669 1166 1692 «
1202 1650 1279 1709 qui.
1309 1647 1444 1692 currit
1475 1645 1530 1689 ad
1561 1643 1713 1689 Domi-

330 1746 349 1768 »
377 1738 483 1770 num
498 1728 532 1781 3,
551 1736 593 1770 et
611 1726 665 1769 ab
681 1741 732 1769 eo
748 1740 790 1768 sc
808 1725 898 1782 regi
916 1723 1053 1782 cupit,
1074 1730 1116 1765 et
1132 1720 1403 1765 voluntatem
1421 1731 1540 1760 suam
1557 1731 1608 1759 ex
1623 1715 1714 1774 ejus

330 1816 350 1838 ³>
383 1798 607 1842 voluntate
641 1796 865 1855 suspendit
887 1830 897 1848 ,
946 1803 989 1837 et
1030 1793 1105 1852 qui
1146 1792 1183 1835 ei
1223 1787 1487 1835 adhaerendo
1522 1787 1683 1847 jugiter
1699 1818 1711 1839 ,

329 1885 349 1908 υ
375 1883 504 1922 unus,
531 1866 773 1911 secundum
798 1864 1079 1925 Apostolum,
1107 1878 1205 1907 cnm
1232 1877 1283 1905 eo
1300 1862 1350 1904 fit
1371 1859 1599 1919 spiritusss?
1621 1874 1639 1897 η
1659 1858 1715 1900 At

326 1938 409 1983 hoc
433 1947 573 1982 totum
598 1948 686 1982 tam
705 1951 912 1994 magnum
934 1933 1118 1991 religiosi
1140 1931 1328 1976 hominis
1357 1945 1488 1989 opus,
1516 1926 1713 1984 Pelagius

327 2023 416 2052 non
438 2007 542 2052 dicit
570 2026 589 2048 «
621 2007 734 2050 effici
764 2007 846 2050 nisi
879 2003 1045 2048 arbitrii
1073 2003 1289 2046 libertate.
1323 2019 1342 2041 »
1373 2002 1536 2044 Contra
1568 2005 1715 2041 autem

326 2078 479 2122 beatus
518 2077 770 2122 Ambrosius
803 2076 937 2134 ipsius
966 2083 1055 2117 tam
1084 2071 1345 2116 excellenter
1380 2084 1454 2114 ore
1487 2066 1712 2120 laudatus,

333 2167 353 2189 «
385 2148 592 2192 Dominus
616 2151 751 2201 Deus,
775 2146 939 2206 inquit,
964 2158 1096 2203 quem
1118 2142 1322 2200 dignatur
1351 2148 1497 2193 vocat,
1519 2147 1562 2182 et
1583 2151 1715 2197 quem

327 2217 422 2261 vult
440 2218 686 2276 religiosum
704 2215 816 2260 facit.
844 2234 863 2256 η
882 2218 998 2273 Ergo
1017 2222 1066 2257 nt
1084 2221 1229 2257 currat
1247 2211 1300 2254 ad
1321 2209 1553 2254 Dominum
1568 2242 1578 2262 ,
1596 2215 1639 2250 et
1656 2206 1712 2250 ab

329 2303 380 2332 co
399 2303 443 2333 se
457 2289 546 2348 regi
563 2289 730 2348 cupiat,
754 2301 963 2345 suamque
993 2283 1263 2329 voluntatem
1288 2297 1338 2325 ex
1368 2281 1459 2339 ejus
1487 2278 1713 2324 voluntate

379 2414 386 2429 ¹
408 2408 490 2439 psal.
514 2418 598 2449 xxix,
623 2407 654 2439 8.
673 2424 712 2429 —
730 2414 741 2429 ²
771 2404 863 2448 Apud
881 2403 1026 2437 Amin-os.
1054 2402 1110 2434 lib.
1142 2412 1184 2433 vii
1202 2427 1209 2441 ,
1229 2411 1259 2431 n.
1280 2409 1318 2441 23-
1336 2426 1343 2440 ,
1363 2399 1400 2431 ad
1420 2401 1485 2430 Luc
1522 2409 1555 2430 lx
1570 2420 1578 2435 ,
1606 2396 1659 2428 53.
1681 2411 1716 2416 —

334 2462 347 2486 3
365 2464 460 2495 Emi.
482 2474 591 2503 xxxin,
612 2474 661 2504 ¹9·
680 2461 746 2490 -4
766 2464 856 2493 Rom.
882 2471 928 2499 ix,
951 2463 1000 2491 16.
1016 2476 1055 2481 --
1073 2457 1089 2481 5
1107 2457 1222 2499 Pelagii
1250 2456 1364 2495 verba,
1387 2466 1492 2497 supra,
1511 2464 1583 2496 cap.
1605 2461 1658 2485 22.
1676 2468 1715 2474 -

333 2522 346 2541 ‘³
366 2531 377 2551 1
401 2523 472 2552 Gor.
496 2531 540 2559 vr,
565 2531 613 2560 ¹7⁴
