<?xml version="1.0" encoding="UTF-8"?>
<!DOCTYPE html PUBLIC "-//W3C//DTD XHTML 1.0 Transitional//EN"
    "http://www.w3.org/TR/xhtml1/DTD/xhtml1-transitional.dtd">
<html xmlns="http://www.w3.org/1999/xhtml" xml:lang="en" lang="en">
 <head>
  <title>
</title>
<meta http-equiv="Content-Type" content="text/html;charset=utf-8" />
  <meta name='ocr-system' content='tesseract 3.04.00' />
  <meta name='ocr-capabilities' content='ocr_page ocr_carea ocr_par ocr_line ocrx_word'/>
</head>
<body>
  <div class='ocr_page' id='page_1' title='image "./operaomniaaccura34auguuoft_0071.png"; bbox 0 0 1804 3205; ppageno 0'>
   <div class='ocr_carea' id='block_1_1' title="bbox 34 227 1432 2628">
    <p class='ocr_par' dir='ltr' id='par_1_1' title="bbox 44 227 1429 433">
     <span class='ocr_line' id='line_1_1' title="bbox 514 227 1421 263; baseline 0 0"><span class='ocrx_word' id='word_1_1' title='bbox 514 238 564 263; x_wconf 70' lang='lat' dir='ltr'>ur:</span> <span class='ocrx_word' id='word_1_2' title='bbox 599 237 738 263; x_wconf 55' lang='lat' dir='ltr'>nassis</span> <span class='ocrx_word' id='word_1_3' title='bbox 773 235 956 262; x_wconf 44' lang='lat' dir='ltr'>vinacii.</span> <span class='ocrx_word' id='word_1_4' title='bbox 1374 227 1421 263; x_wconf 75' lang='lat'>61</span> 
     </span>
     <span class='ocr_line' id='line_1_2' title="bbox 44 302 1429 362; baseline -0.002 -14"><span class='ocrx_word' id='word_1_5' title='bbox 44 306 165 357; x_wconf 80' lang='lat' dir='ltr'>dens,</span> <span class='ocrx_word' id='word_1_6' title='bbox 192 305 410 348; x_wconf 88' lang='lat' dir='ltr'>hominem</span> <span class='ocrx_word' id='word_1_7' title='bbox 431 318 530 347; x_wconf 88' lang='lat' dir='ltr'>eum</span> <span class='ocrx_word' id='word_1_8' title='bbox 557 302 773 362; x_wconf 85' lang='lat' dir='ltr'>adjutorio</span> <span class='ocrx_word' id='word_1_9' title='bbox 795 302 865 344; x_wconf 78' lang='lat' dir='ltr'>Dei</span> <span class='ocrx_word' id='word_1_10' title='bbox 881 310 923 344; x_wconf 83' lang='lat' dir='ltr'>et</span> <span class='ocrx_word' id='word_1_11' title='bbox 942 302 1075 359; x_wconf 85' lang='lat' dir='ltr'>gratia</span> <span class='ocrx_word' id='word_1_12' title='bbox 1095 315 1215 359; x_wconf 83' lang='lat' dir='ltr'>posse</span> <span class='ocrx_word' id='word_1_13' title='bbox 1232 318 1320 344; x_wconf 68' lang='lat' dir='ltr'>esse</span> <span class='ocrx_word' id='word_1_14' title='bbox 1337 304 1429 346; x_wconf 79' lang='lat' dir='ltr'>sine</span> 
     </span>
     <span class='ocr_line' id='line_1_3' title="bbox 44 371 1031 433; baseline -0.008 -15"><span class='ocrx_word' id='word_1_15' title='bbox 44 383 235 433; x_wconf 82' lang='lat' dir='ltr'>peccato,</span> <span class='ocrx_word' id='word_1_16' title='bbox 265 372 521 432; x_wconf 78' lang='lat' dir='ltr'>respoudeat</span> <span class='ocrx_word' id='word_1_17' title='bbox 543 382 585 415; x_wconf 91' lang='lat' dir='ltr'>et</span> <span class='ocrx_word' id='word_1_18' title='bbox 609 372 662 415; x_wconf 91' lang='lat' dir='ltr'>ad</span> <span class='ocrx_word' id='word_1_19' title='bbox 682 372 761 415; x_wconf 88' lang='lat' dir='ltr'>alia</span> <span class='ocrx_word' id='word_1_20' title='bbox 782 371 987 430; x_wconf 83' lang='lat' dir='ltr'>capitula.</span> <span class='ocrx_word' id='word_1_21' title='bbox 1012 389 1031 411; x_wconf 67' lang='grc' dir='ltr'>η</span> 
     </span>
    </p>

    <p class='ocr_par' dir='ltr' id='par_1_2' title="bbox 34 441 1431 1282">
     <span class='ocr_line' id='line_1_4' title="bbox 101 441 1426 503; baseline -0.002 -15"><span class='ocrx_word' id='word_1_22' title='bbox 101 447 240 488; x_wconf 81' lang='lat' dir='ltr'>xvn.</span> <span class='ocrx_word' id='word_1_23' title='bbox 277 444 500 503; x_wconf 79' lang='lat' dir='ltr'>Numquid</span> <span class='ocrx_word' id='word_1_24' title='bbox 538 445 606 487; x_wconf 89' lang='lat' dir='ltr'>hie</span> <span class='ocrx_word' id='word_1_25' title='bbox 642 451 841 502; x_wconf 79' lang='lat' dir='ltr'>poterant</span> <span class='ocrx_word' id='word_1_26' title='bbox 857 442 1025 502; x_wconf 85' lang='lat' dir='ltr'>judiees</span> <span class='ocrx_word' id='word_1_27' title='bbox 1041 477 1051 496; x_wconf 94' lang='lat'>,</span> <span class='ocrx_word' id='word_1_28' title='bbox 1087 442 1154 485; x_wconf 89' lang='lat' dir='ltr'>vel</span> <span class='ocrx_word' id='word_1_29' title='bbox 1190 441 1426 496; x_wconf 88' lang='lat' dir='ltr'>debebant,</span> 
     </span>
     <span class='ocr_line' id='line_1_5' title="bbox 42 513 1429 574; baseline -0.002 -15"><span class='ocrx_word' id='word_1_30' title='bbox 42 516 256 573; x_wconf 85' lang='lat' dir='ltr'>incognita</span> <span class='ocrx_word' id='word_1_31' title='bbox 280 525 321 559; x_wconf 92' lang='lat' dir='ltr'>et</span> <span class='ocrx_word' id='word_1_32' title='bbox 345 515 508 559; x_wconf 86' lang='lat' dir='ltr'>incerta</span> <span class='ocrx_word' id='word_1_33' title='bbox 531 515 753 568; x_wconf 87' lang='lat' dir='ltr'>damnare,</span> <span class='ocrx_word' id='word_1_34' title='bbox 780 514 958 574; x_wconf 88' lang='lat' dir='ltr'>quando</span> <span class='ocrx_word' id='word_1_35' title='bbox 989 529 1117 558; x_wconf 89' lang='lat' dir='ltr'>nemo</span> <span class='ocrx_word' id='word_1_36' title='bbox 1149 523 1298 557; x_wconf 91' lang='lat' dir='ltr'>contra</span> <span class='ocrx_word' id='word_1_37' title='bbox 1334 513 1429 557; x_wconf 84' lang='lat' dir='ltr'>ade-</span> 
     </span>
     <span class='ocr_line' id='line_1_6' title="bbox 42 583 1429 646; baseline -0.003 -16"><span class='ocrx_word' id='word_1_38' title='bbox 42 595 121 638; x_wconf 88' lang='lat' dir='ltr'>rat,</span> <span class='ocrx_word' id='word_1_39' title='bbox 140 586 215 646; x_wconf 91' lang='lat' dir='ltr'>qui</span> <span class='ocrx_word' id='word_1_40' title='bbox 233 601 396 646; x_wconf 76' lang='lat' dir='ltr'>eaquae</span> <span class='ocrx_word' id='word_1_41' title='bbox 415 586 468 630; x_wconf 87' lang='lat' dir='ltr'>ad</span> <span class='ocrx_word' id='word_1_42' title='bbox 485 585 661 630; x_wconf 86' lang='lat' dir='ltr'>viduam</span> <span class='ocrx_word' id='word_1_43' title='bbox 677 584 1028 644; x_wconf 74' lang='lat' dir='ltr'>reprehensibilia</span> <span class='ocrx_word' id='word_1_44' title='bbox 1044 586 1200 643; x_wconf 85' lang='lat' dir='ltr'>scripta</span> <span class='ocrx_word' id='word_1_45' title='bbox 1219 583 1429 628; x_wconf 86' lang='lat' dir='ltr'>diceban-</span> 
     </span>
     <span class='ocr_line' id='line_1_7' title="bbox 43 656 1429 716; baseline -0.002 -15"><span class='ocrx_word' id='word_1_46' title='bbox 43 666 128 711; x_wconf 89' lang='lat' dir='ltr'>tur,</span> <span class='ocrx_word' id='word_1_47' title='bbox 159 657 377 715; x_wconf 80' lang='lat' dir='ltr'>Pelagium</span> <span class='ocrx_word' id='word_1_48' title='bbox 401 657 615 716; x_wconf 77' lang='lat' dir='ltr'>scripsisse</span> <span class='ocrx_word' id='word_1_49' title='bbox 637 656 943 700; x_wconf 83' lang='lat' dir='ltr'>convinceret?</span> <span class='ocrx_word' id='word_1_50' title='bbox 962 656 1043 699; x_wconf 88' lang='lat' dir='ltr'>Ubi</span> <span class='ocrx_word' id='word_1_51' title='bbox 1066 656 1259 714; x_wconf 83' lang='lat' dir='ltr'>profecto</span> <span class='ocrx_word' id='word_1_52' title='bbox 1276 670 1429 714; x_wconf 89' lang='lat' dir='ltr'>parum</span> 
     </span>
     <span class='ocr_line' id='line_1_8' title="bbox 40 727 1430 787; baseline -0.002 -15"><span class='ocrx_word' id='word_1_53' title='bbox 40 737 148 772; x_wconf 88' lang='lat' dir='ltr'>esset</span> <span class='ocrx_word' id='word_1_54' title='bbox 173 727 364 772; x_wconf 82' lang='lat' dir='ltr'>codicem</span> <span class='ocrx_word' id='word_1_55' title='bbox 392 727 517 783; x_wconf 78' lang='lat' dir='ltr'>serre,</span> <span class='ocrx_word' id='word_1_56' title='bbox 544 737 585 772; x_wconf 88' lang='lat' dir='ltr'>et</span> <span class='ocrx_word' id='word_1_57' title='bbox 613 728 667 771; x_wconf 88' lang='lat' dir='ltr'>de</span> <span class='ocrx_word' id='word_1_58' title='bbox 688 727 856 786; x_wconf 88' lang='lat' dir='ltr'>seriptis</span> <span class='ocrx_word' id='word_1_59' title='bbox 874 729 966 787; x_wconf 83' lang='lat' dir='ltr'>ejus</span> <span class='ocrx_word' id='word_1_60' title='bbox 986 729 1077 771; x_wconf 82' lang='lat' dir='ltr'>haee</span> <span class='ocrx_word' id='word_1_61' title='bbox 1094 727 1259 786; x_wconf 85' lang='lat' dir='ltr'>legere,</span> <span class='ocrx_word' id='word_1_62' title='bbox 1286 727 1364 770; x_wconf 85' lang='lat' dir='ltr'>nisi</span> <span class='ocrx_word' id='word_1_63' title='bbox 1388 736 1430 770; x_wconf 89' lang='lat' dir='ltr'>et</span> 
     </span>
     <span class='ocr_line' id='line_1_9' title="bbox 42 798 1430 857; baseline -0.001 -14"><span class='ocrx_word' id='word_1_64' title='bbox 42 808 168 844; x_wconf 86' lang='lat' dir='ltr'>testes</span> <span class='ocrx_word' id='word_1_65' title='bbox 191 799 522 853; x_wconf 72' lang='lat' dir='ltr'>adhiberentur,</span> <span class='ocrx_word' id='word_1_66' title='bbox 549 800 581 842; x_wconf 90' lang='lat' dir='ltr'>si</span> <span class='ocrx_word' id='word_1_67' title='bbox 602 798 673 842; x_wconf 89' lang='lat' dir='ltr'>illa</span> <span class='ocrx_word' id='word_1_68' title='bbox 696 799 850 857; x_wconf 85' lang='lat' dir='ltr'>scripta</span> <span class='ocrx_word' id='word_1_69' title='bbox 873 814 948 842; x_wconf 90' lang='lat' dir='ltr'>sua</span> <span class='ocrx_word' id='word_1_70' title='bbox 967 814 1071 853; x_wconf 89' lang='lat' dir='ltr'>esse,</span> <span class='ocrx_word' id='word_1_71' title='bbox 1099 799 1226 842; x_wconf 84' lang='lat' dir='ltr'>etiam</span> <span class='ocrx_word' id='word_1_72' title='bbox 1245 813 1343 842; x_wconf 87' lang='lat' dir='ltr'>cum</span> <span class='ocrx_word' id='word_1_73' title='bbox 1364 813 1430 841; x_wconf 82' lang='lat' dir='ltr'>re-</span> 
     </span>
     <span class='ocr_line' id='line_1_10' title="bbox 39 868 1430 928; baseline -0.002 -15"><span class='ocrx_word' id='word_1_74' title='bbox 39 871 294 922; x_wconf 79' lang='lat' dir='ltr'>citarentur,</span> <span class='ocrx_word' id='word_1_75' title='bbox 321 879 510 926; x_wconf 84' lang='lat' dir='ltr'>negaret.</span> <span class='ocrx_word' id='word_1_76' title='bbox 536 871 849 912; x_wconf 78' lang='lat' dir='ltr'>Verumtamen</span> <span class='ocrx_word' id='word_1_77' title='bbox 877 869 921 911; x_wconf 87' lang='lat' dir='ltr'>in</span> <span class='ocrx_word' id='word_1_78' title='bbox 946 869 1008 911; x_wconf 87' lang='lat' dir='ltr'>his</span> <span class='ocrx_word' id='word_1_79' title='bbox 1032 884 1208 928; x_wconf 87' lang='lat' dir='ltr'>quoque</span> <span class='ocrx_word' id='word_1_80' title='bbox 1232 868 1430 912; x_wconf 86' lang='lat' dir='ltr'>fecerunt</span> 
     </span>
     <span class='ocr_line' id='line_1_11' title="bbox 34 938 1426 1000; baseline -0.002 -16"><span class='ocrx_word' id='word_1_81' title='bbox 34 940 216 1000; x_wconf 85' lang='lat' dir='ltr'>judices,</span> <span class='ocrx_word' id='word_1_82' title='bbox 242 942 361 1000; x_wconf 89' lang='lat' dir='ltr'>quod</span> <span class='ocrx_word' id='word_1_83' title='bbox 386 940 527 984; x_wconf 87' lang='lat' dir='ltr'>facere</span> <span class='ocrx_word' id='word_1_84' title='bbox 557 948 810 998; x_wconf 88' lang='lat' dir='ltr'>potuerunt,</span> <span class='ocrx_word' id='word_1_85' title='bbox 840 940 1153 996; x_wconf 82' lang='lat' dir='ltr'>interrogantes</span> <span class='ocrx_word' id='word_1_86' title='bbox 1180 938 1426 996; x_wconf 82' lang='lat' dir='ltr'>Pelagium,</span> 
     </span>
     <span class='ocr_line' id='line_1_12' title="bbox 40 1007 1430 1068; baseline -0.003 -13"><span class='ocrx_word' id='word_1_87' title='bbox 40 1020 186 1055; x_wconf 89' lang='lat' dir='ltr'>utrum</span> <span class='ocrx_word' id='word_1_88' title='bbox 211 1012 593 1054; x_wconf 79' lang='lat' dir='ltr'>anathematizaret</span> <span class='ocrx_word' id='word_1_89' title='bbox 618 1010 729 1063; x_wconf 89' lang='lat' dir='ltr'>illos,</span> <span class='ocrx_word' id='word_1_90' title='bbox 756 1010 831 1068; x_wconf 86' lang='lat' dir='ltr'>qui</span> <span class='ocrx_word' id='word_1_91' title='bbox 857 1009 957 1052; x_wconf 88' lang='lat' dir='ltr'>talia</span> <span class='ocrx_word' id='word_1_92' title='bbox 979 1009 1190 1062; x_wconf 83' lang='lat' dir='ltr'>sentiunt,</span> <span class='ocrx_word' id='word_1_93' title='bbox 1216 1007 1360 1068; x_wconf 87' lang='lat' dir='ltr'>qualia</span> <span class='ocrx_word' id='word_1_94' title='bbox 1387 1024 1430 1052; x_wconf 86' lang='lat' dir='ltr'>se</span> 
     </span>
     <span class='ocr_line' id='line_1_13' title="bbox 39 1079 1431 1141; baseline -0.003 -15"><span class='ocrx_word' id='word_1_95' title='bbox 39 1082 214 1141; x_wconf 87' lang='lat' dir='ltr'>negavit</span> <span class='ocrx_word' id='word_1_96' title='bbox 236 1082 467 1141; x_wconf 82' lang='lat' dir='ltr'>scripsisse,</span> <span class='ocrx_word' id='word_1_97' title='bbox 494 1082 577 1124; x_wconf 84' lang='lat' dir='ltr'>sive</span> <span class='ocrx_word' id='word_1_98' title='bbox 595 1080 750 1124; x_wconf 85' lang='lat' dir='ltr'>dixisse</span> <span class='ocrx_word' id='word_1_99' title='bbox 769 1100 777 1123; x_wconf 80' lang='lat'><em>2</em></span> <span class='ocrx_word' id='word_1_100' title='bbox 795 1095 904 1138; x_wconf 88' lang='lat' dir='ltr'>quos</span> <span class='ocrx_word' id='word_1_101' title='bbox 928 1080 1003 1122; x_wconf 92' lang='lat' dir='ltr'>ubi</span> <span class='ocrx_word' id='word_1_102' title='bbox 1026 1095 1070 1123; x_wconf 90' lang='lat' dir='ltr'>se</span> <span class='ocrx_word' id='word_1_103' title='bbox 1094 1089 1301 1139; x_wconf 82' lang='lat' dir='ltr'>tanquam</span> <span class='ocrx_word' id='word_1_104' title='bbox 1326 1079 1431 1122; x_wconf 90' lang='lat' dir='ltr'>stul-</span> 
     </span>
     <span class='ocr_line' id='line_1_14' title="bbox 39 1150 1430 1211; baseline -0.002 -14"><span class='ocrx_word' id='word_1_105' title='bbox 39 1162 104 1198; x_wconf 89' lang='lat' dir='ltr'>tos</span> <span class='ocrx_word' id='word_1_106' title='bbox 121 1153 482 1197; x_wconf 83' lang='lat' dir='ltr'>anathematizare</span> <span class='ocrx_word' id='word_1_107' title='bbox 503 1152 741 1211; x_wconf 88' lang='lat' dir='ltr'>respondit,</span> <span class='ocrx_word' id='word_1_108' title='bbox 765 1151 871 1210; x_wconf 87' lang='lat' dir='ltr'>quid</span> <span class='ocrx_word' id='word_1_109' title='bbox 898 1150 1082 1209; x_wconf 64' lang='lat' dir='ltr'>aniplius</span> <span class='ocrx_word' id='word_1_110' title='bbox 1111 1152 1166 1194; x_wconf 90' lang='lat' dir='ltr'>de</span> <span class='ocrx_word' id='word_1_111' title='bbox 1190 1151 1270 1194; x_wconf 85' lang='lat' dir='ltr'>hac</span> <span class='ocrx_word' id='word_1_112' title='bbox 1295 1152 1430 1210; x_wconf 89' lang='lat' dir='ltr'>reju-</span> 
     </span>
     <span class='ocr_line' id='line_1_15' title="bbox 39 1222 1246 1282; baseline -0.002 -14"><span class='ocrx_word' id='word_1_113' title='bbox 39 1223 169 1277; x_wconf 86' lang='lat' dir='ltr'>dices,</span> <span class='ocrx_word' id='word_1_114' title='bbox 193 1224 444 1268; x_wconf 86' lang='lat' dir='ltr'>adversariis</span> <span class='ocrx_word' id='word_1_115' title='bbox 462 1223 731 1277; x_wconf 83' lang='lat' dir='ltr'>absentibus,</span> <span class='ocrx_word' id='word_1_116' title='bbox 753 1238 948 1282; x_wconf 79' lang='lat' dir='ltr'>quaerere</span> <span class='ocrx_word' id='word_1_117' title='bbox 973 1222 1246 1266; x_wconf 71' lang='lat' dir='ltr'>debuerunt?</span> 
     </span>
    </p>

    <p class='ocr_par' dir='ltr' id='par_1_3' title="bbox 34 1292 1432 2628">
     <span class='ocr_line' id='line_1_16' title="bbox 98 1292 1429 1346; baseline -0.003 -8"><span class='ocrx_word' id='word_1_118' title='bbox 98 1297 262 1338; x_wconf 86' lang='lat' dir='ltr'>XVIII.</span> <span class='ocrx_word' id='word_1_119' title='bbox 285 1299 352 1339; x_wconf 83' lang='lat' dir='ltr'>An</span> <span class='ocrx_word' id='word_1_120' title='bbox 371 1306 413 1338; x_wconf 88' lang='lat' dir='ltr'>et</span> <span class='ocrx_word' id='word_1_121' title='bbox 431 1293 541 1338; x_wconf 91' lang='lat' dir='ltr'>illud</span> <span class='ocrx_word' id='word_1_122' title='bbox 559 1293 735 1338; x_wconf 87' lang='lat' dir='ltr'>fortasse</span> <span class='ocrx_word' id='word_1_123' title='bbox 751 1292 1025 1337; x_wconf 78' lang='lat' dir='ltr'>tractandum</span> <span class='ocrx_word' id='word_1_124' title='bbox 1045 1302 1123 1346; x_wconf 86' lang='lat' dir='ltr'>est,</span> <span class='ocrx_word' id='word_1_125' title='bbox 1148 1301 1292 1335; x_wconf 87' lang='lat' dir='ltr'>utrum</span> <span class='ocrx_word' id='word_1_126' title='bbox 1315 1299 1429 1335; x_wconf 85' lang='lat' dir='ltr'>recte</span> 
     </span>
     <span class='ocr_line' id='line_1_17' title="bbox 40 1361 1430 1424; baseline -0.004 -15"><span class='ocrx_word' id='word_1_127' title='bbox 40 1365 203 1410; x_wconf 88' lang='lat' dir='ltr'>dictum</span> <span class='ocrx_word' id='word_1_128' title='bbox 227 1366 309 1419; x_wconf 91' lang='lat' dir='ltr'>sit,</span> <span class='ocrx_word' id='word_1_129' title='bbox 340 1385 359 1407; x_wconf 92' lang='lat'>«</span> <span class='ocrx_word' id='word_1_130' title='bbox 385 1381 474 1409; x_wconf 88' lang='lat' dir='ltr'>non</span> <span class='ocrx_word' id='word_1_131' title='bbox 498 1375 704 1424; x_wconf 80' lang='lat' dir='ltr'>tanquam</span> <span class='ocrx_word' id='word_1_132' title='bbox 730 1364 971 1417; x_wconf 58' lang='lat' dir='ltr'>haereticos,</span> <span class='ocrx_word' id='word_1_133' title='bbox 996 1363 1070 1406; x_wconf 85' lang='lat' dir='ltr'>sed</span> <span class='ocrx_word' id='word_1_134' title='bbox 1092 1372 1300 1422; x_wconf 81' lang='lat' dir='ltr'>tanquam</span> <span class='ocrx_word' id='word_1_135' title='bbox 1326 1361 1430 1405; x_wconf 90' lang='lat' dir='ltr'>stul-</span> 
     </span>
     <span class='ocr_line' id='line_1_18' title="bbox 42 1431 1427 1494; baseline -0.003 -15"><span class='ocrx_word' id='word_1_136' title='bbox 42 1444 106 1480; x_wconf 87' lang='lat' dir='ltr'>tos</span> <span class='ocrx_word' id='word_1_137' title='bbox 139 1435 565 1479; x_wconf 75' lang='lat' dir='ltr'>anathematizandos</span> <span class='ocrx_word' id='word_1_138' title='bbox 595 1435 669 1494; x_wconf 87' lang='lat' dir='ltr'>qni</span> <span class='ocrx_word' id='word_1_139' title='bbox 693 1434 751 1478; x_wconf 86' lang='lat' dir='ltr'>ita</span> <span class='ocrx_word' id='word_1_140' title='bbox 779 1434 1012 1487; x_wconf 85' lang='lat' dir='ltr'>sentirent,</span> <span class='ocrx_word' id='word_1_141' title='bbox 1041 1433 1246 1492; x_wconf 88' lang='lat' dir='ltr'>quoniam</span> <span class='ocrx_word' id='word_1_142' title='bbox 1271 1431 1427 1490; x_wconf 81' lang='lat' dir='ltr'>dogma</span> 
     </span>
     <span class='ocr_line' id='line_1_19' title="bbox 40 1503 1427 1565; baseline -0.004 -15"><span class='ocrx_word' id='word_1_143' title='bbox 40 1521 128 1551; x_wconf 89' lang='lat' dir='ltr'>non</span> <span class='ocrx_word' id='word_1_144' title='bbox 145 1509 282 1551; x_wconf 79' lang='lat' dir='ltr'>esset?</span> <span class='ocrx_word' id='word_1_145' title='bbox 304 1525 322 1547; x_wconf 90' lang='lat'>»</span> <span class='ocrx_word' id='word_1_146' title='bbox 345 1506 428 1549; x_wconf 75' lang='lat' dir='ltr'>Sed</span> <span class='ocrx_word' id='word_1_147' title='bbox 447 1506 500 1549; x_wconf 85' lang='lat' dir='ltr'>ab</span> <span class='ocrx_word' id='word_1_148' title='bbox 519 1507 599 1550; x_wconf 87' lang='lat' dir='ltr'>hac</span> <span class='ocrx_word' id='word_1_149' title='bbox 616 1505 857 1565; x_wconf 81' lang='lat' dir='ltr'>quaestione</span> <span class='ocrx_word' id='word_1_150' title='bbox 877 1519 965 1548; x_wconf 91' lang='lat' dir='ltr'>non</span> <span class='ocrx_word' id='word_1_151' title='bbox 986 1504 1084 1557; x_wconf 85' lang='lat' dir='ltr'>levi,</span> <span class='ocrx_word' id='word_1_152' title='bbox 1107 1504 1182 1547; x_wconf 88' lang='lat' dir='ltr'>ubi</span> <span class='ocrx_word' id='word_1_153' title='bbox 1200 1503 1427 1563; x_wconf 66' lang='lat' dir='ltr'>quaeritur,</span> 
     </span>
     <span class='ocr_line' id='line_1_20' title="bbox 39 1573 1431 1638; baseline -0.004 -17"><span class='ocrx_word' id='word_1_154' title='bbox 39 1586 252 1638; x_wconf 86' lang='lat' dir='ltr'>quatenus</span> <span class='ocrx_word' id='word_1_155' title='bbox 273 1577 327 1621; x_wconf 90' lang='lat' dir='ltr'>sit</span> <span class='ocrx_word' id='word_1_156' title='bbox 349 1576 623 1620; x_wconf 85' lang='lat' dir='ltr'>definiendus</span> <span class='ocrx_word' id='word_1_157' title='bbox 646 1575 875 1619; x_wconf 82' lang='lat' dir='ltr'>haereticus</span> <span class='ocrx_word' id='word_1_158' title='bbox 894 1610 904 1630; x_wconf 92' lang='lat'>,</span> <span class='ocrx_word' id='word_1_159' title='bbox 929 1584 1044 1619; x_wconf 88' lang='lat' dir='ltr'>reete</span> <span class='ocrx_word' id='word_1_160' title='bbox 1067 1589 1111 1617; x_wconf 90' lang='lat' dir='ltr'>se</span> <span class='ocrx_word' id='word_1_161' title='bbox 1133 1574 1178 1617; x_wconf 90' lang='lat' dir='ltr'>in</span> <span class='ocrx_word' id='word_1_162' title='bbox 1202 1573 1431 1632; x_wconf 78' lang='lat' dir='ltr'>praesentia</span> 
     </span>
     <span class='ocr_line' id='line_1_21' title="bbox 34 1644 1428 1708; baseline -0.004 -16"><span class='ocrx_word' id='word_1_163' title='bbox 34 1647 201 1708; x_wconf 87' lang='lat' dir='ltr'>judices</span> <span class='ocrx_word' id='word_1_164' title='bbox 223 1649 541 1692; x_wconf 81' lang='lat' dir='ltr'>abstinuerunt.</span> <span class='ocrx_word' id='word_1_165' title='bbox 575 1649 671 1691; x_wconf 88' lang='lat' dir='ltr'>Non</span> <span class='ocrx_word' id='word_1_166' title='bbox 695 1647 836 1700; x_wconf 87' lang='lat' dir='ltr'>enim,</span> <span class='ocrx_word' id='word_1_167' title='bbox 863 1646 893 1688; x_wconf 86' lang='lat' dir='ltr'>si</span> <span class='ocrx_word' id='word_1_168' title='bbox 918 1645 1168 1705; x_wconf 82' lang='lat' dir='ltr'>quisquam,</span> <span class='ocrx_word' id='word_1_169' title='bbox 1190 1644 1308 1687; x_wconf 82' lang='lat' dir='ltr'>verbi</span> <span class='ocrx_word' id='word_1_170' title='bbox 1331 1658 1428 1702; x_wconf 80' lang='lat' dir='ltr'>gra·</span> 
     </span>
     <span class='ocr_line' id='line_1_22' title="bbox 42 1717 1432 1779; baseline -0.004 -15"><span class='ocrx_word' id='word_1_171' title='bbox 42 1720 98 1764; x_wconf 87' lang='lat' dir='ltr'>tia</span> <span class='ocrx_word' id='word_1_172' title='bbox 114 1755 126 1773; x_wconf 86' lang='lat'><em>‚</em></span> <span class='ocrx_word' id='word_1_173' title='bbox 152 1720 306 1763; x_wconf 78' lang='lat' dir='ltr'>dixerit</span> <span class='ocrx_word' id='word_1_174' title='bbox 330 1719 575 1779; x_wconf 87' lang='lat' dir='ltr'>aquilarum</span> <span class='ocrx_word' id='word_1_175' title='bbox 599 1717 742 1777; x_wconf 91' lang='lat' dir='ltr'>pullos</span> <span class='ocrx_word' id='word_1_176' title='bbox 766 1726 946 1776; x_wconf 87' lang='lat' dir='ltr'>paterno</span> <span class='ocrx_word' id='word_1_177' title='bbox 967 1732 1116 1776; x_wconf 85' lang='lat' dir='ltr'>ungue</span> <span class='ocrx_word' id='word_1_178' title='bbox 1138 1730 1365 1775; x_wconf 87' lang='lat' dir='ltr'>suspensos</span> <span class='ocrx_word' id='word_1_179' title='bbox 1388 1723 1432 1758; x_wconf 84' lang='lat' dir='ltr'>et</span> 
     </span>
     <span class='ocr_line' id='line_1_23' title="bbox 42 1785 1432 1849; baseline -0.004 -14"><span class='ocrx_word' id='word_1_180' title='bbox 42 1790 170 1836; x_wconf 89' lang='lat' dir='ltr'>radiis</span> <span class='ocrx_word' id='word_1_181' title='bbox 187 1791 286 1836; x_wconf 86' lang='lat' dir='ltr'>solis</span> <span class='ocrx_word' id='word_1_182' title='bbox 304 1790 489 1845; x_wconf 84' lang='lat' dir='ltr'>oblatos,</span> <span class='ocrx_word' id='word_1_183' title='bbox 515 1791 549 1834; x_wconf 90' lang='lat' dir='ltr'>si</span> <span class='ocrx_word' id='word_1_184' title='bbox 571 1790 706 1834; x_wconf 86' lang='lat' dir='ltr'>oculis</span> <span class='ocrx_word' id='word_1_185' title='bbox 728 1788 1050 1849; x_wconf 82' lang='lat' dir='ltr'>palpitaverint,</span> <span class='ocrx_word' id='word_1_186' title='bbox 1072 1798 1278 1847; x_wconf 82' lang='lat' dir='ltr'>tanquam</span> <span class='ocrx_word' id='word_1_187' title='bbox 1304 1785 1432 1830; x_wconf 88' lang='lat' dir='ltr'>adul-</span> 
     </span>
     <span class='ocr_line' id='line_1_24' title="bbox 42 1857 1432 1919; baseline -0.007 -11"><span class='ocrx_word' id='word_1_188' title='bbox 42 1863 202 1908; x_wconf 85' lang='lat' dir='ltr'>terinos</span> <span class='ocrx_word' id='word_1_189' title='bbox 232 1863 275 1906; x_wconf 89' lang='lat' dir='ltr'>in</span> <span class='ocrx_word' id='word_1_190' title='bbox 306 1871 490 1916; x_wconf 85' lang='lat' dir='ltr'>terram,</span> <span class='ocrx_word' id='word_1_191' title='bbox 527 1862 624 1905; x_wconf 89' lang='lat' dir='ltr'>luce</span> <span class='ocrx_word' id='word_1_192' title='bbox 651 1862 843 1919; x_wconf 89' lang='lat' dir='ltr'>quodam</span> <span class='ocrx_word' id='word_1_193' title='bbox 875 1860 1006 1903; x_wconf 86' lang='lat' dir='ltr'>modo</span> <span class='ocrx_word' id='word_1_194' title='bbox 1031 1859 1333 1911; x_wconf 81' lang='lat' dir='ltr'>convincente,</span> <span class='ocrx_word' id='word_1_195' title='bbox 1369 1857 1432 1900; x_wconf 78' lang='lat' dir='ltr'>di-</span> 
     </span>
     <span class='ocr_line' id='line_1_25' title="bbox 42 1927 1425 1988; baseline -0.005 -11"><span class='ocrx_word' id='word_1_196' title='bbox 42 1933 181 1987; x_wconf 87' lang='lat' dir='ltr'>mitti,</span> <span class='ocrx_word' id='word_1_197' title='bbox 209 1933 242 1976; x_wconf 88' lang='lat' dir='ltr'>si</span> <span class='ocrx_word' id='word_1_198' title='bbox 274 1932 386 1977; x_wconf 83' lang='lat' dir='ltr'>forte</span> <span class='ocrx_word' id='word_1_199' title='bbox 413 1933 496 1975; x_wconf 89' lang='lat' dir='ltr'>hoc</span> <span class='ocrx_word' id='word_1_200' title='bbox 521 1931 678 1974; x_wconf 87' lang='lat' dir='ltr'>falsum</span> <span class='ocrx_word' id='word_1_201' title='bbox 707 1939 786 1983; x_wconf 88' lang='lat' dir='ltr'>est,</span> <span class='ocrx_word' id='word_1_202' title='bbox 816 1930 1043 1973; x_wconf 83' lang='lat' dir='ltr'>haeretieus</span> <span class='ocrx_word' id='word_1_203' title='bbox 1062 1927 1325 1988; x_wconf 86' lang='lat' dir='ltr'>judicandus</span> <span class='ocrx_word' id='word_1_204' title='bbox 1348 1936 1425 1971; x_wconf 85' lang='lat' dir='ltr'>est.</span> 
     </span>
     <span class='ocr_line' id='line_1_26' title="bbox 42 1998 1426 2062; baseline -0.004 -15"><span class='ocrx_word' id='word_1_205' title='bbox 42 2006 98 2047; x_wconf 89' lang='lat' dir='ltr'>Et</span> <span class='ocrx_word' id='word_1_206' title='bbox 132 2003 215 2047; x_wconf 89' lang='lat' dir='ltr'>hoc</span> <span class='ocrx_word' id='word_1_207' title='bbox 252 2003 351 2062; x_wconf 88' lang='lat' dir='ltr'>quia</span> <span class='ocrx_word' id='word_1_208' title='bbox 387 2003 430 2045; x_wconf 88' lang='lat' dir='ltr'>in</span> <span class='ocrx_word' id='word_1_209' title='bbox 465 2001 694 2046; x_wconf 88' lang='lat' dir='ltr'>hominum</span> <span class='ocrx_word' id='word_1_210' title='bbox 731 2000 961 2044; x_wconf 87' lang='lat' dir='ltr'>doctorum</span> <span class='ocrx_word' id='word_1_211' title='bbox 999 1998 1152 2042; x_wconf 89' lang='lat' dir='ltr'>litteris</span> <span class='ocrx_word' id='word_1_212' title='bbox 1190 1999 1426 2053; x_wconf 86' lang='lat' dir='ltr'>invenitur,</span> 
     </span>
     <span class='ocr_line' id='line_1_27' title="bbox 42 2070 1426 2134; baseline -0.004 -16"><span class='ocrx_word' id='word_1_213' title='bbox 42 2089 247 2134; x_wconf 85' lang='lat' dir='ltr'>samaque</span> <span class='ocrx_word' id='word_1_214' title='bbox 280 2074 506 2132; x_wconf 86' lang='lat' dir='ltr'>vulgatum</span> <span class='ocrx_word' id='word_1_215' title='bbox 543 2081 631 2127; x_wconf 87' lang='lat' dir='ltr'>est,</span> <span class='ocrx_word' id='word_1_216' title='bbox 670 2087 749 2115; x_wconf 87' lang='lat' dir='ltr'>nec</span> <span class='ocrx_word' id='word_1_217' title='bbox 787 2070 920 2115; x_wconf 85' lang='lat' dir='ltr'>stulte</span> <span class='ocrx_word' id='word_1_218' title='bbox 955 2071 1040 2114; x_wconf 85' lang='lat' dir='ltr'>dici</span> <span class='ocrx_word' id='word_1_219' title='bbox 1074 2070 1318 2128; x_wconf 82' lang='lat' dir='ltr'>putandum</span> <span class='ocrx_word' id='word_1_220' title='bbox 1347 2079 1426 2123; x_wconf 87' lang='lat' dir='ltr'>est,</span> 
     </span>
     <span class='ocr_line' id='line_1_28' title="bbox 43 2142 1430 2200; baseline -0.004 -10"><span class='ocrx_word' id='word_1_221' title='bbox 43 2146 170 2190; x_wconf 88' lang='lat' dir='ltr'>etiam</span> <span class='ocrx_word' id='word_1_222' title='bbox 189 2146 223 2190; x_wconf 90' lang='lat' dir='ltr'>si</span> <span class='ocrx_word' id='word_1_223' title='bbox 241 2160 391 2189; x_wconf 89' lang='lat' dir='ltr'>verum</span> <span class='ocrx_word' id='word_1_224' title='bbox 412 2160 499 2189; x_wconf 87' lang='lat' dir='ltr'>non</span> <span class='ocrx_word' id='word_1_225' title='bbox 518 2153 580 2188; x_wconf 89' lang='lat' dir='ltr'>est</span> <span class='ocrx_word' id='word_1_226' title='bbox 596 2164 607 2200; x_wconf 75' lang='lat'>3</span> <span class='ocrx_word' id='word_1_227' title='bbox 626 2158 705 2187; x_wconf 91' lang='lat' dir='ltr'>nec</span> <span class='ocrx_word' id='word_1_228' title='bbox 720 2142 850 2186; x_wconf 86' lang='lat' dir='ltr'>fidem</span> <span class='ocrx_word' id='word_1_229' title='bbox 871 2151 1078 2197; x_wconf 85' lang='lat' dir='ltr'>nostram,</span> <span class='ocrx_word' id='word_1_230' title='bbox 1101 2151 1276 2200; x_wconf 81' lang='lat' dir='ltr'>propter</span> <span class='ocrx_word' id='word_1_231' title='bbox 1298 2155 1430 2200; x_wconf 87' lang='lat' dir='ltr'>quam</span> 
     </span>
     <span class='ocr_line' id='line_1_29' title="bbox 42 2212 1423 2270; baseline -0.004 -9"><span class='ocrx_word' id='word_1_232' title='bbox 42 2215 190 2261; x_wconf 86' lang='lat' dir='ltr'>fideles</span> <span class='ocrx_word' id='word_1_233' title='bbox 213 2231 434 2270; x_wconf 84' lang='lat' dir='ltr'>vocamur,</span> <span class='ocrx_word' id='word_1_234' title='bbox 461 2225 534 2259; x_wconf 85' lang='lat' dir='ltr'>aut</span> <span class='ocrx_word' id='word_1_235' title='bbox 556 2214 770 2258; x_wconf 87' lang='lat' dir='ltr'>creditum</span> <span class='ocrx_word' id='word_1_236' title='bbox 793 2213 931 2266; x_wconf 83' lang='lat' dir='ltr'>laedit,</span> <span class='ocrx_word' id='word_1_237' title='bbox 957 2221 1030 2256; x_wconf 88' lang='lat' dir='ltr'>aut</span> <span class='ocrx_word' id='word_1_238' title='bbox 1052 2212 1265 2256; x_wconf 87' lang='lat' dir='ltr'>creditum</span> <span class='ocrx_word' id='word_1_239' title='bbox 1283 2213 1423 2270; x_wconf 83' lang='lat' dir='ltr'>juvat.</span> 
     </span>
     <span class='ocr_line' id='line_1_30' title="bbox 42 2283 1429 2344; baseline -0.004 -13"><span class='ocrx_word' id='word_1_240' title='bbox 42 2290 192 2341; x_wconf 87' lang='lat' dir='ltr'>Porro,</span> <span class='ocrx_word' id='word_1_241' title='bbox 219 2287 252 2332; x_wconf 91' lang='lat' dir='ltr'>si</span> <span class='ocrx_word' id='word_1_242' title='bbox 277 2302 326 2330; x_wconf 77' lang='lat' dir='ltr'>ex</span> <span class='ocrx_word' id='word_1_243' title='bbox 350 2287 432 2330; x_wconf 90' lang='lat' dir='ltr'>hoc</span> <span class='ocrx_word' id='word_1_244' title='bbox 458 2301 584 2329; x_wconf 87' lang='lat' dir='ltr'>sensu</span> <span class='ocrx_word' id='word_1_245' title='bbox 607 2285 703 2344; x_wconf 88' lang='lat' dir='ltr'>quis</span> <span class='ocrx_word' id='word_1_246' title='bbox 725 2285 1025 2337; x_wconf 79' lang='lat' dir='ltr'>contenderit,</span> <span class='ocrx_word' id='word_1_247' title='bbox 1054 2283 1215 2326; x_wconf 84' lang='lat' dir='ltr'>animas</span> <span class='ocrx_word' id='word_1_248' title='bbox 1239 2283 1429 2326; x_wconf 83' lang='lat' dir='ltr'>rationa-</span> 
     </span>
     <span class='ocr_line' id='line_1_31' title="bbox 41 2353 1428 2415; baseline -0.005 -13"><span class='ocrx_word' id='word_1_249' title='bbox 41 2358 149 2402; x_wconf 88' lang='lat' dir='ltr'>biles</span> <span class='ocrx_word' id='word_1_250' title='bbox 169 2359 304 2402; x_wconf 88' lang='lat' dir='ltr'>inesse</span> <span class='ocrx_word' id='word_1_251' title='bbox 320 2357 590 2410; x_wconf 86' lang='lat' dir='ltr'>volucribus,</span> <span class='ocrx_word' id='word_1_252' title='bbox 611 2371 661 2399; x_wconf 82' lang='lat' dir='ltr'>ex</span> <span class='ocrx_word' id='word_1_253' title='bbox 681 2371 731 2400; x_wconf 88' lang='lat' dir='ltr'>eo</span> <span class='ocrx_word' id='word_1_254' title='bbox 753 2355 873 2415; x_wconf 83' lang='lat' dir='ltr'>quod</span> <span class='ocrx_word' id='word_1_255' title='bbox 894 2355 936 2397; x_wconf 92' lang='lat' dir='ltr'>in</span> <span class='ocrx_word' id='word_1_256' title='bbox 959 2369 1028 2397; x_wconf 83' lang='lat' dir='ltr'>eas</span> <span class='ocrx_word' id='word_1_257' title='bbox 1053 2353 1329 2397; x_wconf 86' lang='lat' dir='ltr'>revolvantur</span> <span class='ocrx_word' id='word_1_258' title='bbox 1351 2354 1428 2396; x_wconf 51' lang='lat' dir='ltr'>hur</span> 
     </span>
     <span class='ocr_line' id='line_1_32' title="bbox 41 2423 1428 2486; baseline -0.005 -14"><span class='ocrx_word' id='word_1_259' title='bbox 41 2443 212 2472; x_wconf 80' lang='lat' dir='ltr'>manae:</span> <span class='ocrx_word' id='word_1_260' title='bbox 237 2437 330 2471; x_wconf 83' lang='lat' dir='ltr'>tum</span> <span class='ocrx_word' id='word_1_261' title='bbox 362 2443 466 2472; x_wconf 86' lang='lat' dir='ltr'>vero</span> <span class='ocrx_word' id='word_1_262' title='bbox 497 2436 703 2486; x_wconf 86' lang='lat' dir='ltr'>tanquam</span> <span class='ocrx_word' id='word_1_263' title='bbox 737 2425 939 2469; x_wconf 84' lang='lat' dir='ltr'>haeretiea</span> <span class='ocrx_word' id='word_1_264' title='bbox 974 2425 1129 2483; x_wconf 83' lang='lat' dir='ltr'>pestis,</span> <span class='ocrx_word' id='word_1_265' title='bbox 1169 2425 1223 2466; x_wconf 83' lang='lat' dir='ltr'>ab</span> <span class='ocrx_word' id='word_1_266' title='bbox 1253 2423 1428 2466; x_wconf 90' lang='lat' dir='ltr'>auribus</span> 
     </span>
     <span class='ocr_line' id='line_1_33' title="bbox 41 2492 1425 2558; baseline -0.005 -16"><span class='ocrx_word' id='word_1_267' title='bbox 41 2499 277 2558; x_wconf 80' lang='lat' dir='ltr'>animoque</span> <span class='ocrx_word' id='word_1_268' title='bbox 299 2496 501 2557; x_wconf 89' lang='lat' dir='ltr'>pellenda</span> <span class='ocrx_word' id='word_1_269' title='bbox 519 2506 605 2554; x_wconf 72' lang='lat' dir='ltr'>est,</span> <span class='ocrx_word' id='word_1_270' title='bbox 627 2496 933 2555; x_wconf 85' lang='lat' dir='ltr'>agendumque</span> <span class='ocrx_word' id='word_1_271' title='bbox 955 2504 998 2538; x_wconf 86' lang='lat' dir='ltr'>et</span> <span class='ocrx_word' id='word_1_272' title='bbox 1020 2492 1425 2547; x_wconf 86' lang='lat' dir='ltr'>demonstrandum,</span> 
     </span>
     <span class='ocr_line' id='line_1_34' title="bbox 43 2565 1428 2628; baseline -0.006 -14"><span class='ocrx_word' id='word_1_273' title='bbox 43 2569 207 2614; x_wconf 88' lang='lat' dir='ltr'>etiamsi</span> <span class='ocrx_word' id='word_1_274' title='bbox 234 2569 316 2613; x_wconf 88' lang='lat' dir='ltr'>hoc</span> <span class='ocrx_word' id='word_1_275' title='bbox 339 2567 393 2613; x_wconf 90' lang='lat' dir='ltr'>de</span> <span class='ocrx_word' id='word_1_276' title='bbox 421 2567 574 2628; x_wconf 83' lang='lat' dir='ltr'>aquilis</span> <span class='ocrx_word' id='word_1_277' title='bbox 609 2582 758 2612; x_wconf 89' lang='lat' dir='ltr'>verum</span> <span class='ocrx_word' id='word_1_278' title='bbox 789 2576 866 2620; x_wconf 89' lang='lat' dir='ltr'>est,</span> <span class='ocrx_word' id='word_1_279' title='bbox 901 2566 1012 2610; x_wconf 81' lang='lat' dir='ltr'>sieut</span> <span class='ocrx_word' id='word_1_280' title='bbox 1034 2565 1171 2610; x_wconf 84' lang='lat' dir='ltr'>multa</span> <span class='ocrx_word' id='word_1_281' title='bbox 1201 2565 1305 2608; x_wconf 87' lang='lat' dir='ltr'>mira</span> <span class='ocrx_word' id='word_1_282' title='bbox 1328 2573 1428 2607; x_wconf 86' lang='lat' dir='ltr'>ante</span> 
     </span>
    </p>
   </div>
  </div>
 </body>
</html>
