1804 3205
293 207 343 232 1>ss
375 207 543 234 num-us
580 207 630 234 ΕΤ
661 206 1028 247 conctusCENTm,
1065 211 1147 239 Lus.
1185 214 1231 239 11.
1371 204 1453 242 257

66 269 266 324 deantur,
282 286 381 315 cum
394 286 443 315 ex
454 271 592 316 Adam
612 283 865 329 nascuntur,
887 275 920 318 si
939 275 983 319 in
1002 276 1174 321 Christo
1193 293 1280 322 non
1307 295 1455 325 renas·-

65 348 241 394 cantur,
267 350 310 385 et
334 342 378 385 in
395 343 485 402 ejus
517 358 698 402 regnum
728 360 802 403 per
823 346 1002 403 gratiam
1026 345 1137 391 facta
1162 363 1260 392 vasa
1288 351 1456 394 miseri·-

65 411 224 454 cordiae
244 411 571 457 transferantur.
593 416 754 459 Contra
771 417 895 459 istam
914 416 1262 463 fundatissimam
1280 421 1455 465 veniens

64 482 303 536 veritatem,
330 498 384 527 ne
406 484 650 528 universam
673 485 832 529 Christi
856 486 1092 531 Ecclesiam
1117 504 1370 548 oppugnare
1387 491 1454 534 vi—

63 549 233 606 deatur,
259 553 379 612 quasi
403 568 470 597 me
491 569 630 597 unum
655 554 909 615 alloquitur,
936 566 979 601 et
998 557 1119 602 velut
1140 560 1376 618 corripiens
1390 568 1456 604 at-

63 635 149 679 que
171 621 409 667 admonens
426 624 529 668 dicit
552 643 559 669 :
586 644 605 667 «
633 626 775 669 Etiam
809 635 849 670 te
874 629 986 671 Deus
1012 627 1132 683 fecit,
1157 628 1231 672 sed
1253 630 1373 689 quod
1394 638 1480 673 est«

62 689 304 747 fatendum,
331 695 470 752 gravis
493 710 610 740 error
633 695 796 740 infecit.
830 715 849 737 »
878 699 989 742 Sane
1010 697 1131 758 quod
1159 715 1228 742 me
1250 702 1363 743 Deus
1388 700 1454 743 fe-

61 762 168 806 cerit
195 778 403 821 agnosco,
438 774 481 810 et
513 766 669 824 gratias
698 781 776 825 ago
803 786 810 811 :
838 768 913 827 qui
949 777 1092 813 tamen
1115 784 1214 813 cum
1245 771 1319 813 irae
1346 770 1455 814 vasis

61 833 280 890 perissem,
297 835 330 879 si
351 845 520 880 tantum
538 852 589 880 cx
605 836 742 881 Adam
762 853 830 881 me
848 838 1030 894 fecisset,
1054 849 1098 884 et
1116 841 1159 884 in
1178 841 1350 885 Christo
1365 856 1455 884 non

62 903 294 950 refecisset.
327 907 456 959 Quod
485 923 583 951 cum
610 923 825 967 possessus
856 910 1082 968 Pclagiana
1111 911 1334 970 impietate
1366 926 1456 955 non

59 974 214 1030 credit,
233 978 327 1020 siin
348 987 469 1022 tanto
492 978 606 1023 malo
624 980 667 1022 in
685 980 816 1022 finem
834 996 973 1039 usque
991 980 1215 1039 perdurat,
1236 997 1323 1025 non
1338 981 1451 1040 ipse,

59 1045 134 1089 sed
163 1046 363 1092 catholici
396 1047 595 1103 videant,
629 1048 768 1107 qualis
796 1058 838 1093 et
860 1059 1050 1109 quantus
1073 1065 1174 1095 eum
1197 1067 1332 1106 error,
1363 1067 1454 1096 non
1484 1090 1489 1096 .

60 1114 272 1169 infecerit,
298 1117 374 1162 sed
395 1117 522 1176 plane
544 1118 824 1163 interfecerit.

118 1188 322 1231 XXXIV.
361 1187 549 1232 Attende
578 1189 802 1248 sequentia
832 1207 840 1232 ε
869 1207 889 1230 «
915 1188 1045 1242 Quod
1073 1198 1219 1234 autem
1237 1224 1247 1244 ,
1281 1191 1450 1249 inquit,

61 1255 135 1300 filii
158 1273 210 1301 ex
231 1258 436 1317 conjugio
459 1259 645 1317 suscepti
674 1258 931 1302 naturaliter
953 1259 1058 1303 boni
1089 1269 1216 1314 sunt,
1243 1260 1454 1319 Apostolo

59 1326 230 1372 dicente
259 1327 496 1382 discamus,
533 1330 608 1388 qui
641 1329 699 1372 ait
741 1329 796 1372 de
819 1330 1026 1388 improbis
1060 1349 1068 1374 ε
1099 1350 1117 1371 «
1164 1330 1333 1375 Relicto
1371 1346 1453 1375 na-

62 1415 82 1438 »
109 1397 236 1442 turali
265 1414 345 1443 usu
374 1398 569 1443 foeminae
602 1408 851 1443 exarserunt
882 1401 926 1442 in
955 1399 1165 1444 desideria
1208 1417 1308 1456 sua,
1341 1401 1454 1445 invi·

61 1487 81 1509 »
105 1483 199 1512 cem
221 1468 398 1513 masculi
416 1469 460 1512 in
480 1468 692 1513 masculos
713 1468 1028 1528 turpitudinem
1050 1480 1276 1529 operantes
1291 1457 1350 1511 θ’»
1370 1472 1452 1514 Os-

60 1538 198 1583 tendit
229 1554 354 1598 ergo,
380 1539 538 1598 inquit,
564 1554 692 1583 usum
725 1539 920 1584 foeminae
942 1549 985 1584 et
1007 1540 1250 1584 naturalem
1269 1555 1384 1593 esse,
1410 1549 1453 1584 et

57 1624 136 1668 pro
158 1625 237 1654 suo
260 1609 392 1654 modo
413 1609 676 1654 laudabilem
709 1609 957 1668 :flagitium
981 1619 1127 1654 autem
1151 1625 1201 1654 ex
1226 1609 1452 1654 voluntate

58 1681 229 1739 propria
252 1681 442 1725 exerceri
466 1690 616 1725 contra
637 1680 922 1724 institutionis
939 1680 1169 1740 pudorem.
1196 1680 1354 1724 Merito
1370 1680 1451 1723 ita-

57 1766 165 1809 que,
192 1752 334 1812 inquit
350 1787 360 1806 ,
386 1761 428 1795 et
453 1752 498 1796 in
521 1751 633 1795 bene
662 1751 890 1795 utentibus
918 1766 1053 1808 genus
1086 1750 1474 1809 concupiscentiae*

58 1822 301 1881 modusque
323 1822 544 1873 laudatur,
569 1829 611 1864 et
634 1821 678 1863 in
701 1819 902 1878 turpibus
919 1834 1113 1863 excessus
1136 1820 1226 1878 ejus
1246 1819 1444 1877 punitur.

59 1892 255 1952 Denique
275 1892 428 1935 codem
454 1900 647 1949 tempore
670 1893 784 1933 Deus
806 1889 994 1933 Abrahae
1015 1898 1058 1932 et
1077 1891 1192 1933 Sarae
1209 1888 1447 1932 marcentia

56 1976 150 2006 aevo
167 1962 362 2006 membra
384 1962 598 2020 vegetavit
615 1963 647 2013 ²,
669 1975 757 2019 quo
777 1960 820 2002 in
841 1959 1037 2004 Sodomis
1054 1959 1144 2018 ipsa
1163 1960 1289 2017 igneo
1307 1957 1447 2001 imbre

56 2032 269 2090 punivit³.
304 2031 345 2076 Si
379 2031 511 2089 igitur
534 2039 675 2088 putas,
704 2028 1191 2088 inquitgaccusandum
1224 2027 1469 2071 membro-*-¹

56 2116 153 2144 rum
172 2102 380 2160 vigorem,
402 2100 607 2159 quoniam
627 2114 704 2158 per
718 2100 860 2157 ipsum
884 2099 1117 2143 Sodomitae
1133 2097 1303 2155 flagitiis
1320 2095 1446 2140 obhti

56 2180 180 2228 sunt,
205 2170 424 2215 accusabis
452 2170 582 2214 etiam
608 2178 849 2213 creaturam
874 2168 995 2227 panis
1028 2176 1070 2212 et
1093 2167 1204 2220 vini,
1236 2167 1444 2225 quoniam

56 2242 157 2286 hinc
170 2255 348 2301 quoque
359 2256 431 2284 eos
446 2254 642 2299 peccasse
659 2239 878 2297 Scriptura
889 2238 1034 2282 divina
1049 2237 1319 2296 significavit.
1334 2235 1445 2279 Dicit

56 2313 171 2356 enim
190 2312 399 2356 Dominus
417 2326 492 2370 per
507 2308 778 2354 Ezechielem
800 2309 1441 2367 prophetam⁴,«Verumtamen

58 2399 79 2422 »
96 2382 164 2425 hae
186 2380 416 2440 iniquitate
440 2379 640 2425 Sodomae
662 2378 817 2423 sororis
846 2386 949 2420 tuae.
978 2376 1190 2435 Superbia
1213 2377 1256 2419 in
1284 2375 1441 2419 saturi-

59 2471 79 2494 »
99 2460 185 2496 tate
201 2465 363 2510 panum
387 2460 430 2495 et
446 2448 715 2494 abundantia
732 2446 820 2492 vini
839 2447 1052 2501 fluebant,
1069 2446 1160 2506 ipsa
1181 2454 1224 2491 et
1237 2445 1315 2490 filii
1329 2447 1437 2504 ejus,

106 2541 113 2557 ¹
140 2536 231 2567 Rom.
252 2545 276 2573 1,
295 2543 350 2575 27.
366 2550 407 2557 —
421 2541 433 2557 ²
451 2535 531 2567 Gen.
552 2543 616 2573 ut,
639 2543 668 2564 ι.
686 2528 754 2554 ...3
773 2530 819 2562 ld.
839 2540 885 2571 ix,
904 2529 959 2571 24.

218 2597 332 2628 cxm.
1197 2645 1200 2648 ξ
1229 2582 1277 2620 17
