1804 3205
550 205 601 231 υε
633 204 773 230 onnus
809 202 991 229 runnu.
1390 194 1465 230 103

83 269 159 315 sed
191 270 431 327 Scripturas
452 281 605 310 omnes
637 267 864 311 canonicas
896 274 995 309 ante
1028 265 1265 308 adventum
1301 267 1468 310 Domini

82 340 355 385 ministratas.
375 357 397 380 «
423 341 550 382 Posse
571 347 718 382 autern
741 337 963 381 hominem
992 351 1082 379 0330
1101 336 1192 379 sine
1214 346 1392 394 peccato
1407 373 1416 387 ,
1437 338 1470 380 si

82 409 202 464 velit,
228 424 316 454 non
338 409 397 452 sic
423 408 714 467 approbatum
743 417 837 461 est,
863 407 1087 467 quomodo
1110 407 1165 450 ab
1196 404 1270 450 illo
1292 407 1335 449 in
1358 405 1470 451 libro

80 495 160 525 suo
178 480 365 539 positum
379 478 625 532 videbatur,
646 487 853 536 tanquam
870 478 1010 522 hocin
1027 476 1116 521 sola
1135 485 1348 534 potestate
1362 487 1471 521 esset

81 553 269 597 hominis
294 566 370 610 per
400 551 586 594 liberum
609 550 839 594 arbitrium
866 571 877 607 3
907 550 989 594 hoc
1016 549 1181 609 quippe
1207 550 1473 608 arguebatur

80 623 258 668 sensisse
289 621 505 676 dicendo,
540 640 560 662 «ι
595 621 628 664 3ἰ
661 620 767 665 velit
795 639 803 664 ;
839 638 858 661 »
887 620 962 664 sed
984 618 1208 680 quomodo
1241 634 1358 663 nunc
1382 621 1472 678 ipsc

82 692 304 752 respondit
329 713 340 750 3
377 693 465 736 imo
492 691 717 752 quomodo
745 691 790 734 id
826 690 1000 735 brevius
1024 699 1066 734 ct
1089 690 1279 749 apertius
1304 689 1473 748 judices

81 764 269 823 episcopi
291 779 364 807 sua
390 762 728 808 interlocutione
756 770 1226 815 commemoraverunt,
1251 761 1472 805 hominem

80 849 183 879 cum
215 835 433 894 adjutorio
455 835 529 877 Dei
561 844 604 877 et
628 833 764 892 gratia
787 847 910 891 posse
937 847 1027 876 essc
1047 832 1136 876 sinc
1165 841 1359 890 peccato.
1386 835 1474 876 Nec

82 915 228 950 tamen
259 904 490 948 definitum
516 913 607 958 est,
633 903 810 962 quando
839 904 964 947 istam
990 903 1303 961 perfectionem
1338 904 1474 946 sancti

82 977 319 1021 assecuturi
335 984 453 1029 sunt,
470 983 621 1018 utrum
638 975 682 1017 in
700 989 882 1032 corpore
899 974 1050 1019 mortis
1060 974 1206 1032 hujus,
1225 988 1280 1016 an
1297 972 1476 1032 quando

82 1047 388 1093 absorbebitur
410 1061 526 1090 mors
543 1046 586 1089 in
610 1044 850 1090 victoriam.

141 1119 307 1162 LXIII.
339 1118 404 1160 Ex
428 1116 478 1159 iis
498 1115 647 1170 etiarn,
671 1131 772 1175 quae
792 1114 1050 1160 Coelestium
1072 1113 1229 1159 dixisse
1251 1113 1320 1157 vel
1341 1114 1478 1173 scrip-

82 1187 209 1243 sisse,
234 1196 445 1246 tauquam
465 1185 669 1244 dogmata
686 1184 888 1244 discipuli
909 1186 1018 1244 ejus,
1039 1193 1141 1229 sunt
1158 1184 1328 1243 objecta
1351 1183 1477 1228 Pela-

82 1258 152 1317 gio
168 1292 180 1314 ,
211 1273 287 1302 sua
315 1257 520 1318 quaedam
550 1265 593 1301 et
615 1257 705 1316 ipse
738 1256 971 1315 cognovit,
1005 1255 1081 1299 sed
1103 1253 1227 1299 aliter
1247 1269 1291 1298 se
1309 1288 1320 1309 ‚
1346 1269 1477 1314 quam

83 1328 420 1388 objiciebaniur,
439 1327 617 1371 sensisse
642 1324 883 1385 respondit.
908 1325 1020 1369 Hinc
1042 1334 1106 1369 est
1130 1322 1239 1368 illud
1269 1343 1279 1370 ε
1309 1343 1328 1366 ι(
1349 1325 1479 1377 Quod

84 1408 185 1444 ante
208 1398 446 1443 adventum
469 1397 628 1442 Christi
648 1397 850 1441 vixerunt
866 1395 1045 1456 quidam
1063 1405 1210 1440 sancte
1230 1410 1278 1439 ac
1295 1396 1410 1455 juste
1431 1412 1476 1439 ι»

85 1468 319 1516 Coelestius
343 1477 488 1513 autem
511 1468 661 1512 dixisse
677 1467 1007 1526 perhibebatur,
1018 1484 1038 1508 «
1049 1464 1170 1525 quod
1191 1466 1283 1510 sine
1302 1474 1481 1524 peccato

86 1539 295 1583 fuerint.»
321 1541 434 1582 Item
457 1538 678 1598 objectum
699 1547 780 1593 est,
800 1536 956 1581 dixisse
977 1536 1234 1581 Coelestium
1254 1554 1263 1580 :
1292 1554 1313 1578 «
1338 1536 1483 1580 Eccle—

85 1611 192 1655 siam
214 1625 305 1654 esse
321 1610 413 1666 sine
427 1608 598 1654 macula
615 1618 659 1653 et
676 1623 799 1667 ruga.
820 1607 1019 1667 Pelagius
1042 1616 1188 1651 autem
1210 1607 1345 1663 dixit,
1362 1606 1483 1651 «dic-

88 1691 181 1726 tum
195 1698 219 1726 a
236 1697 280 1726 se
295 1680 492 1742 quidem,
509 1680 585 1724 sed
605 1680 680 1735 ita,
693 1679 902 1740 quoniam
922 1678 1094 1724 lavacro
1105 1679 1160 1723 ab
1178 1679 1296 1723 omni
1312 1678 1481 1722 macula

87 1762 131 1797 et
148 1768 254 1811 ruga
272 1762 484 1811 purgatur
501 1751 710 1804 Ecclesia,
726 1766 857 1810 quam
881 1749 986 1794 velit
1008 1751 1219 1794 Dominus
1236 1750 1294 1793 ita
1318 1765 1482 1808 perma-

89 1838 251 1868 nere.»
286 1826 395 1867 Item
426 1822 534 1866 illud
569 1822 733 1865 dictum
775 1837 797 1864 a
830 1820 1067 1865 Coelestio:
1097 1839 1116 1861 «
1145 1820 1362 1872 Quoniam
1387 1819 1484 1877 plus

89 1894 298 1938 faciamus
318 1927 329 1947 ,
354 1907 486 1952 quam
502 1892 546 1934 in
565 1895 680 1950 Lege
703 1899 747 1934 et
772 1889 1187 1948 Evangeliojussum
1208 1899 1287 1932 est.
1311 1908 1330 1929 n
1356 1889 1483 1932 Pela-

91 1965 186 2024 gius
210 1974 354 2008 autem
386 1982 406 2004 «
432 1962 487 2005 de
518 1961 768 2020 virginitate
789 1976 833 2003 30
864 1960 1018 2004 dixisse
1051 1960 1291 2019 respondit,
1322 1958 1377 2002 de
1398 1975 1483 2018 qua

92 2036 254 2080 Paulus
269 2034 402 2079 dicit:
425 2037 694 2091 Praeceptum
716 2031 886 2075 Domini
902 2046 988 2075 non
1005 2029 1148 2074 habeo
1168 2035 1198 2073 ².
1219 2048 1239 2070 υ
1268 2033 1375 2073 Item
1402 2030 1485 2073 ob·

88 2108 254 2167 jectum
276 2115 355 2159 est,
376 2105 591 2148 affirmare
609 2101 863 2147 Coelestium
878 2137 888 2154 ‚
913 2121 933 2143 «
957 2103 1327 2161 Unumquemque
1345 2100 1478 2143 homi·

94 2191 197 2221 nem
216 2191 339 2235 posse
361 2175 523 2219 habere
538 2189 688 2218 omnes
705 2172 886 2216 virtutes
899 2181 943 2215 et
960 2173 1115 2230 gratias
1129 2192 1139 2229 3
1154 2190 1173 2212 n
1186 2187 1236 2215 ac
1255 2171 1314 2215 sic
1330 2170 1489 2214 auferri

96 2246 391 2292 diversitatem
414 2245 672 2304 gratiarum,
701 2259 834 2303 quam
863 2242 1096 2302 Apostolus
1123 2243 1266 2286 docet.
1294 2239 1490 2298 Pelagius

97 2327 246 2362 autern
267 2316 509 2376 respondit,
533 2331 624 2360 non
645 2329 689 2359 se
712 2312 883 2358 auferre
906 2313 1140 2372 gratiarum
1165 2312 1487 2367 diversitatem3

99 2387 176 2434 sed
197 2388 358 2442 dicere,
383 2388 546 2432 donare
563 2390 702 2431 Deum
728 2385 796 2440 ei,
818 2385 895 2444 qui
920 2383 1053 2428 fuerit
1086 2383 1245 2442 dignus
1272 2374 1486 2442 accipere,

103 2474 254 2505 omnes
271 2459 448 2516 gratias,
472 2459 584 2503 sicut
609 2456 744 2502 Paulo
767 2455 962 2516 apostolo
983 2455 1177 2500 donavit.

154 2551 162 2568 ¹
187 2555 199 2577 1
220 2547 293 2577 Cor.
313 2555 369 2580 vn,
387 2543 440 2576 ¹25.
