1784 3205
302 210 356 246 70
742 218 774 243 s.
811 214 1038 243 Aueusnm
1076 215 1252 242 131’13001’1

298 283 502 342 ligentius
528 282 787 325 intuendum
815 289 892 323 est.
922 298 942 321 «
975 282 1037 323 De
1071 278 1146 323 1110
1174 288 1346 333 autem,
1372 278 1542 337 inquit,
1565 279 1686 338 quod

299 353 465 398 fuerint
487 361 586 396 ante
603 352 837 395 adventum
864 350 1036 393 Domini
1060 350 1256 394 homines
1285 350 1375 393 sine
1398 358 1596 407 peccato,
1616 349 1685 394 di-

299 424 435 469 cimus
471 432 513 466 et
547 438 623 465 nos
655 422 859 480 quoniam
895 429 995 464 ante
1028 421 1263 464 adventum
1295 420 1454 464 Christi
1483 420 1684 464 vixerunt

299 492 474 554 quidam
497 501 644 535 sancte
676 500 718 534 et
741 493 872 549 juste,
904 480 1413 534 secundum'sanctarum
1441 490 1687 548 Scriptura-

297 579 392 607 rum
418 562 709 605 traditionem.
740 578 759 600 »
783 562 879 604 Non
903 569 966 603 est
988 576 1115 604 ausus
1143 559 1303 614 dicere,
1331 560 1519 603 Dicimus
1542 569 1584 604 et
1607 575 1685 604 nos

298 632 504 692 quoniam
530 640 628 674 ante
645 630 877 673 adventum
897 630 1055 674 Christi
1074 630 1253 674 fuerunt
1270 630 1467 674 homines
1480 630 1570 673 sine
1585 645 1687 689 pec-

297 712 425 759 cato,
452 717 550 745 cum
576 702 658 744 hoc
688 699 750 743 1111
774 701 829 744 de
861 700 1053 745 Coelestii
1083 700 1207 745 dictis
1239 699 1389 745 suisset
1421 701 1641 759 objectum
1671 721 1684 758 3

295 772 423 816 sensit
460 771 576 813 enim
611 785 745 829 quam
778 779 888 813 esset
919 770 1211 828 periculosum
1240 779 1283 813 et
1316 769 1547 814 molestum
1575 788 1583 813 :
1610 769 1685 814 sed

297 842 389 887 ait:
421 841 656 884 «Dicimus
686 849 729 883 et
766 855 844 883 nos
879 840 1087 898 quoniam
1127 848 1223 882 ante
1257 839 1493 882 adventum
1527 839 1686 884 Christi

294 912 496 958 vixerunt
523 910 703 970 quidam
727 918 873 953 sancte
905 918 948 952 et
973 910 1100 968 juste.
1140 928 1157 950 »
1190 909 1292 961 Quis
1324 909 1407 953 hoc
1440 910 1685 966 negaverit?

297 981 382 1028 Sed
403 981 522 1025 aliud
545 990 608 1025 est
630 982 729 1034 hoc,
756 989 798 1023 et
820 979 939 1024 aliud
960 978 1090 1023 fuisse
1105 979 1196 1023 sine
1214 988 1392 1038 peccato
1414 999 1423 1024 ι
1444 980 1545 1038 quia
1562 989 1604 1023 et
1621 979 1685 1024 illi

296 1062 443 1097 sancte
459 1054 663 1111 justeque
686 1051 914 1106 vivebant,
939 1050 1015 1110 qui
1040 1050 1249 1095 veraciter
1271 1059 1418 1094 tamen
1441 1050 1648 1094 dicebant
1672 1070 1682 1096 2

299 1143 320 1166 ‹<
348 1124 393 1168 Si
416 1123 648 1166 dixerimus
678 1122 779 1181 quia
804 1131 1028 1180 peccatum
1053 1137 1141 1165 non
1164 1121 1395 1174 habemus,
1423 1122 1504 1180 ipsi
1526 1136 1604 1165 nos
1623 1136 1686 1165 se-

297 1212 318 1236 »
345 1193 561 1248 ducimus,
583 1203 626 1236 et
642 1193 797 1237 veritas
819 1193 863 1236 in
886 1192 1011 1236 nobis
1034 1208 1124 1235 non
1146 1202 1210 1236 est
1225 1194 1256 1236 1.
1285 1210 1304 1233 »
1328 1195 1383 1236 Et
1405 1191 1536 1236 hodie
1558 1192 1687 1237 multi

287 1266 402 1324 juste
425 1272 658 1322 sancteque
677 1264 847 1317 vivunt,
873 1277 954 1307 nec
976 1272 1123 1307 tamen
1153 1263 1198 1306 in
1231 1263 1426 1306 oratione
1460 1263 1685 1307 mentiun-

298 1344 383 1389 tur,
407 1349 508 1377 cum
538 1333 691 1376 dicunt
713 1353 721 1378 ε
752 1353 772 1376 «
797 1333 975 1378 Dimitte
1004 1333 1127 1378 nobis
1150 1333 1298 1377 debita
1320 1343 1482 1388 nostra,
1509 1333 1621 1378 sicut
1643 1343 1687 1378 et

297 1422 318 1446 >›
344 1419 423 1447 nos
444 1402 703 1446 dimittimus
717 1403 990 1447 debitoribus
1013 1404 1166 1447 nostris
1181 1405 1212 1447 ².
1241 1422 1260 1444 »
1289 1405 1382 1447 Hoc
1404 1418 1505 1460 ergo
1525 1404 1687 1463 judici-

294 1475 377 1518 bus
400 1473 577 1532 placuit,
609 1472 981 1532 quemadmodum
1020 1489 1063 1517 se
1098 1473 1241 1517 dicere
1275 1474 1531 1518 asseveravit
1560 1473 1683 1518 Pela-

296 1545 392 1603 gius
408 1564 419 1601 3
437 1559 525 1587 non
553 1543 925 1603 quemadmodum
948 1544 1236 1603 objiciebatur
1259 1542 1413 1588 dixisse
1432 1543 1679 1589 Coelestius.

296 1617 423 1660 Nunc
442 1629 490 1656 ea
513 1607 612 1672 quae
634 1622 813 1669 restant,
839 1622 1169 1673 pertractemus,
1190 1623 1242 1658 ut
1259 1629 1501 1673 possumus.

355 1686 543 1728 XXVII.
579 1684 808 1744 Objectum
827 1693 890 1728 est
915 1684 1106 1743 Pelagio,
1130 1685 1251 1745 quod
1272 1684 1452 1740 diceret,
1482 1704 1502 1727 «
1531 1684 1685 1729 Eccle-

295 1756 401 1799 siam
419 1755 490 1798 hic
504 1770 591 1799 esse
607 1756 697 1798 sine
715 1755 883 1799 macula
903 1765 946 1799 et
964 1771 1086 1814 ruga.
1110 1775 1128 1797 υ
1152 1756 1278 1800 Unde
1299 1757 1428 1801 etiam
1451 1756 1686 1801 Donatistae

282 1826 557 1870 ¹diuturnum
575 1827 806 1871 nobiscum
827 1828 1080 1871 habuerunt
1100 1829 1145 1871 in
1164 1837 1308 1873 nostra
1323 1828 1566 1873 Collatione
1579 1845 1685 1874 con-

296 1895 464 1939 ssictum
482 1916 493 1954 3
517 1897 591 1939 sed
616 1896 709 1940 illos
730 1897 784 1940 de
802 1897 1089 1955 permixtione
1105 1897 1320 1943 malorum
1345 1900 1572 1943 hominum
1589 1908 1687 1944 tan-

297 1981 429 2024 quam
458 1964 592 2024 paleae
626 1981 727 2009 cum
753 1965 997 2021 frumentis,
1025 1977 1203 2026 propter
1226 1983 1336 2012 areae
1358 1964 1685 2014 similitudinem

296 2036 441 2093 potius
473 2036 736 2093 urgebamus
763 2054 771 2080 ι
797 2051 884 2095 qua
911 2037 1196 2082 similitudine
1229 2039 1360 2083 etiam
1389 2040 1480 2084 istis
1507 2055 1684 2099 respon-

295 2106 397 2149 dere
421 2121 663 2164 possumus,
695 2107 777 2151 nisi
799 2107 1035 2152 Ecclesiam
1057 2109 1103 2152 in
1130 2109 1229 2154 solis
1256 2110 1380 2154 bonis
1403 2110 1567 2156 vellent
1587 2112 1681 2156 for-

298 2184 408 2220 tasse
430 2176 628 2235 intelligi,
656 2193 765 2238 quos
784 2177 956 2222 nullum
979 2179 1158 2224 omnino
1188 2189 1382 2224 asserunt
1404 2181 1566 2224 habere
1587 2197 1685 2241 pec-

298 2256 459 2301 catum,
496 2257 546 2292 ut
573 2249 706 2307 possit
728 2249 920 2294 Ecclesia
948 2250 1019 2294 hic
1049 2265 1138 2294 esse
1171 2250 1262 2295 sine
1284 2250 1455 2295 macula
1482 2261 1525 2296 et
1557 2267 1680 2311 ruga.

299 2317 427 2368 Quod
444 2317 478 2361 si
497 2318 555 2362 ita
577 2327 656 2372 est,
677 2319 827 2363 eadem
850 2329 1015 2379 repeto,
1035 2335 1135 2380 quae
1156 2320 1286 2380 paulo
1303 2330 1403 2366 ante
1418 2323 1680 2370 memoravi:

298 2387 530 2438 Quomodo
550 2398 653 2433 sunt
674 2390 867 2434 membra
886 2390 1105 2447 Ecclesiae,
1129 2391 1184 2436 de
1198 2393 1357 2453 quibus
1373 2409 1502 2438 verax
1523 2393 1682 2440 clamat

295 2456 532 2514 humilitas,
561 2460 652 2517 «fii
678 2460 911 2506 dixerimus
943 2463 1044 2522 quia
1072 2471 1300 2523 peccatum
1329 2479 1419 2510 non
1442 2464 1676 2523 habemus,

346 2548 355 2564 ¹
380 2552 393 2575 1
413 2544 506 2575 Joan.
526 2554 550 2585 1,
570 2546 602 2578 8.
619 2561 660 2569 —
677 2552 689 2567 2
709 2546 827 2579 Matth.
849 2557 898 2587 vx,
916 2555 966 2579 12.
