1784 3205
311 195 396 234 456
735 213 767 240 s.
805 212 886 243 Ave
894 217 1033 244 trs-nm
1067 219 1246 248 EPlscom

310 274 563 319 vleciionem
594 281 859 338 propositum
889 284 979 341 ejus
1005 296 1214 340 maneret,
1247 304 1333 333 non
1359 306 1408 334 ex
1431 294 1634 351 operibus
1657 298 1686 352 ¹,

308 344 382 387 scd
410 360 460 388 ex
489 361 532 389 se
566 347 657 406 ipso
689 360 870 394 vocante
894 351 1000 397 dixit
1032 374 1040 399 ε
1067 359 1242 416 «Major
1264 362 1419 406 serviet
1440 364 1646 409 n1in0ri2:
1668 386 1686 407 η

309 423 439 474 atque
460 415 646 475 idipsum
669 421 978 466 commendans
1003 434 1147 482 postea
1171 443 1247 486 per
1270 432 1529 489 Prophetam
1548 454 1555 478 :
1573 454 1592 476 «
1614 437 1689 480 Ja-

310 504 329 526 »
358 486 456 540 cob,
488 488 646 547 inquit,
677 489 821 545 dilexi,
853 494 964 537 Esaii
994 506 1138 540 autem
1163 499 1265 542 odio
1295 501 1428 545 habui
1450 505 1480 546 ²³.
1516 522 1534 544 »
1570 505 1689 550 Elec-

310 556 470 599 tionem
494 558 656 618 quippe
683 560 817 615 dixit,
843 563 919 606 ubi
943 567 1055 610 Deus
1078 583 1167 612 non
1195 569 1250 612 ab
1277 570 1359 615 alio
1381 570 1545 618 factum
1571 576 1688 635 quod

307 626 436 684 eligat
457 628 643 684 invenit,
670 631 744 674 sed
766 633 885 691 quod
911 635 1099 682 inveniat
1119 639 1209 697 ipse
1231 640 1334 686 facit
1353 661 1361 686 ε
1383 643 1494 688 sicut
1516 646 1571 689 de
1591 646 1689 690 reli-

305 694 415 754 quiis
441 697 569 741 Isra'e'l
592 701 798 760 scriptum
823 713 886 749 est
907 724 914 749 :
940 725 958 747 «
981 707 1191 768 Reliquiae
1214 726 1290 770 per
1312 711 1567 759 electionem
1589 732 1688 775 gra-

309 786 325 805 »
354 766 424 809 tiac
446 767 573 812 factae
596 781 698 815 sunt
723 775 752 815 ⁴.
784 792 802 814 »
833 775 874 819 Si
899 785 1043 821 autem
1070 781 1203 836 gratia
1219 816 1229 836 ,
1248 783 1338 841 jam
1362 798 1450 828 non
1473 800 1522 828 ex
1544 788 1686 846 operi-

306 836 407 894 bus,
428 837 622 898 alioquin
641 844 772 900 gratia
785 845 875 904 jam
895 862 983 890 non
1001 857 1063 892 est
1081 851 1231 907 gratia.
1256 855 1438 911 Propter
1456 855 1575 915 quod
1596 873 1690 916 pro-

304 907 417 952 fecto
439 909 627 969 desipitis
642 947 652 966 ,
675 916 751 973 qui
769 914 940 960 dicente
959 920 1138 964 veritate
1155 957 1165 976 ,
1188 924 1284 967 Non
1304 939 1353 967 ex
1371 927 1590 984 operibus,
1613 929 1688 973 sed

301 993 351 1020 cx
373 990 555 1024 vocante
576 983 743 1028 dictum
769 995 860 1045 est3
892 1003 967 1033 vos
991 989 1130 1035 dicitis
1146 1028 1156 1047 ,
1184 996 1247 1037 Ex
1271 994 1430 1041 futuris
1454 1000 1657 1057 operibus
1675 1035 1686 1055 ,

302 1063 400 1105 quae
434 1052 545 1093 Deus
574 1051 697 1096 illum
726 1053 943 1101 facturum
969 1075 1059 1104 esse
1085 1064 1340 1120 praesciebat
1357 1101 1367 1120 ,
1397 1069 1533 1112 Jacob
1560 1069 1689 1114 fuisse

301 1116 509 1161 dilectum
538 1138 546 1163 :
576 1131 706 1181 atque
737 1125 795 1168 ita
822 1129 1114 1176 contradicitis
1140 1136 1348 1193 Apostolo
1377 1137 1559 1193 dicenti,
1592 1143 1687 1186 Non

301 1202 349 1229 ex
372 1189 575 1245 operibus
603 1210 611 1234 z
636 1194 758 1251 quasi
786 1210 873 1239 non
902 1210 1044 1256 posset
1067 1202 1209 1247 dicere
1231 1240 1240 1258 ,
1267 1209 1363 1251 Non
1388 1224 1437 1251 ex
1461 1214 1687 1268 praesenti-

305 1259 412 1313 bus,
438 1258 513 1303 sed
538 1259 694 1307 futuris
717 1267 935 1323 operibus.
968 1270 1051 1314 Sed
1080 1272 1159 1328 ait,
1188 1276 1284 1320 Non
1312 1292 1361 1320 ex
1384 1280 1586 1338 operibus
1603 1317 1613 1336 ,
1640 1293 1689 1326 ut

300 1330 479 1386 gratiam
499 1335 824 1380 commendaret
843 1357 850 1383 ;
876 1358 895 1380 «
918 1341 957 1384 Si
977 1351 1119 1387 autem
1138 1348 1290 1403 gratia,
1308 1349 1397 1407 jam
1416 1366 1502 1395 non
1521 1368 1570 1396 ex
1589 1369 1686 1412 ope-

304 1417 322 1438 »
346 1400 490 1458 ribus3
521 1403 715 1463 alioquin
742 1409 875 1464 gratia
900 1411 989 1468 jam
1024 1428 1113 1457 non
1145 1424 1206 1459 est
1239 1420 1387 1475 gratia.
1430 1440 1447 1462 »
1478 1425 1688 1469 Praecedit

300 1486 504 1531 namque,
542 1489 629 1519 non
665 1476 825 1527 debita,
861 1481 935 1525 sed
969 1486 1154 1541 gratuita
1190 1490 1340 1545 gratia,
1380 1500 1428 1535 ut
1462 1508 1537 1551 per
1570 1494 1686 1540 illam

300 1541 407 1584 fiant
437 1542 549 1586 bona
582 1560 710 1603 opera
739 1567 746 1591 :
774 1565 825 1592 ne
855 1551 888 1593 si
917 1556 1210 1610 praecesserint
1247 1559 1359 1604 bona
1393 1577 1521 1620 opera
1540 1598 1550 1618 ,
1589 1573 1683 1609 tan-

300 1626 430 1669 quam
456 1614 658 1671 operibus
683 1616 890 1663 reddatur
913 1624 1046 1679 gratia
1064 1659 1074 1678 ,
1105 1640 1154 1669 ac
1176 1628 1233 1671 sic
1256 1631 1391 1686 gratia
1408 1633 1499 1691 jam
1522 1649 1610 1678 non
1633 1636 1685 1680 sit

301 1681 451 1737 gratia.

357 1753 476 1795 XVI.
516 1754 598 1798 Sed
620 1765 668 1799 ut
685 1758 806 1801 vobis
824 1760 1067 1807 auferretur
1085 1768 1222 1810 omnis
1241 1779 1391 1814 vestrae
1409 1773 1602 1832 caliginis
1621 1775 1683 1820 la·

298 1820 436 1875 tebra,
467 1835 694 1884 propterea
724 1831 915 1886 geminos
949 1834 1053 1879 tales
1084 1840 1315 1897 proposui,
1347 1844 1422 1901 qui
1447 1860 1589 1904 neque
1608 1863 1685 1906 pa-

297 1902 470 1937 rentum
500 1897 661 1941 meritis
685 1900 958 1960 juvarentur,
989 1915 1032 1950 et
1063 1908 1192 1953 ambo
1221 1909 1415 1957 infantiae
1447 1916 1683 1974 primordio

298 1978 410 2007 unus
438 1964 681 2024 baptizatus
702 2005 711 2023 ,
748 1971 855 2016 alter
891 1975 982 2018 sine
1015 1976 1273 2035 baptismate
1301 1994 1599 2045 morerentur,
1628 2004 1683 2032 ne

297 2033 494 2083 diceretis
518 2040 672 2093 Deum,
698 2041 806 2086 sicut
829 2043 882 2087 de
905 2047 1041 2090 Jacob
1062 2057 1104 2092 et
1122 2052 1234 2094 Esaii
1256 2062 1406 2098 contra
1424 2057 1680 2115 Apostolum

297 2104 438 2149 dicitis
458 2142 468 2160 ,
504 2123 631 2166 opera
668 2126 817 2157 eorum
851 2114 997 2161 futura
1034 2122 1263 2177 praescisse.
1303 2126 1533 2177 Quomodo
1567 2130 1679 2174 enim
1710 2130 1716 2133 “

298 2176 496 2233 prescivit
525 2193 573 2222 ea
602 2180 764 2236 lutura,
796 2200 894 2243 quae
922 2186 1004 2231 illis
1032 2189 1076 2231 in
1104 2190 1285 2237 infantia
1315 2196 1545 2252 morituris,
1579 2202 1679 2259 quia

298 2248 562 2303 prsescientia
587 2252 677 2310 ejus
699 2251 789 2297 falli
811 2272 897 2300 non
921 2268 1077 2316 potest,
1099 2264 1314 2319 praescivit
1334 2266 1474 2323 potius
1494 2284 1580 2313 non
1603 2270 1678 2314 fu-

299 2319 423 2359 tura?
448 2329 523 2363 aut
548 2320 655 2379 quid
679 2324 853 2381 prodest
876 2328 934 2372 eis
956 2329 1029 2388 qui
1059 2332 1286 2390 rapiuntur
1308 2351 1358 2378 ex
1379 2336 1459 2381 hac
1482 2339 1567 2382 vita
1587 2375 1597 2394 ,
1623 2357 1678 2385 ne

296 2386 455 2431 malitia
488 2399 625 2435 mutet
652 2393 920 2440 intellectum
949 2414 1098 2445 eorum
1126 2405 1154 2457 ⁵,
1181 2412 1255 2448 aut
1277 2420 1331 2448 ne
1354 2406 1469 2452 fictio
1491 2408 1677 2469 decipiat
1739 2439 1754 2449 ·

346 2498 353 2512 ¹
376 2494 465 2524 Rom.
497 2505 539 2534 ix,
564 2506 613 2526 ιι.
633 2514 671 2519 ——
692 2504 703 2519 2
723 2501 802 2531 Gen.
825 2511 899 2542 xxv,
921 2502 971 2534 23*
992 2520 1029 2526 —
1045 2501 1058 2524 3
1079 2505 1212 2538 Malacli.
1235 2518 1260 2547 1,
1279 2515 1310 2539 2.
1328 2525 1366 2531 —
1383 2508 1398 2538 4
1417 2511 1508 2542 Rom.
1535 2522 1582 2552 xr,
1602 2512 1619 2543 5
1641 2517 1673 2544 et

294 2546 325 2577 6.
340 2564 373 2569 —
392 2546 406 2569 5
423 2550 497 2590 Sap.
515 2561 558 2591 iv,
579 2562 627 2582 11.
