1804 3205
351 223 431 248 Lm.
470 220 514 247 ιι.
552 220 604 247 niz
638 221 815 248 racemo
847 221 1083 248 omnium.
1332 209 1409 247 187

27 288 104 331 etsi
123 286 252 331 homo
269 286 312 330 in
326 286 491 331 honore
508 287 687 344 positus,
711 295 752 330 ct
771 301 859 331 non
878 284 1120 343 intelligens
1135 289 1163 339 ¹,
1186 299 1413 343 eompara-

27 368 98 402 tur
124 357 367 417 pecoribus,
394 358 539 417 cisque
569 356 716 401 similis
741 357 792 402 sit
821 377 829 402 :
857 373 944 401 non
972 366 1117 400 tamen
1147 371 1284 415 usque
1306 356 1414 399 adeo

29 428 177 472 similis
198 429 247 472 lit
265 463 275 482 ,
302 437 350 472 ut
373 443 502 487 pecus
524 428 592 471 sit.
620 429 907 487 Comparatur
930 442 1118 486 namque
1140 441 1215 484 per
1240 426 1411 480 vitium,

27 514 115 543 non
139 514 217 558 per
241 507 439 542 naturam
460 520 469 555 3
495 514 582 542 non
606 499 773 557 pecoris
798 499 920 552 vitio,
952 499 1027 542 sed
1050 505 1232 540 naturae.
1267 498 1415 539 'l‘autae

26 583 215 629 namque
231 568 498 614 excellentiae
519 578 580 613 est
603 568 646 612 in
669 570 992 628 comparatione
1012 568 1177 628 pecoris
1197 568 1344 620 homo,
1368 575 1414 610 ut

27 640 180 684 vitium
199 640 385 685 hominis
410 649 564 685 natura
582 641 633 685 sit
653 641 842 700 peccoris
862 659 870 685 ε
890 655 968 684 nec
985 649 1128 684 tamen
1145 638 1242 683 ideo
1261 648 1415 682 natura

28 710 212 755 hominis
232 711 274 754 in
294 719 493 754 naturam
515 712 696 755 vertitur
715 711 894 770 pecoris.
918 712 979 755 Ac
1001 725 1077 769 per
1096 709 1178 753 hoc
1199 711 1311 752 Deus
1332 708 1414 752 ho·

25 781 186 823 minem
205 779 384 824 damnat
403 789 579 840 propter
597 781 749 825 vitium
763 817 773 835 ,
795 797 883 840 quo
906 790 1059 824 natura
1077 780 1413 835 dehonestatur3

27 866 115 895 non
146 859 322 910 propter
351 860 548 896 naturam
571 887 581 906 ,
610 868 708 911 quae
742 853 846 896 vitio
883 868 970 896 non
1005 853 1215 895 aul'crtur.
1257 850 1415 894 Bestias

26 936 128 965 vero
147 922 255 965 absit
274 931 322 965 ut
345 922 575 981 opinemur
591 938 734 981 poenze
751 922 1040 966 damnationis
1059 922 1284 974 obnoxias,
1309 935 1416 979 quas

20 992 186 1051 justum
207 1001 271 1036 est
289 1001 336 1036 ut
356 992 536 1036 miseriae
565 993 648 1036 sint
673 1001 885 1051 expertes,
907 1008 1006 1051 quae
1029 1006 1108 1034 nec
1136 989 1415 1034 beatitudinis

27 1070 209 1121 possunt
226 1077 315 1106 esse
333 1063 576 1122 participes.
598 1062 714 1115 Quid
733 1077 835 1120 ergo
852 1062 1010 1105 mirum
1030 1069 1092 1105 est
1109 1060 1177 1105 vel
1196 1060 1414 1120 iniquum,

26 1142 75 1177 ut
99 1132 328 1177 immundo
354 1133 524 1192 spiritui
546 1132 758 1177 subdatur
781 1133 911 1176 homo
929 1168 939 1187 ,
967 1147 1054 1177 non
1079 1140 1256 1191 propter
1284 1140 1416 1174 natu-

26 1218 133 1257 ram,
159 1202 235 1248 sed
258 1212 433 1263 propter
460 1202 781 1247 immunditiam
801 1218 940 1258 suam,
963 1218 1093 1262 quam
1113 1217 1201 1246 uon
1220 1217 1269 1245 ex
1288 1216 1418 1260 opere

27 1273 175 1318 divino
193 1308 203 1327 ,
237 1274 311 1317 sed
343 1289 394 1317 ex
427 1274 616 1318 humana
646 1273 870 1318 voluntate
899 1274 1145 1317 venientem
1172 1273 1215 1315 in
1242 1272 1418 1330 originis

27 1344 125 1389 labe
140 1345 353 1389 contraxit
377 1364 384 1390 ;
406 1359 506 1388 cum
522 1346 668 1404 etipse
685 1345 858 1403 spiritus
876 1344 1143 1397 immundus,
1164 1345 1329 1387 bonum
1347 1343 1414 1397 sit,

27 1415 147 1475 quod
165 1415 335 1472 spiritus
352 1435 362 1470 3
382 1415 560 1468 malum,
586 1414 706 1474 quod
728 1415 1006 1458 immundus?
1031 1413 1147 1458 Illud
1171 1414 1334 1473 quippe
1356 1421 1418 1456 est

28 1502 79 1530 ex
99 1486 172 1530 Dei
191 1501 336 1545 opere,
358 1487 439 1530 hoc
457 1501 506 1529 ex
524 1485 697 1545 propria
717 1485 955 1530 voluntate.
980 1487 1142 1530 Natura
1162 1485 1308 1544 itaque
1330 1482 1419 1527 for-

31 1557 128 1610 tior,
153 1555 197 1600 id
218 1565 297 1610 est,
322 1555 537 1614 angelica,
564 1555 812 1599 inferiorem
836 1564 1059 1610 naturam,
1083 1554 1128 1599 id
1149 1564 1236 1608 est,
1263 1555 1419 1598 huma-

29 1642 129 1671 nam
147 1662 157 1681 ,
181 1628 274 1672 vitii
297 1627 501 1672 socictate
524 1627 744 1671 subditam
770 1636 902 1671 tenet.
931 1626 1036 1671 Ideo
1059 1626 1274 1672 mediator
1294 1640 1420 1684 ange·

30 1698 80 1742 lis
118 1697 270 1743 fortior
294 1700 327 1752 ²,
366 1699 564 1742 infirmus
601 1708 778 1758 propter
820 1698 1017 1742 homines
1053 1697 1193 1742 factus
1230 1706 1293 1741 est
1325 1716 1334 1741 ι
1360 1697 1419 1740 sic

29 1768 230 1826 superbia
251 1769 547 1827 captivatoris,
576 1769 862 1827 redemptoris
885 1768 1132 1811 humilitate
1156 1768 1417 1824 destruitur,

30 1848 81 1882 ut
108 1839 183 1898 qui
205 1853 333 1897 super
354 1837 465 1882 filios
487 1839 675 1882 hominis
697 1838 890 1895 angelica
913 1837 1170 1882 fortitudine
1193 1837 1417 1895 gloriatur,

33 1923 55 1952 a
75 1907 186 1952 Filio
208 1908 284 1951 Dei
301 1917 498 1966 suscepta
515 1908 706 1951 humana
724 1907 975 1951 infirmitate
998 1908 1210 1952 vincatur.

92 1981 267 2023 LXVII.
294 1979 377 2024 Sed
396 1980 486 2038 jam
509 1979 638 2022 etiam
661 1979 791 2022 istum
812 1978 1056 2022 conclusuri
1080 1977 1259 2033 librum,
1288 1993 1422 2037 opor-

34 2059 123 2094 tere
163 2050 438 2104 arbitramur,
483 2059 532 2094 ut
568 2049 846 2094 Ambrosium
887 2051 1121 2094 antistitem
1158 2049 1256 2103 Dei,
1297 2050 1421 2108 cujus

33 2121 146 2165 inter
175 2120 339 2164 Latinae
373 2119 537 2178 linguae
571 2120 800 2178 scriptores
833 2119 1140 2164 ecclesiasticos
1170 2119 1420 2178 praecipue³

37 2191 231 2249 Pelagius
263 2192 586 2249 integerrimam
620 2189 750 2234 fidem
786 2191 1021 2249 praedicat,
1062 2191 1172 2235 sicut
1199 2191 1253 2234 de
1286 2190 1423 2249 gratia

35 2260 240 2314 fecimus,
259 2261 318 2305 ita
336 2271 379 2305 et
395 2261 449 2304 de
466 2270 669 2320 pecccato
692 2260 891 2319 originali
908 2296 918 2315 ,
944 2261 989 2304 in
1011 2276 1099 2321 quo
1119 2258 1307 2304 delendo
1335 2260 1424 2319 ipsa

36 2332 169 2390 gratia
196 2330 438 2375 evidentius
461 2330 809 2384 commendatur,
838 2330 1118 2375 calumniosae
1146 2333 1328 2374 istorum
1356 2329 1423 2374 lo-

36 2403 245 2464 quacitati
268 2401 527 2461 respondere
550 2400 774 2446 faciamus.
801 2404 852 2445 In
879 2416 930 2445 eo
957 2416 1088 2460 opere
1111 2400 1231 2461 quod
1256 2402 1425 2460 scripsit

38 2473 92 2517 de
125 2472 455 2516 Resurrectione
496 2481 670 2516 sanctus
708 2472 962 2515 Ambrosius
993 2490 1001 2515 :
1035 2491 1056 2513 «
1097 2474 1262 2531 Lapsus
1308 2487 1421 2527 sum,

89 2564 95 2579 ¹
119 2556 199 2588 Psal.
216 2566 325 2597 xum,
344 2557 460 2591 13.-²
479 2565 491 2588 ι
508 2557 580 2589 Cor.
600 2553 774 2598 v1n‚9.-³
787 2555 865 2588 Vide
879 2553 931 2588 lib.
952 2555 994 2588 de
1010 2554 1118 2589 Gratia
1129 2555 1257 2595 Christi,
1277 2565 1350 2597 cap.
1370 2554 1422 2595 43.
