1784 3205
312 227 395 264 206
735 234 767 263 s.
804 235 1033 263 Aucus'nm
1068 235 1247 263 nmscorl

307 304 404 348 terit
425 303 540 347 enim
554 303 828 362 tigurahujus
853 300 1023 344 mundi.
1041 300 1151 345 Volo
1170 316 1263 355 vos,
1284 300 1442 359 inquit,
1464 300 1556 344 sine
1576 299 1693 343 solli-

302 373 494 419 citudine
507 388 617 418 esse:
633 392 651 415 »
665 374 748 417 hoc
762 370 946 426 est‚volo
958 385 1129 414 sursum
1143 370 1344 415 corinhis
1354 385 1452 429 quae
1478 384 1566 413 non
1584 384 1692 428 prae-

302 454 489 500 teremit,
509 460 584 490 vos
605 444 781 488 habere.
807 442 970 487 Deinde
991 442 1219 501 subjungit
1242 450 1284 486 et
1306 441 1413 486 dicit
1436 460 1444 486 z
1464 460 1484 483 «
1500 441 1585 494 Qui
1601 440 1693 484 sine

305 534 325 557 »
351 531 483 560 uxore
505 523 583 570 est,
601 515 761 572 cogitat
784 528 830 557 ea
853 529 952 573 quae
970 522 1071 557 sunt
1086 512 1275 567 Domini,
1291 511 1514 572 quomodo
1526 511 1695 571 placeat

309 604 329 629 η
356 587 541 643 Domino
560 605 568 629 ε
590 586 665 644 qui
682 593 826 628 autem
842 584 1118 628 matrimonio
1136 584 1311 643 junctus
1328 592 1405 637 est,
1424 582 1584 640 cogitat
1595 597 1695 641 quae

310 676 329 699 u
354 667 456 702 sunt
473 656 641 712 mundi,
662 655 885 716 quomodo
899 653 1273 714 placeatuxori¹.«
1285 653 1494 713 Atqueita
1503 652 1694 712 quodam

307 727 438 772 modo
463 728 639 786 exponit
657 725 777 787 quod
799 741 927 784 supra
955 724 1123 768 dixerat
1142 743 1151 769 ε
1180 742 1200 766 ι(
1225 725 1310 777 Qui
1332 724 1499 768 habent
1522 737 1692 777 uxores,

309 816 328 839 η
356 807 566 857 tanquam
583 812 670 841 non
686 796 895 840 habentes
909 796 1036 839 sint.»
1050 795 1135 848 Qui
1150 795 1262 838 enim
1282 795 1513 839 sichabent
1526 808 1694 848 uxores,

310 879 356 913 ut
379 869 573 928 cogitent
595 883 644 912 ea
669 884 766 927 quae
788 875 890 912 sunt
912 867 1084 912 Domini
1103 902 1113 921 ‚
1145 866 1368 927 quomodo
1390 864 1588 925 placeant
1608 868 1697 909 Do·

308 940 443 994 mino,
464 955 544 983 nec
566 940 612 982 in
633 939 698 982 his
720 954 819 998 quac
846 947 948 982 sunt
967 936 1121 981 mundi
1142 972 1152 992 ‚
1178 936 1371 996 cogitent
1394 935 1563 995 placere
1586 950 1698 979 uxo-

142 1003 144 1005 *
182 1020 191 1025 ·*
232 1008 243 1032 ²
285 1010 429 1053 ·ribus
450 1046 460 1065 ‚
486 1019 696 1069 tanquam
731 1025 821 1053 non
854 1009 1064 1053 habentes
1104 1017 1219 1052 sunt.
1257 1008 1388 1061 Quod
1418 1006 1586 1050 facilius
1611 1007 1661 1050 fit
1685 1040 1696 1060 ‚

307 1080 485 1141 quando
498 1090 541 1124 et
553 1095 704 1124 uxores
718 1080 823 1124 tales
836 1089 954 1133 sunt,
967 1089 1016 1123 ut
1032 1080 1089 1123 eis
1107 1079 1249 1123 mariti
1263 1094 1353 1122 non
1368 1077 1466 1122 ideo
1481 1077 1696 1136 placeant,

307 1151 408 1210 quia
439 1150 593 1195 divites
614 1185 625 1204 ,
651 1150 752 1209 quia
787 1149 1019 1204 sublimes,
1050 1149 1151 1209 quia
1180 1163 1337 1207 genere
1364 1147 1533 1192 nobiles
1555 1182 1565 1202 ‚
1593 1147 1695 1206 quia

307 1236 435 1264 carne
455 1220 660 1264 amabiles
688 1239 695 1264 :
721 1220 796 1263 sed
813 1220 915 1279 quia
943 1219 1109 1274 fideles,
1135 1220 1237 1279 quia
1263 1218 1464 1276 religiosi,
1491 1218 1594 1277 quia
1617 1232 1700 1276 pu-

308 1292 410 1350 diei,
435 1293 537 1352 quia
558 1292 638 1335 viri
668 1291 774 1336 boni
789 1300 907 1335 sunt.

367 1365 487 1407 XVI.
511 1365 672 1407 Verum
697 1364 742 1405 in
769 1362 1027 1421 conjugatis,
1050 1370 1098 1405 ut
1121 1362 1214 1405 haec
1232 1359 1423 1419 optanda
1445 1368 1574 1419 atque
1602 1357 1699 1402 lau-

308 1433 451 1477 danda
466 1468 480 1488 ,
505 1433 564 1477 sic
587 1433 669 1477 alia
692 1432 916 1477 toleranda
939 1442 1057 1487 sunt,
1084 1448 1138 1476 ne
1159 1432 1205 1475 in
1228 1430 1494 1476 damnabilia
1515 1429 1694 1489 flagitia,

308 1502 353 1547 id
380 1513 473 1559 est,
499 1503 879 1548 insornicationcs
903 1502 970 1547 vel
1000 1502 1212 1546 adulteria
1240 1511 1483 1546 corruatur.
1517 1504 1699 1559 Propter

308 1574 430 1635 quod
459 1574 687 1620 vitandum
710 1573 873 1619 malum
891 1609 902 1629 ‚
923 1572 1135 1635 etiamilli
1157 1573 1415 1618 concubitus
1440 1573 1694 1632 conjugum,

309 1646 385 1705 qui
402 1661 492 1690 non
509 1647 620 1689 fiunt
638 1661 767 1689 causa
784 1643 1034 1702 generandi,
1053 1644 1127 1687 sed
1150 1644 1314 1687 victrici
1331 1641 1696 1701 concupiscentiae

308 1716 528 1771 serviunt,
560 1717 605 1759 in
638 1715 798 1774 quibus
825 1715 1038 1774 jubentur
1066 1729 1155 1757 non
1178 1713 1379 1756 fraudare
1400 1713 1585 1757 invicem
1605 1747 1616 1767 ‚
1642 1726 1697 1755 ne

308 1796 447 1831 tentet
464 1803 536 1832 eos
559 1789 735 1832 Satanas
755 1795 931 1846 propter
955 1784 1335 1844 intemperantiam
1350 1799 1472 1828 suam
1494 1799 1582 1828 non
1599 1783 1697 1842 qui-

308 1857 408 1901 dem
425 1857 665 1901 secundum
689 1856 921 1916 imperium
938 1855 1268 1915 praecipiuntur‚
1287 1865 1433 1900 tamen
1454 1854 1698 1899 secundum

308 1929 477 1973 veniam
501 1925 837 1985 conceduntur-‚j
852 1928 919 1972 Sic
942 1927 1058 1970 enim
1082 1927 1291 1986 scriptum
1312 1935 1376 1970 est
1398 1945 1407 1970 :
1437 1945 1457 1968 «
1484 1925 1614 1970 Uxori
1634 1924 1700 1969 vir

312 2016 332 2039 »
357 1999 556 2042 debitum
580 1997 734 2042 reddat
754 2032 765 2052 ,
799 1997 993 2040 similiter
1024 2005 1171 2040 autem
1204 2005 1247 2040 et
1273 2011 1381 2040 uxor
1401 1996 1510 2040 viro.
1541 1993 1700 2040 Mulier

312 2086 330 2110 »
359 2069 426 2112 sui
457 2069 647 2127 corporis
681 2076 939 2126 potestatem
978 2082 1067 2111 non
1089 2068 1223 2110 habet
1242 2102 1253 2121 ,
1278 2068 1353 2110 sed
1375 2067 1441 2110 vir
1467 2085 1477 2110 .·,
1503 2065 1700 2110 similiter

312 2156 331 2180 »
357 2147 503 2182 autem
524 2147 567 2182 et
584 2139 645 2181 vir
664 2138 729 2181 sui
752 2138 942 2197 corporis
960 2145 1215 2195 potestatem
1234 2151 1323 2180 non
1341 2137 1489 2191 habet,
1508 2136 1583 2179 sed
1601 2151 1700 2179 mu-

311 2228 330 2251 »
356 2209 449 2253 lier.
470 2209 614 2255 Nolite
638 2209 824 2254 invicem
847 2208 1048 2252 fraudare
1065 2242 1076 2262 ,
1102 2207 1182 2250 nisi
1204 2222 1254 2250 ex
1272 2221 1484 2251 consensu.
1507 2205 1562 2250 ad
1585 2216 1698 2251 tem-

312 2299 331 2321 »
356 2296 453 2339 pus,
476 2289 525 2324 ut
541 2280 700 2324 vacetis
720 2279 928 2336 orationi3
948 2278 1161 2322 etiterum
1186 2276 1240 2321 ad
1256 2277 1445 2336 idipsum
1463 2286 1599 2322 estote
1619 2292 1699 2322 :ne

312 2368 332 2391 »
358 2359 497 2395 tentet
514 2367 589 2395 vos
605 2353 781 2396 Satanas
797 2359 974 2410 propter
990 2350 1367 2408 intemperantiam
1385 2357 1587 2393 vestram.
1606 2350 1699 2392 Hoc

312 2439 331 2463 »
356 2431 502 2466 autem
530 2423 627 2466 dico
658 2421 899 2466 secundum
925 2421 1095 2465 veniam
1117 2455 1127 2475 ‚
1165 2435 1254 2464 non
1286 2420 1529 2464 secundum
1556 2419 1698 2478 impe-

313 2510 333 2534 »
359 2494 471 2538 rium
488 2497 548 2537 ².»
575 2493 658 2537 Ubi
676 2508 777 2551 ergo
799 2493 928 2543 ‚venia
952 2492 1096 2537 danda
1126 2500 1205 2547 est,
1235 2490 1400 2551 aliquid
1427 2506 1517 2535 esse
1555 2489 1698 2549 culpae

359 2583 367 2600 ¹
391 2589 402 2610 1
422 2581 495 2611 Cor.
515 2586 570 2617 vn,
591 2578 643 2610 32.
660 2594 700 2600 -
717 2584 729 2601 2
748 2577 829 2610 lbid-
853 2577 871 2609 3
895 2581 928 2610 et
948 2587 1036 2620 seqq.
