<?xml version="1.0" encoding="UTF-8"?>
<!DOCTYPE html PUBLIC "-//W3C//DTD XHTML 1.0 Transitional//EN"
    "http://www.w3.org/TR/xhtml1/DTD/xhtml1-transitional.dtd">
<html xmlns="http://www.w3.org/1999/xhtml" xml:lang="en" lang="en">
 <head>
  <title>
</title>
<meta http-equiv="Content-Type" content="text/html;charset=utf-8" />
  <meta name='ocr-system' content='tesseract 3.04.00' />
  <meta name='ocr-capabilities' content='ocr_page ocr_carea ocr_par ocr_line ocrx_word'/>
</head>
<body>
  <div class='ocr_page' id='page_1' title='image "./operaomniaaccura34auguuoft_0180.png"; bbox 0 0 1784 3205; ppageno 0'>
   <div class='ocr_carea' id='block_1_1' title="bbox 344 189 1300 227">
    <p class='ocr_par' dir='ltr' id='par_1_1' title="bbox 344 189 1300 227">
     <span class='ocr_line' id='line_1_1' title="bbox 344 189 1300 227; baseline -0.002 -1"><span class='ocrx_word' id='word_1_1' title='bbox 344 189 425 227; x_wconf 89' lang='lat'>170</span> <span class='ocrx_word' id='word_1_2' title='bbox 785 195 818 224; x_wconf 85' lang='lat' dir='ltr'>s.</span> <span class='ocrx_word' id='word_1_3' title='bbox 856 196 1086 225; x_wconf 61' lang='lat' dir='ltr'>mausum</span> <span class='ocrx_word' id='word_1_4' title='bbox 1120 197 1300 226; x_wconf 68' lang='lat' dir='ltr'>zrrscom</span> 
     </span>
    </p>
   </div>
   <div class='ocr_carea' id='block_1_2' title="bbox 342 261 1740 2495">
    <p class='ocr_par' dir='ltr' id='par_1_2' title="bbox 342 261 1737 1659">
     <span class='ocr_line' id='line_1_2' title="bbox 343 261 1727 324; baseline -0.002 -15"><span class='ocrx_word' id='word_1_5' title='bbox 343 265 583 324; x_wconf 81' lang='lat' dir='ltr'>praestitum</span> <span class='ocrx_word' id='word_1_6' title='bbox 599 272 678 319; x_wconf 88' lang='lat' dir='ltr'>est,</span> <span class='ocrx_word' id='word_1_7' title='bbox 695 262 810 308; x_wconf 89' lang='lat' dir='ltr'>salva</span> <span class='ocrx_word' id='word_1_8' title='bbox 824 263 977 321; x_wconf 88' lang='lat' dir='ltr'>utique</span> <span class='ocrx_word' id='word_1_9' title='bbox 999 262 1102 317; x_wconf 85' lang='lat' dir='ltr'>fide,</span> <span class='ocrx_word' id='word_1_10' title='bbox 1118 263 1281 308; x_wconf 88' lang='lat' dir='ltr'>nescire</span> <span class='ocrx_word' id='word_1_11' title='bbox 1297 270 1478 306; x_wconf 81' lang='lat' dir='ltr'>testatur</span> <span class='ocrx_word' id='word_1_12' title='bbox 1499 280 1508 306; x_wconf 79' lang='lat' dir='ltr'><strong><em>z</em></strong></span> <span class='ocrx_word' id='word_1_13' title='bbox 1533 261 1602 305; x_wconf 90' lang='lat' dir='ltr'>vel</span> <span class='ocrx_word' id='word_1_14' title='bbox 1618 269 1727 320; x_wconf 88' lang='lat' dir='ltr'>quot</span> 
     </span>
     <span class='ocr_line' id='line_1_3' title="bbox 345 332 1727 392; baseline -0.004 -12"><span class='ocrx_word' id='word_1_15' title='bbox 345 336 430 380; x_wconf 88' lang='lat' dir='ltr'>sint</span> <span class='ocrx_word' id='word_1_16' title='bbox 452 334 572 388; x_wconf 85' lang='lat' dir='ltr'>coeli,</span> <span class='ocrx_word' id='word_1_17' title='bbox 597 333 642 377; x_wconf 92' lang='lat' dir='ltr'>in</span> <span class='ocrx_word' id='word_1_18' title='bbox 664 347 853 392; x_wconf 90' lang='lat' dir='ltr'>quorum</span> <span class='ocrx_word' id='word_1_19' title='bbox 876 332 1050 375; x_wconf 90' lang='lat' dir='ltr'>tertium</span> <span class='ocrx_word' id='word_1_20' title='bbox 1072 347 1116 376; x_wconf 90' lang='lat' dir='ltr'>se</span> <span class='ocrx_word' id='word_1_21' title='bbox 1145 341 1317 392; x_wconf 90' lang='lat' dir='ltr'>raptum</span> <span class='ocrx_word' id='word_1_22' title='bbox 1351 346 1440 376; x_wconf 87' lang='lat' dir='ltr'>esse</span> <span class='ocrx_word' id='word_1_23' title='bbox 1462 345 1727 375; x_wconf 91' lang='lat' dir='ltr'>commemo-</span> 
     </span>
     <span class='ocr_line' id='line_1_4' title="bbox 342 401 1728 463; baseline -0.004 -12"><span class='ocrx_word' id='word_1_24' title='bbox 342 416 408 451; x_wconf 86' lang='lat' dir='ltr'>rat</span> <span class='ocrx_word' id='word_1_25' title='bbox 430 425 438 452; x_wconf 87' lang='lat'>:</span> <span class='ocrx_word' id='word_1_26' title='bbox 459 406 527 449; x_wconf 90' lang='lat' dir='ltr'>vel</span> <span class='ocrx_word' id='word_1_27' title='bbox 550 414 700 449; x_wconf 91' lang='lat' dir='ltr'>utrum</span> <span class='ocrx_word' id='word_1_28' title='bbox 728 403 942 447; x_wconf 86' lang='lat' dir='ltr'>elementa</span> <span class='ocrx_word' id='word_1_29' title='bbox 973 402 1125 447; x_wconf 91' lang='lat' dir='ltr'>mundi</span> <span class='ocrx_word' id='word_1_30' title='bbox 1145 404 1272 463; x_wconf 81' lang='lat' dir='ltr'>hujus</span> <span class='ocrx_word' id='word_1_31' title='bbox 1295 401 1597 461; x_wconf 89' lang='lat' dir='ltr'>conspicabilis</span> <span class='ocrx_word' id='word_1_32' title='bbox 1618 417 1728 461; x_wconf 86' lang='lat' dir='ltr'>qua-</span> 
     </span>
     <span class='ocr_line' id='line_1_5' title="bbox 344 470 1724 534; baseline -0.006 -12"><span class='ocrx_word' id='word_1_33' title='bbox 344 487 441 522; x_wconf 90' lang='lat' dir='ltr'>tuor</span> <span class='ocrx_word' id='word_1_34' title='bbox 467 492 522 520; x_wconf 88' lang='lat' dir='ltr'>an</span> <span class='ocrx_word' id='word_1_35' title='bbox 544 475 669 534; x_wconf 88' lang='lat' dir='ltr'>plura</span> <span class='ocrx_word' id='word_1_36' title='bbox 700 475 786 518; x_wconf 87' lang='lat' dir='ltr'>sint</span> <span class='ocrx_word' id='word_1_37' title='bbox 811 492 820 518; x_wconf 88' lang='grc'>;</span> <span class='ocrx_word' id='word_1_38' title='bbox 845 472 951 532; x_wconf 86' lang='lat' dir='ltr'>quid</span> <span class='ocrx_word' id='word_1_39' title='bbox 974 472 1103 518; x_wconf 71' lang='lat' dir='ltr'>iaciat</span> <span class='ocrx_word' id='word_1_40' title='bbox 1128 472 1264 517; x_wconf 88' lang='lat' dir='ltr'>solem</span> <span class='ocrx_word' id='word_1_41' title='bbox 1288 472 1494 516; x_wconf 84' lang='lat' dir='ltr'>lunamve</span> <span class='ocrx_word' id='word_1_42' title='bbox 1516 470 1724 526; x_wconf 89' lang='lat' dir='ltr'>deficere,</span> 
     </span>
     <span class='ocr_line' id='line_1_6' title="bbox 342 542 1724 604; baseline -0.005 -13"><span class='ocrx_word' id='word_1_43' title='bbox 342 548 407 592; x_wconf 87' lang='lat' dir='ltr'>his</span> <span class='ocrx_word' id='word_1_44' title='bbox 436 545 679 591; x_wconf 83' lang='lat' dir='ltr'>defectibus</span> <span class='ocrx_word' id='word_1_45' title='bbox 706 558 816 604; x_wconf 91' lang='lat' dir='ltr'>quos</span> <span class='ocrx_word' id='word_1_46' title='bbox 837 542 1071 602; x_wconf 84' lang='lat' dir='ltr'>praedicere</span> <span class='ocrx_word' id='word_1_47' title='bbox 1098 542 1316 600; x_wconf 81' lang='lat' dir='ltr'>Astrologi</span> <span class='ocrx_word' id='word_1_48' title='bbox 1338 550 1453 585; x_wconf 86' lang='lat' dir='ltr'>certa</span> <span class='ocrx_word' id='word_1_49' title='bbox 1478 550 1724 599; x_wconf 83' lang='lat' dir='ltr'>temporum</span> 
     </span>
     <span class='ocr_line' id='line_1_7' title="bbox 343 610 1730 672; baseline -0.004 -12"><span class='ocrx_word' id='word_1_50' title='bbox 343 616 690 661; x_wconf 83' lang='lat' dir='ltr'>dinumeratione</span> <span class='ocrx_word' id='word_1_51' title='bbox 717 622 1010 662; x_wconf 86' lang='lat' dir='ltr'>consuerunt:</span> <span class='ocrx_word' id='word_1_52' title='bbox 1035 626 1112 656; x_wconf 86' lang='lat' dir='ltr'>cur</span> <span class='ocrx_word' id='word_1_53' title='bbox 1137 612 1306 672; x_wconf 80' lang='lat' dir='ltr'>antiqui</span> <span class='ocrx_word' id='word_1_54' title='bbox 1327 611 1523 656; x_wconf 91' lang='lat' dir='ltr'>homines</span> <span class='ocrx_word' id='word_1_55' title='bbox 1544 619 1630 654; x_wconf 88' lang='lat' dir='ltr'>tam</span> <span class='ocrx_word' id='word_1_56' title='bbox 1652 610 1730 655; x_wconf 89' lang='lat' dir='ltr'>diu</span> 
     </span>
     <span class='ocr_line' id='line_1_8' title="bbox 343 683 1730 745; baseline -0.004 -15"><span class='ocrx_word' id='word_1_57' title='bbox 343 687 541 740; x_wconf 83' lang='lat' dir='ltr'>vixerint,</span> <span class='ocrx_word' id='word_1_58' title='bbox 567 700 700 745; x_wconf 85' lang='lat' dir='ltr'>quam</span> <span class='ocrx_word' id='word_1_59' title='bbox 721 693 869 729; x_wconf 83' lang='lat' dir='ltr'>sancta</span> <span class='ocrx_word' id='word_1_60' title='bbox 901 683 1121 741; x_wconf 87' lang='lat' dir='ltr'>Scriptura</span> <span class='ocrx_word' id='word_1_61' title='bbox 1152 691 1359 739; x_wconf 69' lang='lat' dir='ltr'>testatur,</span> <span class='ocrx_word' id='word_1_62' title='bbox 1389 690 1431 725; x_wconf 87' lang='lat' dir='ltr'>et</span> <span class='ocrx_word' id='word_1_63' title='bbox 1452 690 1599 725; x_wconf 87' lang='lat' dir='ltr'>utrum</span> <span class='ocrx_word' id='word_1_64' title='bbox 1630 695 1730 739; x_wconf 90' lang='lat' dir='ltr'>pro-</span> 
     </span>
     <span class='ocr_line' id='line_1_9' title="bbox 344 752 1732 817; baseline -0.005 -16"><span class='ocrx_word' id='word_1_65' title='bbox 344 757 543 817; x_wconf 83' lang='lat' dir='ltr'>portione</span> <span class='ocrx_word' id='word_1_66' title='bbox 559 756 765 813; x_wconf 85' lang='lat' dir='ltr'>longioris</span> <span class='ocrx_word' id='word_1_67' title='bbox 792 754 928 798; x_wconf 84' lang='lat' dir='ltr'>aetatis</span> <span class='ocrx_word' id='word_1_68' title='bbox 950 753 1059 798; x_wconf 88' lang='lat' dir='ltr'>filios</span> <span class='ocrx_word' id='word_1_69' title='bbox 1086 768 1178 797; x_wconf 90' lang='lat' dir='ltr'>sera</span> <span class='ocrx_word' id='word_1_70' title='bbox 1202 753 1430 812; x_wconf 81' lang='lat' dir='ltr'>pubertate</span> <span class='ocrx_word' id='word_1_71' title='bbox 1454 752 1632 810; x_wconf 81' lang='lat' dir='ltr'>gignere</span> <span class='ocrx_word' id='word_1_72' title='bbox 1645 766 1732 795; x_wconf 89' lang='lat' dir='ltr'>coe-</span> 
     </span>
     <span class='ocr_line' id='line_1_10' title="bbox 344 822 1733 887; baseline -0.004 -16"><span class='ocrx_word' id='word_1_73' title='bbox 344 827 486 887; x_wconf 88' lang='lat' dir='ltr'>perint</span> <span class='ocrx_word' id='word_1_74' title='bbox 513 846 521 871; x_wconf 80' lang='lat'>2</span> <span class='ocrx_word' id='word_1_75' title='bbox 550 825 627 870; x_wconf 89' lang='lat' dir='ltr'>ubi</span> <span class='ocrx_word' id='word_1_76' title='bbox 642 825 834 885; x_wconf 87' lang='lat' dir='ltr'>potuerit</span> <span class='ocrx_word' id='word_1_77' title='bbox 865 823 1156 869; x_wconf 88' lang='lat' dir='ltr'>Mathusalem</span> <span class='ocrx_word' id='word_1_78' title='bbox 1180 823 1338 877; x_wconf 90' lang='lat' dir='ltr'>vivere,</span> <span class='ocrx_word' id='word_1_79' title='bbox 1366 822 1442 884; x_wconf 87' lang='lat' dir='ltr'>qui</span> <span class='ocrx_word' id='word_1_80' title='bbox 1459 822 1504 865; x_wconf 91' lang='lat' dir='ltr'>in</span> <span class='ocrx_word' id='word_1_81' title='bbox 1526 837 1622 866; x_wconf 84' lang='lat' dir='ltr'>arca</span> <span class='ocrx_word' id='word_1_82' title='bbox 1643 837 1733 867; x_wconf 90' lang='lat' dir='ltr'>non</span> 
     </span>
     <span class='ocr_line' id='line_1_11' title="bbox 345 892 1732 956; baseline -0.005 -14"><span class='ocrx_word' id='word_1_83' title='bbox 345 898 428 942; x_wconf 84' lang='lat' dir='ltr'>fuit</span> <span class='ocrx_word' id='word_1_84' title='bbox 444 933 455 953; x_wconf 94' lang='lat'>,</span> <span class='ocrx_word' id='word_1_85' title='bbox 477 898 573 956; x_wconf 85' lang='lat' dir='ltr'>qui,</span> <span class='ocrx_word' id='word_1_86' title='bbox 591 897 701 940; x_wconf 88' lang='lat' dir='ltr'>sicut</span> <span class='ocrx_word' id='word_1_87' title='bbox 722 897 766 939; x_wconf 92' lang='lat' dir='ltr'>in</span> <span class='ocrx_word' id='word_1_88' title='bbox 790 896 1007 955; x_wconf 89' lang='lat' dir='ltr'>plerisque</span> <span class='ocrx_word' id='word_1_89' title='bbox 1030 893 1254 938; x_wconf 85' lang='lat' dir='ltr'>codicibus</span> <span class='ocrx_word' id='word_1_90' title='bbox 1283 901 1326 937; x_wconf 88' lang='lat' dir='ltr'>et</span> <span class='ocrx_word' id='word_1_91' title='bbox 1347 892 1507 936; x_wconf 82' lang='lat' dir='ltr'>Graecis</span> <span class='ocrx_word' id='word_1_92' title='bbox 1539 901 1582 936; x_wconf 88' lang='lat' dir='ltr'>et</span> <span class='ocrx_word' id='word_1_93' title='bbox 1612 893 1732 936; x_wconf 85' lang='lat' dir='ltr'>Lati-</span> 
     </span>
     <span class='ocr_line' id='line_1_12' title="bbox 346 961 1733 1024; baseline -0.004 -13"><span class='ocrx_word' id='word_1_94' title='bbox 346 968 410 1012; x_wconf 88' lang='lat' dir='ltr'>nis</span> <span class='ocrx_word' id='word_1_95' title='bbox 430 975 715 1011; x_wconf 84' lang='lat' dir='ltr'>numerantur</span> <span class='ocrx_word' id='word_1_96' title='bbox 737 966 867 1020; x_wconf 88' lang='lat' dir='ltr'>anni,</span> <span class='ocrx_word' id='word_1_97' title='bbox 896 965 1109 1024; x_wconf 89' lang='lat' dir='ltr'>reperitur</span> <span class='ocrx_word' id='word_1_98' title='bbox 1131 963 1415 1022; x_wconf 86' lang='lat' dir='ltr'>supervixisse</span> <span class='ocrx_word' id='word_1_99' title='bbox 1444 961 1633 1017; x_wconf 69' lang='lat' dir='ltr'>diluvio,</span> <span class='ocrx_word' id='word_1_100' title='bbox 1664 961 1733 1006; x_wconf 90' lang='lat' dir='ltr'>vel</span> 
     </span>
     <span class='ocr_line' id='line_1_13' title="bbox 347 1033 1732 1095; baseline -0.004 -14"><span class='ocrx_word' id='word_1_101' title='bbox 347 1047 494 1082; x_wconf 87' lang='lat' dir='ltr'>utrum</span> <span class='ocrx_word' id='word_1_102' title='bbox 517 1036 814 1095; x_wconf 75' lang='lat' dir='ltr'>paucioribus,</span> <span class='ocrx_word' id='word_1_103' title='bbox 836 1036 911 1095; x_wconf 90' lang='lat' dir='ltr'>qui</span> <span class='ocrx_word' id='word_1_104' title='bbox 932 1034 1132 1079; x_wconf 89' lang='lat' dir='ltr'>rarissimi</span> <span class='ocrx_word' id='word_1_105' title='bbox 1151 1034 1451 1087; x_wconf 89' lang='lat' dir='ltr'>inveniuntur,</span> <span class='ocrx_word' id='word_1_106' title='bbox 1473 1033 1619 1092; x_wconf 90' lang='lat' dir='ltr'>potius</span> <span class='ocrx_word' id='word_1_107' title='bbox 1637 1046 1732 1077; x_wconf 88' lang='lat' dir='ltr'>cre-</span> 
     </span>
     <span class='ocr_line' id='line_1_14' title="bbox 347 1102 1727 1165; baseline -0.003 -14"><span class='ocrx_word' id='word_1_108' title='bbox 347 1106 539 1152; x_wconf 87' lang='lat' dir='ltr'>dendum</span> <span class='ocrx_word' id='word_1_109' title='bbox 561 1107 630 1160; x_wconf 88' lang='lat' dir='ltr'>sit,</span> <span class='ocrx_word' id='word_1_110' title='bbox 658 1107 703 1149; x_wconf 91' lang='lat' dir='ltr'>in</span> <span class='ocrx_word' id='word_1_111' title='bbox 725 1106 883 1165; x_wconf 86' lang='lat' dir='ltr'>quibus</span> <span class='ocrx_word' id='word_1_112' title='bbox 905 1106 962 1149; x_wconf 90' lang='lat' dir='ltr'>ita</span> <span class='ocrx_word' id='word_1_113' title='bbox 986 1114 1050 1149; x_wconf 90' lang='lat' dir='ltr'>est</span> <span class='ocrx_word' id='word_1_114' title='bbox 1071 1118 1279 1148; x_wconf 87' lang='lat' dir='ltr'>numerus</span> <span class='ocrx_word' id='word_1_115' title='bbox 1299 1102 1567 1161; x_wconf 86' lang='lat' dir='ltr'>conscriptus</span> <span class='ocrx_word' id='word_1_116' title='bbox 1585 1118 1727 1148; x_wconf 86' lang='lat' dir='ltr'>anno-</span> 
     </span>
     <span class='ocr_line' id='line_1_15' title="bbox 351 1174 1733 1233; baseline -0.004 -11"><span class='ocrx_word' id='word_1_117' title='bbox 351 1194 446 1223; x_wconf 84' lang='lat' dir='ltr'>rum</span> <span class='ocrx_word' id='word_1_118' title='bbox 460 1213 470 1233; x_wconf 91' lang='lat'>,</span> <span class='ocrx_word' id='word_1_119' title='bbox 499 1188 547 1222; x_wconf 87' lang='lat' dir='ltr'>ut</span> <span class='ocrx_word' id='word_1_120' title='bbox 570 1187 670 1222; x_wconf 86' lang='lat' dir='ltr'>ante</span> <span class='ocrx_word' id='word_1_121' title='bbox 689 1177 905 1221; x_wconf 88' lang='lat' dir='ltr'>diluvium</span> <span class='ocrx_word' id='word_1_122' title='bbox 921 1175 1154 1220; x_wconf 87' lang='lat' dir='ltr'>defunctus</span> <span class='ocrx_word' id='word_1_123' title='bbox 1170 1174 1302 1218; x_wconf 86' lang='lat' dir='ltr'>fuisse</span> <span class='ocrx_word' id='word_1_124' title='bbox 1324 1182 1605 1218; x_wconf 90' lang='lat' dir='ltr'>monstretur.</span> <span class='ocrx_word' id='word_1_125' title='bbox 1628 1174 1733 1227; x_wconf 87' lang='lat' dir='ltr'>Quis</span> 
     </span>
     <span class='ocr_line' id='line_1_16' title="bbox 349 1244 1734 1305; baseline -0.003 -13"><span class='ocrx_word' id='word_1_126' title='bbox 349 1250 463 1293; x_wconf 90' lang='lat' dir='ltr'>enirn</span> <span class='ocrx_word' id='word_1_127' title='bbox 488 1263 576 1292; x_wconf 90' lang='lat' dir='ltr'>non</span> <span class='ocrx_word' id='word_1_128' title='bbox 598 1248 753 1291; x_wconf 82' lang='lat' dir='ltr'>sentiat</span> <span class='ocrx_word' id='word_1_129' title='bbox 767 1248 812 1290; x_wconf 94' lang='lat' dir='ltr'>in</span> <span class='ocrx_word' id='word_1_130' title='bbox 825 1248 890 1291; x_wconf 87' lang='lat' dir='ltr'>his</span> <span class='ocrx_word' id='word_1_131' title='bbox 903 1256 1033 1305; x_wconf 89' lang='lat' dir='ltr'>atque</span> <span class='ocrx_word' id='word_1_132' title='bbox 1048 1247 1122 1305; x_wconf 89' lang='lat' dir='ltr'>huj</span> <span class='ocrx_word' id='word_1_133' title='bbox 1130 1261 1178 1290; x_wconf 90' lang='lat' dir='ltr'>us</span> <span class='ocrx_word' id='word_1_134' title='bbox 1191 1244 1308 1289; x_wconf 92' lang='lat' dir='ltr'>modi</span> <span class='ocrx_word' id='word_1_135' title='bbox 1325 1245 1451 1290; x_wconf 88' lang='lat' dir='ltr'>variis</span> <span class='ocrx_word' id='word_1_136' title='bbox 1467 1254 1510 1289; x_wconf 93' lang='lat' dir='ltr'>et</span> <span class='ocrx_word' id='word_1_137' title='bbox 1528 1245 1734 1288; x_wconf 91' lang='lat' dir='ltr'>innume-</span> 
     </span>
     <span class='ocr_line' id='line_1_17' title="bbox 350 1315 1730 1377; baseline -0.003 -15"><span class='ocrx_word' id='word_1_138' title='bbox 350 1318 560 1363; x_wconf 82' lang='lat' dir='ltr'>rabilibus</span> <span class='ocrx_word' id='word_1_139' title='bbox 586 1316 923 1377; x_wconf 83' lang='lat' dir='ltr'>quaestionibus,</span> <span class='ocrx_word' id='word_1_140' title='bbox 950 1317 1037 1360; x_wconf 89' lang='lat' dir='ltr'>sive</span> <span class='ocrx_word' id='word_1_141' title='bbox 1062 1315 1116 1360; x_wconf 86' lang='lat' dir='ltr'>ad</span> <span class='ocrx_word' id='word_1_142' title='bbox 1146 1316 1450 1360; x_wconf 86' lang='lat' dir='ltr'>obscurissima</span> <span class='ocrx_word' id='word_1_143' title='bbox 1482 1330 1612 1374; x_wconf 90' lang='lat' dir='ltr'>opera</span> <span class='ocrx_word' id='word_1_144' title='bbox 1638 1315 1730 1370; x_wconf 91' lang='lat' dir='ltr'>Dei,</span> 
     </span>
     <span class='ocr_line' id='line_1_18' title="bbox 350 1385 1732 1446; baseline -0.002 -14"><span class='ocrx_word' id='word_1_145' title='bbox 350 1391 437 1433; x_wconf 89' lang='lat' dir='ltr'>sive</span> <span class='ocrx_word' id='word_1_146' title='bbox 451 1389 504 1432; x_wconf 87' lang='lat' dir='ltr'>ad</span> <span class='ocrx_word' id='word_1_147' title='bbox 530 1389 852 1446; x_wconf 87' lang='lat' dir='ltr'>Scripturarum</span> <span class='ocrx_word' id='word_1_148' title='bbox 875 1386 1162 1430; x_wconf 88' lang='lat' dir='ltr'>abditissimas</span> <span class='ocrx_word' id='word_1_149' title='bbox 1185 1385 1370 1430; x_wconf 87' lang='lat' dir='ltr'>latebras</span> <span class='ocrx_word' id='word_1_150' title='bbox 1391 1385 1732 1444; x_wconf 86' lang='lat' dir='ltr'>pertinentibus,</span> 
     </span>
     <span class='ocr_line' id='line_1_19' title="bbox 350 1454 1733 1518; baseline -0.003 -16"><span class='ocrx_word' id='word_1_151' title='bbox 350 1474 455 1518; x_wconf 83' lang='lat' dir='ltr'>quas</span> <span class='ocrx_word' id='word_1_152' title='bbox 471 1467 588 1502; x_wconf 90' lang='lat' dir='ltr'>certo</span> <span class='ocrx_word' id='word_1_153' title='bbox 606 1457 753 1516; x_wconf 87' lang='lat' dir='ltr'>aliquo</span> <span class='ocrx_word' id='word_1_154' title='bbox 774 1472 929 1515; x_wconf 83' lang='lat' dir='ltr'>genere</span> <span class='ocrx_word' id='word_1_155' title='bbox 950 1456 1181 1514; x_wconf 90' lang='lat' dir='ltr'>complecti</span> <span class='ocrx_word' id='word_1_156' title='bbox 1196 1471 1244 1500; x_wconf 90' lang='lat' dir='ltr'>ac</span> <span class='ocrx_word' id='word_1_157' title='bbox 1262 1455 1445 1499; x_wconf 84' lang='lat' dir='ltr'>definire</span> <span class='ocrx_word' id='word_1_158' title='bbox 1458 1454 1635 1499; x_wconf 82' lang='lat' dir='ltr'>difficile</span> <span class='ocrx_word' id='word_1_159' title='bbox 1648 1463 1733 1510; x_wconf 89' lang='lat' dir='ltr'>est,</span> 
     </span>
     <span class='ocr_line' id='line_1_20' title="bbox 351 1524 1737 1586; baseline -0.004 -12"><span class='ocrx_word' id='word_1_160' title='bbox 351 1539 394 1574; x_wconf 87' lang='lat' dir='ltr'>ct</span> <span class='ocrx_word' id='word_1_161' title='bbox 407 1529 545 1573; x_wconf 86' lang='lat' dir='ltr'>multa</span> <span class='ocrx_word' id='word_1_162' title='bbox 562 1528 750 1586; x_wconf 84' lang='lat' dir='ltr'>ignorari</span> <span class='ocrx_word' id='word_1_163' title='bbox 766 1527 881 1572; x_wconf 90' lang='lat' dir='ltr'>salva</span> <span class='ocrx_word' id='word_1_164' title='bbox 897 1526 1129 1571; x_wconf 87' lang='lat' dir='ltr'>christiana</span> <span class='ocrx_word' id='word_1_165' title='bbox 1146 1525 1249 1580; x_wconf 84' lang='lat' dir='ltr'>fide,</span> <span class='ocrx_word' id='word_1_166' title='bbox 1266 1534 1310 1569; x_wconf 87' lang='lat' dir='ltr'>et</span> <span class='ocrx_word' id='word_1_167' title='bbox 1324 1524 1484 1570; x_wconf 88' lang='lat' dir='ltr'>alicubi</span> <span class='ocrx_word' id='word_1_168' title='bbox 1502 1526 1633 1569; x_wconf 89' lang='lat' dir='ltr'>errari</span> <span class='ocrx_word' id='word_1_169' title='bbox 1646 1525 1737 1570; x_wconf 89' lang='lat' dir='ltr'>sine</span> 
     </span>
     <span class='ocr_line' id='line_1_21' title="bbox 352 1597 1159 1659; baseline -0.004 -16"><span class='ocrx_word' id='word_1_170' title='bbox 352 1600 500 1659; x_wconf 79' lang='lat' dir='ltr'>aliquo</span> <span class='ocrx_word' id='word_1_171' title='bbox 521 1598 713 1643; x_wconf 85' lang='lat' dir='ltr'>haeretici</span> <span class='ocrx_word' id='word_1_172' title='bbox 733 1597 946 1655; x_wconf 84' lang='lat' dir='ltr'>dogmatis</span> <span class='ocrx_word' id='word_1_173' title='bbox 965 1597 1159 1641; x_wconf 88' lang='lat' dir='ltr'>crimine.</span> 
     </span>
    </p>

    <p class='ocr_par' dir='ltr' id='par_1_3' title="bbox 352 1666 1740 2495">
     <span class='ocr_line' id='line_1_22' title="bbox 410 1666 1738 1724; baseline -0.005 -11"><span class='ocrx_word' id='word_1_174' title='bbox 410 1672 619 1713; x_wconf 86' lang='lat' dir='ltr'>XXVIII.</span> <span class='ocrx_word' id='word_1_175' title='bbox 649 1667 733 1713; x_wconf 90' lang='lat' dir='ltr'>Sed</span> <span class='ocrx_word' id='word_1_176' title='bbox 755 1668 799 1712; x_wconf 87' lang='lat' dir='ltr'>in</span> <span class='ocrx_word' id='word_1_177' title='bbox 814 1683 941 1712; x_wconf 84' lang='lat' dir='ltr'>causa</span> <span class='ocrx_word' id='word_1_178' title='bbox 957 1667 1147 1712; x_wconf 89' lang='lat' dir='ltr'>duorum</span> <span class='ocrx_word' id='word_1_179' title='bbox 1170 1666 1398 1710; x_wconf 91' lang='lat' dir='ltr'>hominum</span> <span class='ocrx_word' id='word_1_180' title='bbox 1413 1699 1424 1719; x_wconf 88' lang='lat'>,</span> <span class='ocrx_word' id='word_1_181' title='bbox 1450 1679 1640 1724; x_wconf 89' lang='lat' dir='ltr'>quorum</span> <span class='ocrx_word' id='word_1_182' title='bbox 1662 1678 1738 1724; x_wconf 87' lang='lat' dir='ltr'>per</span> 
     </span>
     <span class='ocr_line' id='line_1_23' title="bbox 352 1735 1738 1797; baseline -0.006 -12"><span class='ocrx_word' id='word_1_183' title='bbox 352 1757 489 1785; x_wconf 92' lang='lat' dir='ltr'>unum</span> <span class='ocrx_word' id='word_1_184' title='bbox 511 1740 762 1785; x_wconf 87' lang='lat' dir='ltr'>venumdati</span> <span class='ocrx_word' id='word_1_185' title='bbox 788 1755 936 1784; x_wconf 90' lang='lat' dir='ltr'>sumus</span> <span class='ocrx_word' id='word_1_186' title='bbox 954 1739 1034 1783; x_wconf 88' lang='lat' dir='ltr'>sub</span> <span class='ocrx_word' id='word_1_187' title='bbox 1052 1747 1247 1797; x_wconf 86' lang='lat' dir='ltr'>peccato,</span> <span class='ocrx_word' id='word_1_188' title='bbox 1268 1751 1345 1795; x_wconf 91' lang='lat' dir='ltr'>per</span> <span class='ocrx_word' id='word_1_189' title='bbox 1361 1735 1547 1780; x_wconf 87' lang='lat' dir='ltr'>alterum</span> <span class='ocrx_word' id='word_1_190' title='bbox 1566 1735 1738 1779; x_wconf 87' lang='lat' dir='ltr'>redimi-</span> 
     </span>
     <span class='ocr_line' id='line_1_24' title="bbox 352 1807 1734 1870; baseline -0.005 -15"><span class='ocrx_word' id='word_1_191' title='bbox 352 1827 449 1855; x_wconf 91' lang='lat' dir='ltr'>mur</span> <span class='ocrx_word' id='word_1_192' title='bbox 467 1827 490 1854; x_wconf 87' lang='lat' dir='ltr'>a</span> <span class='ocrx_word' id='word_1_193' title='bbox 507 1811 716 1870; x_wconf 64' lang='lat' dir='ltr'>peccatis,</span> <span class='ocrx_word' id='word_1_194' title='bbox 740 1826 816 1869; x_wconf 88' lang='lat' dir='ltr'>per</span> <span class='ocrx_word' id='word_1_195' title='bbox 837 1824 973 1854; x_wconf 90' lang='lat' dir='ltr'>unum</span> <span class='ocrx_word' id='word_1_196' title='bbox 997 1808 1253 1868; x_wconf 85' lang='lat' dir='ltr'>praecipitati</span> <span class='ocrx_word' id='word_1_197' title='bbox 1277 1821 1424 1851; x_wconf 89' lang='lat' dir='ltr'>sumus</span> <span class='ocrx_word' id='word_1_198' title='bbox 1447 1807 1494 1850; x_wconf 90' lang='lat' dir='ltr'>in</span> <span class='ocrx_word' id='word_1_199' title='bbox 1520 1814 1704 1850; x_wconf 89' lang='lat' dir='ltr'>mortem</span> <span class='ocrx_word' id='word_1_200' title='bbox 1722 1838 1734 1859; x_wconf 96' lang='lat'>,</span> 
     </span>
     <span class='ocr_line' id='line_1_25' title="bbox 352 1875 1739 1940; baseline -0.004 -15"><span class='ocrx_word' id='word_1_201' title='bbox 352 1897 427 1940; x_wconf 84' lang='lat' dir='ltr'>per</span> <span class='ocrx_word' id='word_1_202' title='bbox 460 1882 643 1925; x_wconf 87' lang='lat' dir='ltr'>alterum</span> <span class='ocrx_word' id='word_1_203' title='bbox 672 1881 908 1924; x_wconf 84' lang='lat' dir='ltr'>liberamur</span> <span class='ocrx_word' id='word_1_204' title='bbox 939 1879 993 1923; x_wconf 85' lang='lat' dir='ltr'>ad</span> <span class='ocrx_word' id='word_1_205' title='bbox 1020 1880 1180 1936; x_wconf 80' lang='lat' dir='ltr'>vitam3</span> <span class='ocrx_word' id='word_1_206' title='bbox 1205 1892 1394 1938; x_wconf 86' lang='lat' dir='ltr'>quorum</span> <span class='ocrx_word' id='word_1_207' title='bbox 1428 1875 1499 1920; x_wconf 85' lang='lat' dir='ltr'>ille</span> <span class='ocrx_word' id='word_1_208' title='bbox 1521 1891 1599 1920; x_wconf 92' lang='lat' dir='ltr'>nos</span> <span class='ocrx_word' id='word_1_209' title='bbox 1623 1876 1667 1920; x_wconf 93' lang='lat' dir='ltr'>in</span> <span class='ocrx_word' id='word_1_210' title='bbox 1695 1889 1739 1918; x_wconf 87' lang='lat' dir='ltr'>se</span> 
     </span>
     <span class='ocr_line' id='line_1_26' title="bbox 354 1946 1740 2012; baseline -0.004 -16"><span class='ocrx_word' id='word_1_211' title='bbox 354 1953 562 2012; x_wconf 81' lang='lat' dir='ltr'>perdidit,</span> <span class='ocrx_word' id='word_1_212' title='bbox 587 1951 785 1996; x_wconf 88' lang='lat' dir='ltr'>faciendo</span> <span class='ocrx_word' id='word_1_213' title='bbox 803 1951 1073 1996; x_wconf 84' lang='lat' dir='ltr'>voluntatem</span> <span class='ocrx_word' id='word_1_214' title='bbox 1097 1965 1240 2003; x_wconf 86' lang='lat' dir='ltr'>suam,</span> <span class='ocrx_word' id='word_1_215' title='bbox 1267 1964 1355 1993; x_wconf 94' lang='lat' dir='ltr'>non</span> <span class='ocrx_word' id='word_1_216' title='bbox 1377 1949 1469 2008; x_wconf 86' lang='lat' dir='ltr'>ejus</span> <span class='ocrx_word' id='word_1_217' title='bbox 1492 1963 1515 1991; x_wconf 91' lang='lat' dir='ltr'>a</span> <span class='ocrx_word' id='word_1_218' title='bbox 1532 1962 1621 2007; x_wconf 90' lang='lat' dir='ltr'>quo</span> <span class='ocrx_word' id='word_1_219' title='bbox 1643 1946 1740 1991; x_wconf 84' lang='lat' dir='ltr'>fac--</span> 
     </span>
     <span class='ocr_line' id='line_1_27' title="bbox 357 2017 1738 2079; baseline -0.003 -13"><span class='ocrx_word' id='word_1_220' title='bbox 357 2032 423 2066; x_wconf 90' lang='lat' dir='ltr'>tus</span> <span class='ocrx_word' id='word_1_221' title='bbox 439 2032 527 2079; x_wconf 75' lang='lat' dir='ltr'>cst,</span> <span class='ocrx_word' id='word_1_222' title='bbox 552 2023 630 2067; x_wconf 89' lang='lat' dir='ltr'>iste</span> <span class='ocrx_word' id='word_1_223' title='bbox 648 2038 725 2066; x_wconf 91' lang='lat' dir='ltr'>nos</span> <span class='ocrx_word' id='word_1_224' title='bbox 742 2024 787 2066; x_wconf 91' lang='lat' dir='ltr'>in</span> <span class='ocrx_word' id='word_1_225' title='bbox 814 2037 857 2066; x_wconf 90' lang='lat' dir='ltr'>se</span> <span class='ocrx_word' id='word_1_226' title='bbox 880 2020 1018 2066; x_wconf 87' lang='lat' dir='ltr'>salvos</span> <span class='ocrx_word' id='word_1_227' title='bbox 1041 2020 1160 2074; x_wconf 85' lang='lat' dir='ltr'>fecit,</span> <span class='ocrx_word' id='word_1_228' title='bbox 1187 2035 1274 2064; x_wconf 89' lang='lat' dir='ltr'>non</span> <span class='ocrx_word' id='word_1_229' title='bbox 1302 2017 1506 2063; x_wconf 89' lang='lat' dir='ltr'>faciendo</span> <span class='ocrx_word' id='word_1_230' title='bbox 1532 2018 1738 2063; x_wconf 81' lang='lat' dir='ltr'>volunta-</span> 
     </span>
     <span class='ocr_line' id='line_1_28' title="bbox 358 2089 1740 2152; baseline -0.004 -16"><span class='ocrx_word' id='word_1_231' title='bbox 358 2103 444 2137; x_wconf 88' lang='lat' dir='ltr'>tem</span> <span class='ocrx_word' id='word_1_232' title='bbox 464 2108 601 2147; x_wconf 87' lang='lat' dir='ltr'>suam,</span> <span class='ocrx_word' id='word_1_233' title='bbox 628 2094 702 2137; x_wconf 90' lang='lat' dir='ltr'>sed</span> <span class='ocrx_word' id='word_1_234' title='bbox 725 2094 814 2152; x_wconf 85' lang='lat' dir='ltr'>ejus</span> <span class='ocrx_word' id='word_1_235' title='bbox 827 2108 850 2136; x_wconf 88' lang='lat' dir='ltr'>a</span> <span class='ocrx_word' id='word_1_236' title='bbox 872 2107 961 2152; x_wconf 90' lang='lat' dir='ltr'>quo</span> <span class='ocrx_word' id='word_1_237' title='bbox 979 2092 1131 2135; x_wconf 86' lang='lat' dir='ltr'>missus</span> <span class='ocrx_word' id='word_1_238' title='bbox 1147 2098 1210 2134; x_wconf 90' lang='lat' dir='ltr'>est</span> <span class='ocrx_word' id='word_1_239' title='bbox 1228 2091 1238 2114; x_wconf 89' lang='lat'><strong>¹</strong></span> <span class='ocrx_word' id='word_1_240' title='bbox 1261 2090 1330 2134; x_wconf 87' lang='lat' dir='ltr'>:in</span> <span class='ocrx_word' id='word_1_241' title='bbox 1348 2090 1506 2132; x_wconf 89' lang='lat' dir='ltr'>horum</span> <span class='ocrx_word' id='word_1_242' title='bbox 1523 2089 1740 2147; x_wconf 84' lang='lat' dir='ltr'>ergoduo-</span> 
     </span>
     <span class='ocr_line' id='line_1_29' title="bbox 356 2159 1735 2221; baseline -0.002 -15"><span class='ocrx_word' id='word_1_243' title='bbox 356 2179 452 2207; x_wconf 90' lang='lat' dir='ltr'>rum</span> <span class='ocrx_word' id='word_1_244' title='bbox 488 2162 717 2207; x_wconf 88' lang='lat' dir='ltr'>hominum</span> <span class='ocrx_word' id='word_1_245' title='bbox 759 2177 885 2206; x_wconf 84' lang='lat' dir='ltr'>causa</span> <span class='ocrx_word' id='word_1_246' title='bbox 920 2162 1091 2221; x_wconf 88' lang='lat' dir='ltr'>proprie</span> <span class='ocrx_word' id='word_1_247' title='bbox 1121 2159 1227 2204; x_wconf 88' lang='lat' dir='ltr'>fides</span> <span class='ocrx_word' id='word_1_248' title='bbox 1265 2159 1497 2204; x_wconf 83' lang='lat' dir='ltr'>christiana</span> <span class='ocrx_word' id='word_1_249' title='bbox 1528 2159 1735 2204; x_wconf 88' lang='lat' dir='ltr'>consistit.</span> 
     </span>
     <span class='ocr_line' id='line_1_30' title="bbox 361 2230 1740 2287; baseline -0.002 -10"><span class='ocrx_word' id='word_1_250' title='bbox 361 2238 479 2278; x_wconf 68' lang='lat' dir='ltr'>tjnns</span> <span class='ocrx_word' id='word_1_251' title='bbox 501 2243 565 2277; x_wconf 86' lang='lat' dir='ltr'>est</span> <span class='ocrx_word' id='word_1_252' title='bbox 582 2234 697 2277; x_wconf 90' lang='lat' dir='ltr'>enim</span> <span class='ocrx_word' id='word_1_253' title='bbox 730 2237 841 2277; x_wconf 89' lang='lat' dir='ltr'>Deus</span> <span class='ocrx_word' id='word_1_254' title='bbox 856 2268 866 2287; x_wconf 94' lang='lat'>,</span> <span class='ocrx_word' id='word_1_255' title='bbox 892 2243 934 2277; x_wconf 86' lang='lat' dir='ltr'>et</span> <span class='ocrx_word' id='word_1_256' title='bbox 957 2248 1071 2276; x_wconf 91' lang='lat' dir='ltr'>unus</span> <span class='ocrx_word' id='word_1_257' title='bbox 1096 2230 1308 2275; x_wconf 88' lang='lat' dir='ltr'>mediator</span> <span class='ocrx_word' id='word_1_258' title='bbox 1337 2230 1412 2274; x_wconf 93' lang='lat' dir='ltr'>Dei</span> <span class='ocrx_word' id='word_1_259' title='bbox 1450 2238 1493 2273; x_wconf 92' lang='lat' dir='ltr'>et</span> <span class='ocrx_word' id='word_1_260' title='bbox 1511 2230 1740 2274; x_wconf 86' lang='lat' dir='ltr'>hominum</span> 
     </span>
     <span class='ocr_line' id='line_1_31' title="bbox 356 2298 1739 2356; baseline -0.003 -9"><span class='ocrx_word' id='word_1_261' title='bbox 356 2305 488 2348; x_wconf 87' lang='lat' dir='ltr'>homo</span> <span class='ocrx_word' id='word_1_262' title='bbox 509 2304 705 2349; x_wconf 85' lang='lat' dir='ltr'>Christus</span> <span class='ocrx_word' id='word_1_263' title='bbox 721 2305 884 2348; x_wconf 77' lang='lat' dir='ltr'>Jesus2.</span> <span class='ocrx_word' id='word_1_264' title='bbox 903 2303 1120 2356; x_wconf 85' lang='lat' dir='ltr'>Quoniam</span> <span class='ocrx_word' id='word_1_265' title='bbox 1142 2317 1231 2345; x_wconf 89' lang='lat' dir='ltr'>non</span> <span class='ocrx_word' id='word_1_266' title='bbox 1254 2309 1318 2344; x_wconf 90' lang='lat' dir='ltr'>est</span> <span class='ocrx_word' id='word_1_267' title='bbox 1341 2298 1460 2344; x_wconf 86' lang='lat' dir='ltr'>aliud</span> <span class='ocrx_word' id='word_1_268' title='bbox 1481 2314 1642 2344; x_wconf 90' lang='lat' dir='ltr'>nomen</span> <span class='ocrx_word' id='word_1_269' title='bbox 1657 2300 1739 2344; x_wconf 89' lang='lat' dir='ltr'>sub</span> 
     </span>
     <span class='ocr_line' id='line_1_32' title="bbox 358 2369 1736 2432; baseline -0.001 -16"><span class='ocrx_word' id='word_1_270' title='bbox 358 2374 470 2417; x_wconf 88' lang='lat' dir='ltr'>coelo</span> <span class='ocrx_word' id='word_1_271' title='bbox 493 2374 646 2417; x_wconf 84' lang='lat' dir='ltr'>datum</span> <span class='ocrx_word' id='word_1_272' title='bbox 665 2374 933 2428; x_wconf 92' lang='lat' dir='ltr'>hominibus,</span> <span class='ocrx_word' id='word_1_273' title='bbox 954 2373 1000 2417; x_wconf 92' lang='lat' dir='ltr'>in</span> <span class='ocrx_word' id='word_1_274' title='bbox 1018 2388 1106 2432; x_wconf 88' lang='lat' dir='ltr'>quo</span> <span class='ocrx_word' id='word_1_275' title='bbox 1123 2379 1321 2431; x_wconf 87' lang='lat' dir='ltr'>oporteat</span> <span class='ocrx_word' id='word_1_276' title='bbox 1335 2386 1412 2414; x_wconf 91' lang='lat' dir='ltr'>nos</span> <span class='ocrx_word' id='word_1_277' title='bbox 1431 2369 1569 2414; x_wconf 85' lang='lat' dir='ltr'>salvos</span> <span class='ocrx_word' id='word_1_278' title='bbox 1586 2370 1676 2414; x_wconf 89' lang='lat' dir='ltr'>fieri</span> <span class='ocrx_word' id='word_1_279' title='bbox 1689 2372 1704 2395; x_wconf 82' lang='lat'><em>³</em></span> <span class='ocrx_word' id='word_1_280' title='bbox 1727 2387 1736 2415; x_wconf 79' lang='lat' dir='ltr'><strong><em>z</em></strong></span> 
     </span>
     <span class='ocr_line' id='line_1_33' title="bbox 359 2440 1739 2495; baseline -0.002 -8"><span class='ocrx_word' id='word_1_281' title='bbox 359 2453 402 2487; x_wconf 88' lang='lat' dir='ltr'>et</span> <span class='ocrx_word' id='word_1_282' title='bbox 424 2445 469 2487; x_wconf 88' lang='lat' dir='ltr'>in</span> <span class='ocrx_word' id='word_1_283' title='bbox 493 2443 567 2487; x_wconf 90' lang='lat' dir='ltr'>illo</span> <span class='ocrx_word' id='word_1_284' title='bbox 585 2444 782 2488; x_wconf 88' lang='lat' dir='ltr'>definivit</span> <span class='ocrx_word' id='word_1_285' title='bbox 805 2447 919 2487; x_wconf 90' lang='lat' dir='ltr'>Deus</span> <span class='ocrx_word' id='word_1_286' title='bbox 942 2443 1074 2487; x_wconf 87' lang='lat' dir='ltr'>fidem</span> <span class='ocrx_word' id='word_1_287' title='bbox 1096 2441 1299 2487; x_wconf 89' lang='lat' dir='ltr'>omnibus</span> <span class='ocrx_word' id='word_1_288' title='bbox 1316 2475 1327 2495; x_wconf 88' lang='lat'>,</span> <span class='ocrx_word' id='word_1_289' title='bbox 1350 2441 1559 2485; x_wconf 87' lang='lat' dir='ltr'>suscitans</span> <span class='ocrx_word' id='word_1_290' title='bbox 1580 2440 1702 2485; x_wconf 89' lang='lat' dir='ltr'>illum</span> <span class='ocrx_word' id='word_1_291' title='bbox 1716 2455 1739 2484; x_wconf 89' lang='lat' dir='ltr'>a</span> 
     </span>
    </p>
   </div>
   <div class='ocr_carea' id='block_1_3' title="bbox 412 2525 1306 2568">
    <p class='ocr_par' dir='ltr' id='par_1_4' title="bbox 412 2525 1306 2568">
     <span class='ocr_line' id='line_1_34' title="bbox 412 2525 1306 2568; baseline 0.001 -11"><span class='ocrx_word' id='word_1_292' title='bbox 412 2535 417 2549; x_wconf 92' lang='lat'>¹</span> <span class='ocrx_word' id='word_1_293' title='bbox 441 2529 534 2559; x_wconf 81' lang='lat' dir='ltr'>Joan.</span> <span class='ocrx_word' id='word_1_294' title='bbox 556 2538 598 2567; x_wconf 84' lang='lat' dir='ltr'>iv,</span> <span class='ocrx_word' id='word_1_295' title='bbox 617 2535 669 2559; x_wconf 79' lang='lat'>20.</span> <span class='ocrx_word' id='word_1_296' title='bbox 687 2543 729 2550; x_wconf 94' lang='lat'>—-</span> <span class='ocrx_word' id='word_1_297' title='bbox 743 2534 754 2548; x_wconf 78' lang='lat'>⁷-</span> <span class='ocrx_word' id='word_1_298' title='bbox 780 2539 790 2559; x_wconf 85' lang='lat'>1</span> <span class='ocrx_word' id='word_1_299' title='bbox 809 2527 889 2560; x_wconf 71' lang='lat' dir='ltr'>Tim,</span> <span class='ocrx_word' id='word_1_300' title='bbox 909 2539 943 2568; x_wconf 85' lang='lat' dir='ltr'>n,</span> <span class='ocrx_word' id='word_1_301' title='bbox 965 2528 996 2559; x_wconf 82' lang='grc'>5.</span> <span class='ocrx_word' id='word_1_302' title='bbox 1010 2544 1048 2551; x_wconf 89' lang='grc'>-</span> <span class='ocrx_word' id='word_1_303' title='bbox 1065 2525 1078 2550; x_wconf 82' lang='grc'>3</span> <span class='ocrx_word' id='word_1_304' title='bbox 1096 2527 1232 2564; x_wconf 78' lang='lat' dir='ltr'>Act.1v‚</span> <span class='ocrx_word' id='word_1_305' title='bbox 1256 2534 1306 2559; x_wconf 79' lang='lat'>12·</span> 
     </span>
    </p>
   </div>
  </div>
 </body>
</html>
