1784 3205
296 248 378 287 452
727 262 759 287 s.
796 259 1024 287 anensium
1058 259 1236 286 Emscori

289 325 420 379 dicat,
448 323 569 368 alteri
592 333 742 369 contra
766 325 951 369 alterum
974 324 1252 382 suffragatur,
1279 324 1380 383 quia
1402 323 1569 367 invenit
1591 322 1670 366 ali-

290 396 397 456 quid
419 396 465 439 in
487 411 668 455 persona
685 395 805 456 quod
827 396 992 440 honore
1015 395 1082 439 vel
1106 394 1378 439 miseratione
1401 395 1453 438 sit
1470 394 1668 451 dignum.

293 466 337 511 Si
360 475 504 510 autem
529 466 742 525 quispiam
764 466 872 509 duos
898 465 1056 509 habeat
1079 464 1293 509 debitores
1310 499 1321 519 ,
1351 473 1394 508 et
1420 462 1541 507 alteri
1568 462 1673 508 velit

292 536 510 580 dimittere
532 536 751 592 debitum,
779 536 963 580 alterum
985 536 1150 593 exigere
1170 556 1180 592 3
1207 536 1277 579 cui
1299 534 1391 578 vult
1414 534 1572 587 donat,
1598 532 1674 577 sed

291 608 510 651 neminem
533 606 705 652 fraudat
731 627 739 652 ;
765 622 845 651 nec
869 607 1062 665 acceptio
1085 620 1365 665 personarum
1386 603 1570 648 dicenda
1592 612 1670 657 est,

290 678 469 737 quando
488 679 694 737 iniquitas
710 678 831 723 nulla
848 688 926 723 est.
947 677 1154 737 Alioquin
1171 677 1229 721 eis
1245 677 1322 737 qui
1339 691 1491 736 parum
1511 674 1672 719 intelli-

291 758 401 808 gunt
418 783 428 803 ,
445 758 597 808 'potest
618 751 811 810 acceptio
833 763 1114 809 personarum
1140 747 1276 792 videri
1294 782 1305 803 ,
1328 747 1405 791 ubi
1426 748 1563 791 vineae
1590 746 1672 790 do-

290 820 433 864 minus
463 820 667 879 operariis
689 822 721 875 ¹,
746 821 822 879 qui
847 835 933 863 una
962 819 1068 864 hora
1090 817 1177 862 illic
1200 832 1308 877 opus
1331 817 1551 870 fecerunt,
1576 824 1673 859 tan—

288 898 382 934 tum
412 891 549 946 dedit,
580 899 795 951 quantum
819 890 905 934 illis
933 890 1008 950 qui
1036 889 1312 949 pertulerunt
1334 887 1504 947 pondus
1525 886 1610 930 diei
1631 895 1674 930 et

287 970 433 1015 aestus,
464 962 653 1021 aequales
682 962 843 1007 faciens
866 962 912 1006 in
937 961 1152 1016 mercede,
1187 975 1375 1020 quorum
1401 969 1489 1004 tam
1517 973 1673 1017 magna

287 1030 491 1075 distantia
518 1031 660 1076 fuerat
679 1034 726 1077 in
748 1032 911 1077 labore.
942 1033 1025 1077 Sed
1047 1030 1155 1091 quid
1177 1029 1399 1090 respondit
1420 1028 1474 1073 de
1496 1030 1577 1072 hac
1598 1042 1672 1073 ve-

286 1100 369 1144 luti
389 1103 641 1160 acceptione
659 1117 941 1162 personarum
960 1101 1162 1146 adversus
1179 1100 1532 1160 patremfamilias
1550 1114 1671 1144 mur-

285 1171 561 1215 murantibus
588 1191 596 1216 ε
627 1190 646 1213 «
682 1172 831 1216 Amice
851 1206 862 1226 ,
895 1173 1059 1231 inquit,
1089 1187 1177 1216 non
1204 1171 1317 1215 facio
1344 1170 1425 1214 tibi
1451 1170 1667 1229 injuriam.

286 1258 308 1282 >›
334 1244 489 1286 Nonne
512 1256 562 1285 ex
583 1240 761 1286 denario
783 1242 1021 1286 convenisti
1044 1243 1242 1285 mecum?
1263 1240 1383 1284 Tolle
1405 1240 1526 1299 quod
1546 1249 1671 1283 tuum

287 1330 307 1353 »
336 1322 423 1367 est,
444 1321 487 1356 et
504 1311 627 1357 vade.
650 1312 762 1357 Volo
780 1322 925 1357 autem
944 1321 986 1356 et
1003 1312 1106 1357 huic
1123 1311 1356 1356 novissimo
1378 1311 1480 1356 dare
1502 1311 1610 1354 sicut
1630 1319 1673 1354 et

287 1400 306 1423 »
337 1383 429 1426 tibi.
466 1385 534 1427 An
567 1398 656 1428 non
690 1382 792 1427 licet
817 1383 922 1427 mihi
951 1382 1072 1443 quod
1101 1381 1200 1427 volo
1230 1382 1400 1426 facere?
1424 1384 1492 1425 An
1520 1380 1672 1426 oculus

288 1471 307 1493 »
337 1462 436 1497 tuus
470 1468 658 1514 nequam
688 1463 767 1508 est,
803 1454 905 1514 quia
932 1468 1013 1512 ego
1047 1453 1189 1497 bonus
1223 1454 1381 1496 sum?»
1412 1454 1578 1510 Nempe
1602 1451 1672 1495 hic

289 1532 376 1567 tota
392 1524 557 1582 justitia
586 1533 649 1568 est
676 1544 685 1569 ι
709 1527 802 1569 Hoc
835 1523 965 1569 volo:
997 1524 1120 1579 Tibi,
1148 1524 1306 1583 inquit,
1339 1521 1538 1577 reddidi,
1571 1522 1672 1565 huic

286 1594 470 1651 donavi,
495 1609 638 1654 neque
660 1604 710 1638 ut
729 1596 831 1639 huic
856 1594 1082 1650 donarem,
1107 1595 1188 1638 tibi
1211 1593 1377 1654 aliquid
1399 1592 1573 1649 abstuli,
1599 1602 1672 1637 aut

283 1664 406 1723 quod
427 1664 644 1708 debebam
670 1664 739 1709 vel
767 1665 906 1709 minui
937 1665 1005 1709 vel
1025 1665 1190 1722 negavi.
1225 1667 1292 1708 An
1319 1679 1409 1708 non
1436 1664 1538 1708 licet
1565 1663 1672 1707 mihi

286 1732 426 1778 facere
453 1733 573 1794 quod
601 1733 729 1779 volo?
751 1737 819 1778 An
848 1734 1000 1779 oculus
1026 1744 1127 1778 tuus
1149 1749 1336 1793 nequam
1365 1742 1444 1788 est,
1469 1733 1571 1793 quia
1593 1747 1671 1790 ego

283 1804 425 1849 bonus
441 1806 566 1849 sum?
585 1805 705 1849 Sicut
725 1820 828 1864 ergo
845 1805 915 1849 hic
935 1804 1056 1848 nulla
1074 1814 1137 1849 est
1154 1807 1349 1863 acceptio
1365 1818 1668 1864 personarum,

284 1875 386 1933 quia
408 1876 466 1919 sic
495 1874 601 1919 alius
624 1875 753 1934 gratis
780 1875 1036 1929 honoratur,
1063 1884 1112 1920 ut
1134 1874 1242 1919 alius
1264 1874 1411 1919 debito
1436 1889 1524 1918 non
1549 1873 1669 1917 frau-

284 1944 413 1988 detur
433 1948 449 1971 ‘2
467 1966 478 2003 3
500 1945 559 1990 sic
579 1946 709 1989 etiam
731 1961 831 1990 cum
849 1946 1091 1990 secundum
1108 1945 1380 2004 propositum
1398 1943 1474 1989 Dei
1490 1952 1670 1989 vocatur

284 2014 414 2070 alius,
441 2015 548 2060 alius
569 2031 658 2061 non
681 2025 875 2071 vocatur,
900 2028 1052 2061 vocato
1074 2015 1203 2060 datur
1226 2016 1462 2074 gratuitum
1484 2015 1665 2069 bonum,

283 2087 407 2144 cujus
436 2087 540 2130 boni
567 2096 628 2130 est
654 2087 822 2131 vocatio
850 2087 940 2145 ipsa
967 2087 1256 2146 principium,
1284 2102 1373 2131 non
1401 2094 1554 2130 vocato
1575 2084 1668 2128 red-

283 2153 401 2198 ditur
416 2154 597 2210 malum,
622 2158 724 2214 quia
747 2171 896 2200 omnes
918 2156 978 2199 rei
999 2165 1100 2199 sunt
1123 2171 1171 2198 ex
1195 2171 1261 2211 eo,
1289 2155 1409 2215 quod
1431 2171 1507 2215 per
1528 2168 1666 2199 unum

283 2225 504 2269 hominem
529 2235 755 2285 peccatum
778 2227 955 2270 intravit
976 2226 1022 2270 in
1044 2226 1259 2270 mundum
1273 2228 1304 2269 3.
1331 2230 1386 2270 Et
1408 2228 1453 2270 in
1474 2226 1547 2270 illa
1569 2225 1666 2284 qui-

283 2296 381 2338 dem
411 2296 707 2354 operariorum
728 2295 1010 2340 similitudine
1029 2331 1040 2351 ,
1066 2296 1142 2340 ubi
1172 2311 1310 2340 unum
1338 2296 1564 2340 denarium
1592 2310 1666 2339 ac·-

283 2375 507 2423 ceperunt,
532 2368 608 2425 qui
630 2382 715 2410 una
738 2368 858 2421 hora,
885 2376 927 2411 et
948 2366 1025 2425 qui
1046 2365 1276 2411 duodecies
1298 2375 1469 2410 tantum
1493 2366 1666 2424 labora-

281 2445 436 2478 verunt
454 2471 464 2489 ,
491 2437 566 2495 qui
588 2438 741 2496 utique
763 2436 1002 2481 secundum
1026 2437 1211 2481 rationes
1234 2438 1467 2491 humanas,
1494 2436 1568 2480 sed
1593 2451 1664 2480 va-

284 2519 370 2559 nas,
394 2521 472 2564 pro
490 2508 730 2566 quantitate
748 2508 907 2552 laboris
924 2507 989 2551 sui
1008 2506 1239 2552 duodecim
1256 2507 1453 2551 denarios
1470 2507 1661 2566 accipere

333 2596 338 2609 ¹
373 2590 484 2621 hiatui.
506 2601 558 2631 xx,
579 2603 600 2634 9
638 2609 672 2614 —-
690 2598 701 2613 ‘1
721 2591 802 2623 lbid.
827 2592 864 2624 13
884 2597 916 2624 et
938 2602 1003 2634 seq.
1024 2609 1064 2614 —
1082 2590 1095 2614 3
1118 2595 1208 2624 Rom.
1229 2603 1296 2630 v111‚
1318 2592 1377 2631 28,
1394 2597 1475 2629 etv,
1496 2598 1546 2624 12.
