1784 3205
327 213 380 249 60
775 225 806 250 s.
845 222 1072 249 Anaus'nm
1106 222 1284 248 nmscom

384 288 504 329 XVI.
542 290 640 330 Post
659 288 750 330 haee
773 287 990 346 objectum
1013 295 1097 341 est,
1122 286 1241 346 quod
1263 284 1459 343 Pelagius
1483 285 1528 327 in
1554 283 1705 329 eodem

327 358 436 402 libro
458 358 671 416 scripserit
688 374 781 412 suo,
813 377 830 399 α
859 361 984 401 Posse
1006 358 1243 410 hominem,
1278 357 1311 400 si
1340 355 1461 410 velit,
1497 370 1586 399 esse
1617 356 1708 399 sine

326 438 518 489 peccato.
544 447 562 469 n
588 439 630 472 et
650 429 770 489 quod
791 429 982 473 scribens
1002 429 1055 472 ad
1079 427 1252 472 viduam
1277 426 1517 471 adulatorie
1535 426 1705 479 dixerit,

330 520 347 541 «
373 500 569 543 Inveniat
589 500 706 558 apud
725 509 765 543 te
787 501 938 559 pietas,
963 515 1061 560 quae
1082 513 1297 557 nusquam
1320 497 1502 550 invenit,
1528 496 1674 541 locum
1697 515 1706 540 :

327 571 517 614 inveniat
554 571 720 630 ubique
754 571 980 630 peregrina
1017 571 1061 613 in
1089 579 1131 613 te
1159 570 1304 613 sedem
1330 567 1496 628 justitia
1524 567 1710 612 :veritas

328 657 456 701 quam
477 630 567 702 jam
599 658 727 686 nemo
749 643 984 700 cognoscit,
1011 641 1243 686 domestica
1274 640 1352 684 tibi
1384 648 1425 682 et
1448 639 1583 682 amica
1605 639 1709 682 fiat:

329 721 371 756 et
387 713 456 755 lex
475 713 546 755 Dei
565 729 664 771 quae
683 714 737 756 ab
755 715 957 756 omnibus
975 727 1109 771 prope
1126 711 1376 755 hominibus
1398 710 1709 763 contemnitur,

329 800 349 827 a
377 794 416 827 te
438 782 526 826 sola
546 784 800 827 honoretur.
831 802 850 824 υ
876 786 932 826 Et
954 784 1110 825 iterum
1130 782 1330 840 adipsam
1357 799 1365 824 ι
1397 800 1414 821 «
1435 783 1472 824 Ο
1490 789 1531 823 te
1544 779 1714 824 felicem

328 863 371 898 et
392 854 582 909 beatam,
607 855 639 897 si
658 855 841 913 justitia,
865 868 964 912 quae
986 854 1028 895 in
1052 852 1164 896 coelo
1190 860 1358 896 tantum
1388 866 1476 894 esse
1497 850 1713 894 credenda

329 934 412 974 est,
439 925 554 984 apud
583 934 625 968 te
655 924 787 969 solam
820 924 1066 969 inveniatur
1088 925 1132 966 in
1164 922 1311 966 terris!
1341 941 1361 962 >›
1393 924 1450 965 Et
1478 923 1522 965 in
1549 921 1632 965 alio
1659 921 1714 965 ad

328 997 459 1053 ipsam
490 995 616 1049 libro,
642 1005 739 1054 post
763 996 1000 1039 orationem
1024 993 1198 1038 Domini
1221 1003 1263 1036 et
1300 993 1528 1037 Salvatoris
1559 992 1711 1045 nostri,

328 1067 487 1110 docens
515 1067 885 1125 quemadmodum
924 1065 1112 1108 debeant
1142 1064 1277 1108 sancti
1305 1079 1442 1117 orare,
1467 1064 1525 1106 ait
1552 1082 1560 1106 :
1592 1081 1611 1104 «
1636 1061 1714 1106 Ille

326 1136 380 1179 ad
409 1139 544 1180 Deum
570 1136 698 1193 digne
721 1136 857 1179 elevat
882 1151 1050 1189 manus,
1092 1135 1164 1178 ille
1196 1135 1433 1179 orationem
1468 1135 1582 1178 bona
1609 1149 1714 1177 con-

327 1207 503 1250 scientia
526 1206 736 1260 effundit,
771 1208 847 1266 qun
880 1215 1023 1265 potest
1051 1206 1214 1260 dicere,
1246 1208 1309 1249 Tu
1336 1206 1475 1260 nosti,
1504 1204 1710 1258 Domine,

326 1292 457 1334 quam
473 1286 648 1330 sancire,
675 1285 716 1319 et
739 1277 1008 1331 innocentes,
1034 1285 1077 1319 et
1093 1276 1269 1319 mundae
1292 1285 1392 1320 sunt
1413 1275 1467 1319 ab
1484 1275 1602 1318 omni
1627 1290 1713 1318 mo-

326 1346 445 1389 lestia
470 1356 513 1390 et
535 1347 762 1405 iniquitate
783 1356 825 1390 et
848 1347 1012 1406 rapina,
1044 1362 1151 1406 quas
1175 1346 1228 1389 ad
1257 1355 1297 1390 te
1330 1345 1515 1390 extendo
1542 1361 1711 1399 manus,

326 1417 693 1476 quemadmodum
710 1419 825 1477 justa
844 1427 886 1461 et
909 1418 1071 1461 munda
1099 1418 1229 1472 labia,
1256 1427 1299 1460 ct
1323 1418 1377 1461 ab
1399 1417 1514 1461 omni
1539 1416 1714 1460 menda-

326 1488 392 1530 cio
414 1486 564 1541 libera,
590 1488 748 1547 quibus
768 1488 905 1531 offero
931 1488 1007 1530 tibi
1030 1487 1397 1545 deprecationem,
1423 1497 1472 1530 ut
1501 1487 1608 1530 mihi
1632 1487 1713 1530 mi-

326 1559 515 1601 serearis.
545 1580 559 1597 »
587 1557 653 1601 Ad
672 1559 754 1602 hoc
769 1568 915 1602 autem
936 1557 1136 1615 Pelagius
1154 1559 1420 1616 respondens
1439 1558 1498 1601 ait
1517 1577 1525 1601 :
1551 1577 1569 1598 «
1589 1560 1715 1600 Posse

325 1628 501 1687 quidem
525 1629 745 1671 hominem
762 1629 853 1672 sine
872 1637 1050 1687 peccato
1073 1643 1177 1683 esse,
1204 1637 1247 1671 et
1276 1628 1350 1671 Dei
1381 1627 1585 1671 mandata
1621 1642 1714 1672 cus·

326 1699 479 1753 todire,
508 1700 541 1743 si
569 1700 689 1754 velit,
719 1699 905 1743 diximus
934 1715 941 1739 :
969 1700 1080 1742 hanc
1102 1699 1215 1743 enim
1243 1699 1570 1758 possibilitatem
1600 1703 1714 1743 Deus

324 1770 386 1812 illi
403 1769 538 1813 dedit.
560 1773 655 1814 Non
675 1780 819 1814 autem
843 1771 1043 1824 diximus,
1066 1770 1185 1829 quod
1203 1770 1449 1814 inveniatur
1467 1770 1638 1829 aliquis,
1661 1770 1714 1812 ab

324 1839 504 1883 infantia
535 1855 672 1898 usque
703 1841 756 1883 ad
790 1851 1003 1883 senectam
1028 1875 1039 1894 ,
1070 1842 1145 1898 qui
1181 1857 1405 1899 nunquam
1434 1841 1675 1899 peccaverit
1701 1858 1710 1884 ε

323 1909 396 1952 sed
419 1910 625 1968 quoniam
649 1926 670 1953 a
696 1911 880 1968 peccatis
908 1926 1140 1955 conversus
1156 1945 1166 1965 ,
1197 1912 1369 1969 proprio
1399 1910 1549 1955 labore
1573 1920 1615 1954 et
1636 1910 1715 1953 Dei

323 1980 456 2036 gratia
485 1981 617 2038 possit
640 1996 727 2024 esse
745 1983 836 2025 sine
855 1991 1033 2041 peccato
1052 2003 1062 2038 3
1087 1997 1166 2025 nec
1185 1997 1261 2041 per
1283 1983 1364 2026 hoc
1381 1991 1527 2026 tamen
1544 1982 1591 2025 in
1610 1996 1712 2040 pos-

325 2060 461 2093 terum
488 2051 844 2095 inconversibilis.
873 2052 1056 2112 Reliqua
1080 2068 1182 2097 vero
1200 2069 1299 2112 quae
1317 2054 1613 2112 subjecerunt,
1634 2068 1714 2096 ne-

323 2138 408 2179 quc
431 2122 475 2163 in
498 2121 616 2165 libris
632 2123 785 2165 nostris
808 2132 923 2176 sunt,
950 2138 1090 2182 neque
1116 2123 1216 2166 talia
1240 2138 1435 2182 unquam
1461 2122 1660 2166 diximus.
1690 2140 1709 2163 »

326 2193 397 2234 {iis
415 2191 572 2234 auditis
597 2192 797 2248 Synodus
821 2192 949 2236 dixit:
973 2194 1219 2246 «Quoniam
1243 2209 1373 2251 negas
1397 2202 1437 2236 te
1461 2193 1561 2236 talia
1584 2193 1714 2252 scrip-

321 2262 419 2304 sisse
439 2297 448 2315 ,
484 2263 818 2306 anathematizas
843 2263 937 2307 illos
970 2265 1046 2323 qui
1068 2265 1126 2308 sic
1151 2266 1329 2308 tenent?
1354 2283 1378 2309 n,
1401 2263 1596 2321 Pelagius
1623 2279 1713 2307 res-

322 2333 475 2390 pondit
502 2353 509 2376 ;
546 2354 563 2373 ι(
587 2335 915 2378 Anathematizo
938 2337 1059 2393 quasi
1076 2334 1248 2389 stultos,
1275 2350 1366 2378 non
1384 2334 1508 2393 quasi
1535 2334 1712 2378 haereti-

321 2417 418 2458 cos,
454 2405 486 2446 si
513 2405 689 2461 quidem
725 2421 812 2448 non
847 2414 911 2449 est
944 2405 1118 2464 dogma.
1154 2424 1173 2447 n
1213 2405 1380 2449 Deinde
1407 2405 1713 2465 judicaverunt

322 2473 512 2531 episcopi
537 2472 729 2517 dicentes
758 2494 766 2518 ;
793 2495 811 2515 «
838 2478 963 2520 Nunc
981 2477 1185 2535 quoniam
1214 2475 1387 2534 propria
1412 2490 1515 2519 voce
1531 2477 1712 2519 anathe-

324 2543 541 2587 matizavit
572 2543 767 2601 Pelagius
792 2545 1007 2589 incertum
1038 2545 1378 2606 stultiloquium,
1402 2554 1516 2591 recte
1531 2561 1711 2604 respon-
