1784 3205
327 236 409 275 414
767 244 798 272 s.
838 242 1066 271 Aucusnm
1100 244 1280 272 Emscom
1649 249 1652 270 ι

322 311 421 355 teris
455 311 720 355 Testamenti
745 325 768 354 a
799 309 987 368 peccatis
1018 306 1146 352 suisse
1178 307 1382 353 liberatos
1405 343 1415 364 ‚
1442 322 1531 352 non
1551 308 1712 352 virtute

322 382 494 440 propria
518 418 528 439 ‚
558 400 578 423 «
597 381 697 441 quia
715 378 971 424 maledictus
994 379 1132 423 omnis
1154 379 1229 438 qui
1250 394 1368 438 spem
1388 393 1510 423 suam
1527 377 1711 438 ponitin

324 470 342 493 »
364 452 541 496 homine
564 454 574 476 ¹
601 472 611 508 3
641 469 659 492 >›
686 460 728 494 et
749 451 794 493 in
816 450 898 494 hoc
923 449 1014 494 sine
1037 448 1172 493 dubio
1194 448 1428 494 maledicto
1445 458 1546 493 sunt
1570 484 1581 505 ‚
1599 463 1710 509 quos

324 523 453 566 etiam
482 522 674 566 Psalmus
701 521 872 565 divinus
901 529 1026 565 notat
1050 539 1058 565 :
1084 539 1104 562 «
1129 521 1214 573 Qui
1237 519 1466 565 confidunt
1483 520 1529 563 in
1551 520 1710 564 virtute

327 608 434 636 »sua
452 593 468 616 ²
489 611 497 636 :
522 607 601 636 nec
619 594 772 636 Vetere
797 593 1088 646 Testamento,
1104 589 1225 650 quod
1243 590 1287 633 in
1310 590 1560 634 servitutem
1581 603 1712 646 gene-

324 671 412 716 rat,
443 663 638 720 quamvis
660 670 788 705 certae
810 660 1140 720 dispensationis
1174 661 1308 719 gratia
1329 660 1537 704 divinitus
1559 658 1712 703 datum

324 731 377 774 sit
395 732 409 756 3
434 750 442 775 2
467 746 546 775 nec
583 732 671 790 ipsa
694 734 807 789 Lege
834 739 981 774 sancta
1011 740 1055 775 et
1076 731 1191 789 justa
1229 739 1271 774 et
1302 729 1435 784 bona,
1467 729 1544 773 ubi
1575 729 1710 787 scrip-

324 809 418 845 tum
440 810 504 844 est
528 820 537 845 2
563 820 583 843 «
603 804 699 846 Non
721 800 1028 860 concupisces3
1059 799 1267 860 quoniam
1293 814 1382 844 non
1406 807 1470 842 est
1491 799 1590 843 data
1613 813 1713 858 quae

324 880 467 930 posset
496 872 712 916 vivificare
734 906 745 926 ‚
786 871 861 916 sed
892 870 1252 930 praevaricationis
1280 869 1414 928 gratia
1446 869 1586 929 posita
1618 878 1709 924 est,

326 941 464 986 donec
494 943 658 987 veniret
687 958 833 987 semen
860 943 929 986 cui
952 942 1214 1002 promissum
1244 949 1308 985 est
1327 942 1342 966 ⁴
1376 959 1383 984 :
1410 940 1484 984 sed
1506 940 1713 985 liberatos

325 1026 414 1055 esse
432 1027 507 1071 per
525 1012 778 1070 sanguinem
801 1013 934 1071 ipsius
952 1012 1256 1071 Redemptoris
1275 1047 1284 1066 ‚
1312 1011 1386 1071 qui
1405 1020 1467 1055 est
1489 1025 1602 1054 unus
1620 1025 1713 1054 me-

325 1081 464 1124 diator
487 1083 562 1126 Dei
585 1092 628 1126 et
643 1083 871 1126 hominum
896 1083 1026 1126 homo
1049 1082 1248 1127 Christus
1271 1085 1394 1126 Jesus
1419 1084 1449 1125 5.
1469 1081 1544 1126 lsti
1567 1089 1714 1125 autem

325 1151 488 1193 inimici
520 1152 666 1209 gratiee
690 1152 796 1205 Dei,
822 1168 921 1211 quae
955 1152 1055 1196 data
1088 1161 1151 1196 est
1185 1151 1352 1210 pusillis
1376 1161 1419 1195 et
1450 1151 1615 1210 magnis
1640 1165 1714 1210 per

326 1222 471 1263 Jcsum
486 1221 706 1265 Christum
732 1222 963 1265 Dominum
983 1231 1196 1275 nostrum,
1222 1222 1323 1266 ideo
1341 1222 1494 1265 dicunt
1512 1220 1715 1282 antiquos

325 1290 522 1334 homines
549 1291 623 1335 Dei
649 1291 851 1349 perlectae
873 1289 1004 1335 fuisse
1023 1292 1202 1351 justitiae
1219 1326 1229 1345 ,
1256 1306 1310 1335 ne
1333 1291 1493 1336 Christi
1515 1291 1714 1335 incarna-

324 1360 457 1416 tione,
488 1361 702 1419 passione,
723 1361 1052 1417 resurrectione,
1079 1362 1201 1421 cujus
1223 1361 1309 1405 fide
1332 1360 1438 1405 salvi
1459 1359 1564 1406 facti
1593 1369 1710 1416 sunt,

324 1431 557 1475 credantur
580 1433 746 1491 eguisse
761 1433 791 1476 ⁰,

383 1505 508 1545 XIII.
542 1522 561 1544 «
588 1503 843 1562 Apostolum
880 1504 1010 1548 etiam
1034 1504 1219 1548 Paulum
1241 1539 1251 1559 ,
1276 1504 1417 1564 inquit
1436 1538 1447 1558 ‚
1465 1502 1534 1548 vel
1564 1518 1714 1547 omnes

326 1571 554 1629 Apostolos
571 1572 724 1617 dicunt
753 1589 921 1633 semper
945 1573 1229 1619 immoderata
1251 1575 1434 1619 libidine
1464 1574 1595 1619 fuisse
1622 1573 1714 1633 pol-

324 1640 454 1685 lutos.
473 1643 610 1695 »Quis
628 1643 711 1687 hoc
723 1643 791 1703 vei
800 1642 1007 1702 profanus
1026 1644 1184 1688 audeat
1207 1644 1382 1689 dicere?
1407 1644 1489 1689 Sed
1506 1644 1712 1689 nimirum

324 1710 403 1754 iste
420 1722 645 1770 propterea
670 1714 729 1758 sic
751 1713 1067 1770 calumniatur,
1100 1716 1200 1775 quia
1230 1715 1505 1760 contendunt
1526 1713 1571 1758 id
1593 1713 1714 1774 quod

324 1780 429 1826 dixit
449 1784 680 1842 Apostolus
708 1803 716 1829 :
752 1803 772 1826 «
797 1785 892 1830 Scio
915 1785 1015 1845 quia
1037 1801 1125 1830 non
1148 1786 1318 1830 habitat
1344 1787 1389 1830 in
1415 1801 1500 1841 me,
1524 1785 1609 1829 hoc
1630 1795 1709 1841 est,

327 1870 347 1894 »
365 1853 409 1896 in
424 1869 552 1898 carne
565 1870 675 1910 mea,
693 1856 884 1913 bonum3
904 1855 1017 1900 velle
1040 1856 1155 1900 enim
1179 1855 1343 1917 adjacet
1361 1856 1483 1912 mihi,
1506 1857 1712 1916 perficere

328 1942 347 1964 »
369 1933 514 1969 autem
538 1926 702 1970 bonum
719 1942 806 1970 non
824 1927 997 1971 invenio
1015 1929 1053 1986 ⁷3
1073 1945 1093 1968 »
1112 1935 1155 1971 et
1182 1936 1336 1972 caetera
1352 1927 1474 1983 talia,
1495 1943 1584 1972 non
1607 1942 1708 1972 eum

325 1993 498 2040 dixissse
520 1996 574 2039 de
599 2012 644 2040 se
665 1998 774 2056 ipso,
798 1997 873 2042 sed
898 1999 1042 2042 nescio
1065 1998 1185 2058 cujus
1208 1996 1383 2042 alterius
1402 2032 1412 2053 ‚
1438 1998 1514 2057 qui
1534 1997 1606 2041 illa
1628 2012 1706 2056 pa·

323 2072 487 2109 teretur
505 2101 515 2120 ,
539 2066 755 2111 induxisse
777 2083 1003 2126 personam
1031 2087 1039 2113 :
1060 2077 1237 2127 propter
1260 2067 1381 2129 quod
1398 2067 1519 2113 locus
1549 2068 1639 2128 ipse
1662 2069 1709 2111 in

322 2135 412 2193 ejus
445 2136 621 2194 epistola
651 2136 879 2195 diligenter
904 2136 1243 2182 considerandus
1275 2147 1319 2183 et
1346 2137 1626 2194 scrutandus,
1652 2152 1708 2182 ne

322 2205 367 2247 in
389 2206 479 2264 ejus
502 2206 644 2265 aliqua
660 2207 922 2251 obscuritate
944 2207 1166 2251 delitescat
1188 2223 1307 2252 error
1328 2209 1525 2253 istorum.
1546 2211 1707 2262 Quam-

322 2275 384 2319 vis
403 2290 502 2333 ergo
521 2276 648 2320 latius
670 2278 771 2320 hinc
785 2277 1014 2336 Apostolus
1037 2278 1256 2337 disputet,
1285 2288 1328 2322 et
1351 2294 1510 2338 magno
1533 2278 1706 2324 di‘utur-

322 2360 467 2404 noque
484 2347 692 2392 conflictu
714 2349 893 2406 gratiam
911 2347 1148 2394 defendens
1171 2348 1374 2394 adversus
1396 2365 1484 2407 eos,
1506 2350 1584 2410 qui
1607 2349 1701 2408 glo-

369 2472 378 2487 1
406 2468 523 2498 Jerem.
560 2478 635 2505 xvii,
665 2467 697 2498 5.
715 2484 747 2489 —
772 2474 785 2490 2
806 2468 884 2501 Psal.
915 2476 1024 2509 xnvm,
1051 2480 1082 2510 7.
1101 2467 1173 2492 —3
1205 2469 1272 2502 Gal.
1304 2480 1348 2511 lv,
1375 2469 1430 2512 24,
1463 2474 1497 2503 et
1526 2472 1616 2504 Rom.
1644 2478 1705 2509 vn,

324 2528 375 2552 12.
393 2519 464 2550 —4
495 2522 595 2556 Exod.
617 2533 679 2564 xx,
699 2533 730 2564 7.
752 2540 790 2547 —
809 2521 822 2546 5
850 2523 917 2557 Gal.
950 2535 996 2566 ιιι,
1033 2532 1080 2557 12.
1100 2541 1139 2548 --
1159 2522 1174 2547 6
1208 2536 1219 2557 1
1248 2523 1329 2558 Tim.
1363 2536 1411 2568 ιι,
1441 2524 1474 2557 5.
1497 2540 1539 2549 ·—-
1561 2532 1575 2559 7
1605 2526 1698 2557 Rom·

320 2574 374 2617 vii,
396 2575 447 2610 18.
