1784 3205
342 223 426 264 314
774 238 806 264 s.
843 234 1074 265 AUGUSTINI
1105 237 1286 267 13121800121

342 311 404 346 est
426 302 592 347 dictum
608 337 619 358 ,
649 321 669 346 «
698 302 851 347 Anima
872 302 927 346 de
950 303 1091 346 anima
1113 317 1206 348 mea
1225 324 1236 362 3
1266 305 1361 361 sed,
1386 321 1486 351 caro
1507 306 1563 351 de
1592 322 1718 353 carne

343 391 364 415 »
390 389 484 418 mea
510 393 519 419 ε
549 392 568 416 »
594 374 963 434 quemadmodum
991 385 1350 433 argumentantur
1378 378 1716 438 Apollinaristae,

340 444 410 489 vel
425 444 695 504 quicumque
713 454 812 489 sunt
829 444 923 500 alii,
944 445 1148 492 adversus
1164 448 1351 493 animam
1369 450 1564 508 Domini,
1588 467 1719 510 quam

341 524 570 574 propterea
592 525 771 575 negant,
799 516 900 575 quia
927 516 1132 576 scriptum
1156 517 1309 575 legunt
1329 534 1338 560 ε
1366 538 1386 561 «
1409 519 1602 564 Verbum
1622 537 1721 567 caro

344 603 364 626 »
392 584 557 630 factum
592 588 696 630 est¹.
725 604 745 627 »
773 585 816 630 Si
850 586 964 630 enim
982 595 1026 630 et
1055 587 1209 642 anima,
1241 588 1468 648 inquiunt,
1494 589 1555 633 ibi
1584 599 1717 647 esset,

340 656 496 700 debuit
530 655 639 711 dici,
684 675 704 699 «
738 657 931 700 Verbum
973 658 1106 703 homo
1142 657 1304 703 factum
1347 668 1424 704 est.
1450 678 1470 702 »
1516 659 1600 704 Sed
1633 662 1721 713 istis

339 735 567 784 propterea
589 727 763 782 dicitur,
786 729 924 772 carnis
942 729 1117 773 nomine
1133 729 1269 773 solere
1294 731 1557 790 Scripturam
1578 739 1720 776 totum

339 797 558 841 hominem
583 813 859 858 nuncupare,
894 799 1004 843 sieut
1029 800 1112 855 ibi,
1142 802 1233 844 «Et
1264 800 1427 845 videbit
1455 803 1592 846 omnis
1622 817 1721 848 caro

342 886 362 909 n
384 868 569 913 salutare
595 870 669 913 Dei
693 873 739 928 ²3
763 888 782 911 »
809 885 896 914 non
919 871 1035 914 enim
1063 886 1163 915 caro
1185 871 1275 915 sine
1307 872 1448 916 anima
1470 872 1634 932 aliquid
1655 873 1722 919 vi-

339 940 440 984 dere
466 943 628 999 potest3
651 942 774 1001 :quia
791 942 987 1001 plurimis
1015 942 1106 987 aliis
1131 953 1376 988 sanctarum
1403 945 1721 1004 Scripturarum

337 1010 466 1065 locis,
499 1027 587 1056 non
619 1013 757 1056 solum
789 1028 986 1067 carnem,
1021 1029 1173 1058 verum
1199 1015 1328 1059 etiam
1358 1016 1545 1060 animam
1567 1017 1723 1060 huma-

340 1096 463 1135 nam,
490 1081 535 1125 id
557 1090 643 1136 est,
670 1082 926 1126 rationalem
954 1084 1089 1129 inesse
1111 1085 1279 1128 homini
1301 1086 1494 1141 Christo,
1525 1087 1614 1130 sine
1635 1086 1723 1130 ulla

339 1151 622 1209 ambiguitate
643 1162 923 1198 monstratur.
946 1155 1071 1199 Unde
1090 1164 1133 1198 et
1146 1155 1216 1199 isti
1231 1190 1242 1210 ,
1266 1172 1288 1200 a
1306 1157 1465 1215 quibus
1482 1158 1722 1201 animarum

340 1237 532 1281 propago
555 1222 805 1267 defenditur
824 1259 834 1278 ‚
860 1234 1034 1284 possent
1065 1226 1258 1284 accipere
1284 1242 1307 1269 a
1329 1236 1449 1285 parte
1472 1236 1612 1271 totum
1634 1243 1724 1272 esse

339 1293 505 1337 dictum
520 1328 531 1345 ,
560 1312 580 1335 «
605 1295 663 1338 Os
689 1294 743 1338 de
765 1296 932 1339 ossibus
950 1297 1077 1351 meis,
1100 1307 1138 1339 et
1162 1311 1261 1340 caro
1284 1295 1339 1341 de
1362 1312 1491 1340 carne
1510 1299 1656 1353 mea4,
1698 1317 1718 1340 »

339 1374 388 1408 ut
411 1363 498 1408 illic
528 1364 842 1423 intelligeretur
865 1376 908 1411 et
929 1367 1088 1423 anima,
1123 1367 1496 1427 quemadmodum
1531 1369 1722 1413 Verbum

339 1450 513 1478 carnem
537 1433 697 1480 facturn
718 1452 807 1480 non
822 1438 912 1481 sine
934 1439 1076 1482 anima
1096 1439 1329 1497 accipimus
1355 1457 1363 1482 :
1390 1439 1423 1482 si
1443 1439 1723 1498 quemadmo-

340 1505 446 1549 dum
481 1505 562 1550 alia
594 1507 838 1552 testimonia
873 1507 1033 1553 docent
1067 1510 1229 1554 habere
1262 1511 1499 1554 humanam
1535 1510 1723 1555 animam

341 1576 588 1632 Christum,
614 1578 670 1622 ita
703 1587 747 1621 et
767 1579 836 1622 isti
860 1579 1077 1639 aliquibus
1111 1596 1198 1624 non
1227 1581 1442 1640 ambiguis
1470 1581 1723 1626 testimoniis

342 1649 622 1705 propaginem
658 1658 901 1694 astruerent
929 1651 1188 1694 animarum.
1228 1652 1324 1695 Pari
1358 1653 1452 1696 vice
1493 1652 1623 1710 igitur
1653 1651 1725 1697 ad-

340 1732 567 1761 monemus
601 1718 730 1762 etiam
771 1720 849 1764 hos
866 1755 877 1773 ,
925 1721 1000 1780 qui
1046 1722 1287 1765 animarum
1326 1722 1608 1781 propaginem
1646 1722 1723 1765 de·-

340 1796 535 1843 struunt,
561 1797 608 1832 ut
627 1805 758 1834 novas
776 1806 799 1834 a
822 1793 912 1835 Deo
934 1791 1099 1835 sufflari
1121 1793 1283 1836 animas
1303 1794 1428 1836 certis
1451 1792 1723 1836 documentis

341 1868 551 1917 asserant,
575 1869 617 1904 et
647 1869 752 1905 tunc
774 1861 884 1905 illud
906 1862 1025 1921 quod
1054 1863 1221 1906 dictum
1243 1872 1329 1918 est,
1358 1881 1378 1905 «
1402 1864 1460 1907 Os
1487 1878 1538 1906 ex
1559 1862 1723 1907 ossibus

345 1948 363 1971 >›
386 1931 507 1984 meis,
525 1939 568 1974 et
581 1945 681 1975 caro
694 1930 749 1975 de
766 1947 895 1976 carne
914 1948 1027 1988 mea,
1050 1951 1069 1975 »
1091 1949 1178 1977 non
1201 1934 1364 1992 tropice
1381 1949 1405 1977 a
1420 1942 1540 1992 parte
1562 1941 1720 1987 totum,

341 2009 390 2043 ut
410 2000 537 2044 simul
559 2001 826 2059 intelligatur
857 2013 900 2048 et
925 2004 1066 2048 anima
1082 2039 1093 2056 ‚
1113 2003 1188 2048 sed
1209 2005 1382 2063 proprie
1403 2003 1457 2048 de
1485 2003 1574 2049 sola
1595 2018 1723 2048 carne

341 2069 510 2114 dictum
528 2087 617 2116 esse
634 2072 888 2118 defendant.

400 2144 588 2187 XXXII.
612 2148 716 2196 Quae
737 2160 838 2188 cum
855 2146 914 2189 ita
930 2145 1037 2198 sint,
1058 2144 1185 2188 video
1202 2144 1364 2189 librum
1386 2146 1516 2190 istum
1529 2147 1619 2205 jam
1636 2161 1725 2190 esse

341 2212 651 2258 claudendum.
673 2215 828 2258 Omnia
846 2216 1008 2274 quippe
1023 2249 1034 2269 ,
1053 2230 1151 2274 quac
1169 2215 1274 2258 mihi
1290 2217 1472 2259 maxime
1489 2218 1723 2261 necessaria

342 2283 629 2337 videbantur,
663 2286 878 2341 continet,
918 2285 1075 2345 quibus
1097 2286 1141 2329 hi
1164 2286 1239 2345 qui
1269 2285 1474 2344 legerint,
1512 2287 1651 2331 sciant
1681 2302 1725 2331 se

341 2370 492 2399 cavere
519 2356 697 2410 debere,
735 2372 788 2400 ne
816 2356 917 2401 huic
947 2357 1134 2411 homini,
1166 2358 1289 2416 cujus
1323 2357 1432 2402 duos
1460 2358 1594 2403 libros
1616 2359 1722 2402 mihi

343 2425 522 2479 misisti,
542 2426 586 2468 in
608 2427 690 2470 hoc
711 2428 1004 2482 consentiant,
1026 2437 1075 2472 ut
1091 2428 1272 2472 credant
1286 2428 1447 2472 animas
1469 2429 1529 2473 sic
1550 2445 1601 2473 ex
1616 2430 1724 2475 flatu

344 2496 420 2539 Dei
444 2510 554 2550 esse,
574 2505 624 2540 ut
645 2512 734 2541 non
755 2498 840 2542 sint
863 2513 916 2542 ex
932 2497 1082 2543 nihilo.
1111 2501 1204 2543 Hoc
1228 2498 1343 2542 enim
1361 2500 1435 2558 qui
1458 2500 1618 2556 credit,
1647 2502 1723 2546 etsi

394 2588 401 2603 ¹
424 2583 516 2614 Joan.
536 2593 559 2622 1,
582 2581 631 2623 14.
649 2599 690 2606 -
704 2583 809 2616 21sai,
833 2594 885 2624 xi„
904 2584 937 2617 5.
953 2601 992 2609 --
1010 2581 1023 2605 3
1043 2585 1121 2616 Luc.
1140 2595 1192 2624 ιιι,
1209 2583 1243 2616 6.
1264 2601 1299 2606 -
1315 2583 1331 2612 4
1349 2585 1428 2615 Gen.
1452 2595 1485 2625 n,
1515 2585 1567 2617 25.
