1784 3205
273 196 356 235 374
713 211 745 235 s.
783 208 1015 234 Aruts'rnvt
1048 207 1232 234 EPISCOPI

274 273 403 316 etiam
437 288 554 316 nunc
582 272 636 316 de
664 288 754 327 me,
785 272 852 316 vel
882 264 1025 315 inme
1059 272 1353 316 facitzactum
1387 272 1498 317 illud
1527 283 1657 335 atque

274 353 537 388 transactum
563 354 641 399 est,
672 359 751 388 nec
782 358 968 403 praesens
991 343 1097 386 mibi
1119 352 1212 398 est,
1238 359 1316 387 nec
1339 359 1499 389 recens.
1529 348 1591 390 Ne
1613 346 1657 390 id

275 414 453 474 quidem
483 414 587 469 scio,
619 424 767 458 utrum
796 412 841 456 id
864 414 1048 468 scierim,
1079 413 1325 473 oblitusque
1344 415 1420 458 sim
1444 436 1454 471 3
1483 431 1537 459 an
1557 431 1659 460 vero

276 501 357 529 nec
376 494 481 529 tunc
499 485 677 544 quando
694 485 858 529 factum
877 494 956 537 est,
976 483 1022 529 id
1039 485 1197 528 sentire
1214 500 1263 529 ac
1282 501 1405 530 nosse
1421 487 1655 544 potuerim.

336 558 413 600 IX.
436 559 548 600 Ecce
565 555 712 611 modo,
735 555 865 600 modo
883 555 987 600 dum
1006 571 1154 600 sumus
1170 591 1181 611 ,
1199 555 1305 600 dum
1324 557 1506 601 vivimus
1522 592 1533 611 ,
1553 556 1660 601 dum

276 642 355 671 nos
373 626 515 669 vivere
534 626 692 670 scimus
714 663 724 682 ,
745 626 849 670 dum
869 627 1114 670 meminisse
1131 642 1209 671 nos
1229 662 1241 680 ,
1262 636 1305 670 et
1325 626 1567 686 intelligere
1587 663 1598 682 ,
1619 637 1662 672 et

277 695 388 740 velle
405 696 630 740 certissimi
648 713 811 752 sumus,
830 698 905 756 qui
920 713 997 741 nos
1015 706 1182 741 naturae
1198 706 1355 741 nostrae
1370 713 1546 755 magnos
1561 713 1662 756 cog-

278 767 439 811 nitores
469 782 558 811 esse
580 769 794 827 jactamus
813 803 823 823 ,
849 768 956 829 quid
983 769 1123 813 valeat
1157 769 1362 813 memoria
1391 778 1536 813 nostra
1557 804 1568 824 ,
1594 769 1663 814 vel

277 837 578 895 intelligentia,
612 839 677 883 vel
695 839 911 893 voluntas,
929 840 1108 884 omnino
1128 839 1356 883 nescimus.
1379 839 1553 893 Amicus
1570 840 1665 899 qui-

280 914 380 957 dam
402 929 521 958 meus
541 916 628 973 jam
651 915 754 958 inde
777 916 832 959 ab
857 915 1167 970 adolescentia,
1197 916 1439 974 Simplicius
1465 917 1661 971 nomine,

278 984 411 1027 homo
432 985 680 1030 excellentis
698 986 994 1046 mirabilisque
1020 986 1239 1030 memoriae
1256 1002 1356 1030 curn
1379 987 1666 1044 interrogatus

280 1064 389 1098 esset
412 1070 435 1097 a
453 1055 594 1110 nobis,
620 1071 729 1115 quos
757 1072 903 1100 versus
927 1056 1132 1114 Virgilius
1158 1057 1203 1099 in
1228 1058 1430 1101 omnibus
1451 1057 1573 1100 libris
1594 1073 1667 1100 su-

281 1140 357 1183 pra
380 1124 554 1169 ultimos
573 1125 741 1180 dixerit,
757 1128 982 1182 continuo,
997 1127 1208 1181 celeriter,
1229 1129 1567 1187 memoriterque
1586 1143 1669 1171 res-

281 1193 451 1253 pondit.
479 1196 764 1247 Quaesivimus
786 1198 915 1242 etiam
933 1199 1172 1256 superiores
1192 1207 1241 1241 ut
1260 1198 1440 1251 diceret,
1465 1197 1586 1241 dixit.
1614 1201 1670 1241 Et

282 1264 544 1309 credidimus
573 1281 672 1309 eum
708 1282 830 1325 posse
860 1277 1097 1311 retrorsum
1125 1268 1303 1311 recitare
1332 1268 1578 1325 Virgilium.
1610 1272 1671 1311 De

283 1351 563 1396 quocumque
578 1337 674 1382 loco
692 1338 923 1393 voluimus,
950 1340 1179 1398 petivimus
1198 1348 1246 1383 ut
1269 1339 1444 1394 faceret,
1471 1338 1587 1383 fecit.
1610 1342 1671 1382 De

285 1422 410 1466 prosa
433 1409 560 1452 etiarn
585 1410 640 1452 de
661 1426 940 1469 quacumque
964 1411 1158 1455 oratione
1176 1412 1410 1465 Ciceronis,
1432 1426 1563 1470 quam
1587 1425 1672 1453 me-

285 1479 434 1522 moriae
456 1481 852 1536 commendaverat,
869 1482 913 1526 id
931 1497 1031 1526 eum
1047 1480 1187 1526 facere
1207 1481 1436 1535 voluimus,
1457 1492 1672 1541 quantum

286 1549 502 1594 voluimus
531 1566 701 1595 sursum
728 1568 876 1597 versus
898 1562 1070 1597 secutus
1097 1563 1175 1597 est.
1209 1555 1321 1598 Cum
1343 1552 1671 1606 admiraremur,

287 1628 467 1664 testatus
484 1630 546 1665 est
561 1625 716 1677 Deum,
737 1623 919 1667 nescisse
940 1639 984 1667 se
1006 1625 1089 1667 hoc
1113 1639 1236 1682 posse
1259 1634 1359 1668 ante
1375 1623 1483 1667 illud
1504 1623 1673 1682 experi-

287 1699 485 1733 mentum
517 1710 527 1735 2
553 1692 611 1736 ita
629 1727 640 1746 ,
667 1702 883 1752 quantum
911 1693 967 1737 ad
998 1694 1249 1738 memoriam
1276 1695 1455 1747 attinet,
1490 1703 1596 1738 tunc
1631 1709 1675 1737 se

289 1760 380 1818 ejus
402 1761 572 1805 animus
594 1763 773 1819 didicit,
796 1773 837 1806 et
866 1763 1236 1823 quandocumque
1266 1763 1430 1808 discere
1445 1799 1456 1819 ,
1477 1764 1558 1807 nisi
1578 1773 1674 1808 ten-

289 1830 424 1875 tando
446 1841 489 1875 et
511 1834 771 1891 experiendo
787 1850 875 1878 non
898 1844 1054 1893 posset.
1076 1838 1132 1879 Et
1148 1836 1299 1894 utique
1321 1844 1555 1895 antequam
1577 1844 1676 1879 ten-

290 1909 416 1955 taret,
436 1902 552 1946 idem
576 1904 665 1962 ipse
687 1913 806 1961 erat3
832 1920 910 1949 cur
930 1920 975 1949 se
994 1906 1126 1963 igitur
1146 1905 1392 1949 nesciebat?

356 1979 412 2019 X.
452 1976 573 2034 Ssepe
595 1990 673 2019 nos
689 1976 990 2033 praesumimus
1009 1975 1173 2035 aliquid
1192 1977 1397 2021 memoria
1415 1984 1674 2030 retenturos,

292 2056 336 2090 et
357 2062 456 2089 cum
478 2046 523 2089 id
542 2054 759 2104 putamus,
786 2061 874 2089 non
897 2046 1146 2097 scribimus;
1175 2062 1255 2090 nec
1273 2046 1397 2091 nobis
1417 2055 1564 2106 postea
1578 2061 1678 2090 cum

292 2117 491 2161 volumus
513 2119 633 2160 venit
656 2117 699 2160 in
724 2126 931 2171 mentem,
949 2133 1114 2176 uosque
1127 2118 1311 2175 poenitet
1328 2117 1560 2161 credidisse
1575 2132 1680 2161 ven-

295 2197 457 2241 turum,
483 2187 551 2231 vel
570 2187 721 2230 litteris
739 2203 827 2231 non
854 2188 1036 2246 illigasse
1059 2202 1113 2231 ne
1134 2186 1329 2245 fugeret,
1349 2197 1392 2231 et
1409 2189 1554 2232 subito
1581 2203 1678 2231 rur-

293 2273 381 2312 sus,
411 2273 510 2302 cum
533 2257 577 2302 id
604 2273 690 2303 non
715 2273 976 2317 quaeramus,
1005 2259 1209 2302 occurrit.
1235 2257 1460 2317 Numquid
1489 2273 1567 2302 nos
1591 2274 1680 2302 non

294 2343 486 2383 eramus,
513 2328 692 2388 quando
715 2330 760 2372 id
788 2329 1088 2387 cogitabamus
1106 2350 1127 2387 3-
1147 2344 1226 2373 nec
1254 2338 1400 2372 tamen
1424 2329 1507 2373 hoc
1533 2344 1682 2374 sumus

293 2398 411 2457 quod
429 2397 605 2453 fuimus,
623 2400 799 2458 quando
814 2399 859 2444 id
873 2400 1062 2458 cogitare
1076 2415 1164 2444 non
1174 2414 1416 2459 possumus.
1435 2399 1550 2453 Quid
1560 2414 1678 2457 ergo,

293 2467 413 2527 quod
441 2469 586 2512 nescio
613 2470 835 2527 quomodo
862 2470 1161 2514 subtrahimur
1197 2484 1492 2529 negamurque
1526 2470 1679 2527 nobis,

296 2539 487 2597 itemque
505 2539 646 2583 nescio
665 2539 887 2598 quomodo
910 2540 1170 2599 proferimur
1187 2540 1240 2585 ad
1256 2555 1349 2594 nos,
1370 2540 1681 2599 reddimurque
