1804 3205
340 237 390 262 niz
424 237 557 263 ANiMx
596 238 647 264 m·
683 238 775 266 iens
809 239 1002 275 numme,
1041 240 1119 265 mn.
1160 242 1186 266 ι,
1370 224 1453 269 :30⁸9

67 316 154 346 mas
172 302 413 361 etspiritus,
430 301 503 346 sed
519 312 687 347 tautum
702 319 880 364 corpora
898 305 1124 365 utriusque
1139 320 1264 350 sexus
1281 306 1448 352 volebat

66 373 265 432 intelligi,
283 389 360 418 eur
377 374 588 418 contiuuo
606 375 851 435 subjunxit:
870 377 1055 420 «Omnia
1074 386 1219 421 autem
1236 393 1284 420 ex
1306 381 1392 422 Deo
1413 399 1451 423 z»

67 445 177 488 »nisi
192 445 294 504 quia
317 454 360 488 et
380 460 562 503 corpora
577 462 626 489 ex
652 449 739 490 Deo
757 449 774 490 Ξ)
800 450 862 490 lta
882 448 1044 507 quippe
1062 449 1142 492 ait:
1163 468 1182 490 «
1204 449 1322 493 Sicut
1339 451 1451 492 enim

66 514 254 558 »mulier
269 530 318 558 ex
340 516 455 569 viro,
477 514 534 559 ita
560 524 601 559 et
620 517 682 558 vir
704 531 781 575 per
800 517 1050 575 mulierem,
1075 519 1219 562 omnia
1241 528 1385 562 autem
1405 534 1453 563 ex

64 604 83 625 υ
100 588 201 629 Deo.
227 605 246 627 υ
265 586 407 644 Eligat
430 601 530 645 ergo
552 588 630 630 iste
647 587 764 631 unde
780 589 833 631 sit
856 590 1036 634 dietum.
1055 590 1094 634 Si
1110 589 1164 634 de
1181 590 1454 649 corporibus,

60 655 258 715 profecto
271 666 313 700 et
330 672 510 717 corpora
532 672 582 702 ex
603 661 690 702 Deo
708 668 824 703 suut.
849 661 964 713 Quid
990 669 1052 704 est
1074 676 1194 719 ergo,
1216 661 1337 720 quod
1357 662 1456 705 ubi-

60 742 249 786 cumque
271 728 350 772 iste
383 729 426 772 in
453 728 684 787 Scripturis
706 729 831 787 legit,
872 750 891 772 «
924 747 974 774 ex
1004 735 1113 785 Deo,
1147 750 1165 773 »
1193 731 1370 791 quando
1401 731 1456 776 de

60 798 311 842 hominibus
329 800 498 857 agitur,
526 815 614 844 nou
640 809 682 844 et
702 816 883 859 corpora
900 837 910 856 ,
934 801 1010 845 sed
1033 811 1203 846 tantum
1223 803 1386 846 animas
1412 812 1455 846 et

58 869 232 928 spiritus
250 869 342 914 vult
359 870 567 928 intelligi?
583 872 624 915 Si
638 886 740 915 vero
755 873 873 931 quod
896 873 1062 917 dictum
1080 893 1086 917 :
1103 874 1295 931 «Omnia
1308 882 1454 916 autem

60 954 143 983 »ex
171 943 276 993 Deo,
298 960 317 982 »
344 950 386 985 et
416 941 470 985 de
488 957 669 1001 corpore
692 943 919 1002 utriusque
940 959 1082 998 sexus,
1108 953 1152 988 et
1172 942 1227 987 de
1251 944 1391 988 anima
1411 959 1459 987 ac

55 1012 208 1070 spiritu
230 1011 397 1057 dictum
429 1022 491 1057 est
516 1033 526 1058 2
552 1014 919 1072 ergosecundum
947 1015 1090 1059 omnia
1121 1024 1184 1059 est
1212 1013 1368 1058 mulier
1402 1030 1451 1057 ex

56 1081 162 1125 viro.
188 1082 346 1126 Mulier
367 1083 483 1126 enim
497 1098 548 1126 ex
566 1085 675 1138 viro,
692 1086 756 1128 vir
779 1100 855 1144 per
878 1085 1122 1139 mulierem,
1140 1084 1284 1129 omnia
1308 1094 1454 1128 autem

55 1167 105 1196 ex
128 1156 234 1198 Deo.
261 1156 369 1207 Quae
387 1155 547 1210 omnia,
572 1156 653 1200 nisi
676 1155 731 1200 de
748 1157 910 1216 quibus
930 1157 1213 1217 loquebatur,
1239 1154 1283 1199 id
1308 1165 1387 1210 est,
1414 1165 1456 1198 et

58 1222 127 1266 ille
145 1225 209 1267 vir
228 1240 277 1267 ex
296 1240 385 1284 quo
408 1225 565 1269 mulier
581 1261 591 1280 ,
618 1235 662 1270 et
683 1226 756 1270 illa
784 1227 940 1270 mulier
963 1243 1063 1286 quac
1087 1242 1140 1271 ex
1161 1226 1252 1270 viro
1272 1261 1282 1280 ‚
1313 1234 1356 1269 et
1381 1225 1454 1268 ille

55 1293 118 1336 vir
141 1295 216 1352 qui
232 1310 308 1352 per
327 1295 554 1339 mulierem
579 1298 597 1340 P
620 1299 770 1356 Neque
793 1298 909 1340 enim
937 1296 1008 1341 ille
1025 1299 1088 1342 vir
1112 1313 1188 1357 per
1207 1296 1450 1349 mulierem,

53 1378 103 1406 ex
121 1379 208 1423 quo
227 1365 318 1408 viro
347 1365 507 1408 mulier
533 1385 540 1410 ε
577 1367 652 1410 secl
676 1368 742 1410 vir
768 1368 842 1426 qui
865 1378 993 1411 natus
1017 1377 1080 1411 est
1107 1376 1254 1426 postea
1287 1381 1336 1409 ex
1361 1366 1453 1409 viro

55 1448 130 1491 per
158 1433 386 1478 mulierem
404 1470 414 1489 ,
449 1436 824 1494 quemadmodum
852 1437 1069 1497 hodieque
1101 1445 1352 1481 nascuntur.
1391 1439 1451 1479 Ae

53 1519 130 1562 per
163 1506 245 1549 hoe
270 1507 303 1550 si
326 1521 426 1550 cum
451 1508 529 1550 ista
563 1507 728 1551 diceret
751 1508 1001 1566 Apostolus,
1027 1508 1082 1552 de
1104 1508 1358 1567 corporibus
1382 1507 1450 1551 lo-

52 1575 270 1635 quebatur
288 1611 298 1630 ,
320 1576 470 1636 procul
497 1577 635 1622 dubio
660 1593 841 1636 corpora
867 1579 1095 1638 utriusque
1117 1593 1241 1621 sexus
1268 1593 1317 1620 ex
1342 1580 1446 1621 Deo.

53 1649 187 1690 Porro
218 1647 252 1690 si
281 1662 370 1691 non
396 1647 493 1691 vult
523 1662 613 1692 esse
643 1664 694 1692 ex
727 1652 814 1693 Deo
837 1650 1066 1694 hominum
1101 1649 1182 1693 nisi
1213 1648 1377 1692 animas
1407 1658 1450 1691 et

50 1717 223 1776 spiritus
248 1739 259 1775 3
286 1717 482 1777 profecto
517 1720 648 1762 etiam
671 1719 915 1763 secundum
955 1720 1143 1762 animam
1174 1727 1216 1761 et
1247 1719 1446 1777 spiritum

51 1787 206 1832 mulier
245 1804 294 1832 ex
324 1790 437 1843 viro,
473 1799 516 1833 et
543 1789 653 1832 nibil
674 1794 765 1848 jam
802 1790 1075 1849 relinquetur
1097 1790 1176 1842 eis,
1203 1788 1444 1848 quicoutra

51 1859 292 1902 animarum
331 1860 616 1920 propaginem
647 1860 885 1919 disputant.
922 1861 963 1904 Si
999 1869 1145 1904 autem
1175 1860 1232 1903 ita
1269 1858 1439 1913 dividit,

52 1938 101 1972 ut
120 1928 235 1972 dicat
258 1929 483 1972 mulierem
507 1946 557 1972 cx
581 1931 674 1973 viro
693 1946 779 1974 esse
800 1931 1041 1975 secuudum
1066 1946 1223 1988 corpus
1244 1964 1255 1984 ,
1281 1945 1331 1972 ex
1351 1933 1438 1973 Deo

51 2010 196 2044 autem
232 2001 473 2045 secundum
508 2001 697 2044 animam
733 2010 776 2044 et
810 2002 1008 2060 spiritum
1049 2022 1060 2057 ;
1102 2000 1325 2061 quomodo
1363 2001 1442 2044 erit

51 2085 199 2115 verum
236 2071 355 2131 quod
391 2071 449 2115 ait
483 2071 715 2130 Apostolus
753 2090 761 2116 :
795 2073 952 2116 Omnia
985 2081 1130 2116 autem
1163 2087 1213 2115 ex
1251 2074 1341 2115 Deo
1362 2106 1372 2124 ,
1408 2072 1441 2114 si

50 2141 241 2185 mulieris
274 2157 431 2201 eorpus
461 2142 541 2186 ista
562 2150 624 2186 est
645 2157 695 2186 ex
714 2142 806 2186 viro
824 2177 835 2196 ,
862 2151 911 2186 ut
933 2157 1022 2186 non
1043 2142 1097 2187 sit
1118 2157 1168 2185 ex
1189 2143 1312 2186 Deo?
1329 2144 1444 2195 Qua-

51 2222 228 2271 propter
261 2222 312 2257 ut
334 2213 566 2272 Apostolus
594 2214 739 2272 potius
767 2229 918 2258 verum
951 2213 1159 2274 loquatur
1176 2248 1187 2268 ,
1212 2228 1345 2272 quam
1362 2213 1442 2255 iste

50 2282 258 2341 Apostolo
282 2282 556 2342 praeferatur,
580 2282 739 2326 mulier
761 2298 812 2326 ex
833 2283 926 2328 viro
949 2287 1034 2328 est¹
1058 2318 1068 2338 ,
1090 2284 1178 2326 sive
1196 2282 1438 2326 secundum

46 2352 188 2398 solum
218 2369 375 2413 corpus
395 2389 405 2409 ,
431 2355 519 2399 sive
549 2353 792 2398 seeundum
830 2363 993 2408 totum,
1030 2369 1119 2412 quo
1152 2361 1323 2398 constat
1355 2353 1439 2396 hu-

47 2439 175 2469 mana
196 2435 351 2470 natura
377 2445 385 2470 ε
412 2424 552 2483 (nihil
574 2425 690 2468 enim
713 2425 869 2468 horum
894 2434 1103 2484 tanquam
1126 2433 1293 2468 certum
1319 2424 1438 2467 affir-

49 2509 237 2550 mamus,
257 2496 332 2539 sed
354 2496 459 2556 quid
480 2496 639 2540 horum
660 2509 811 2539 verum
830 2495 882 2539 sit
905 2495 1048 2540 adhue
1065 2495 1301 2554 quaerimus
1323 2514 1330 2538 :
1353 2497 1370 2550 )
1391 2502 1433 2535 et

101 2586 105 2599 ³
133 2589 143 2608 ι
163 2581 234 2610 cor,
259 2590 310 2616 xv,
336 2588 383 2611 12.
