1784 3205
320 223 375 260 80
747 226 780 256 s.
816 226 1044 254 Auctis-rim
1078 224 1259 252 EPISCOPI

322 315 342 338 »
370 309 516 339 meum
544 307 711 338 servare
738 291 783 335 in
812 290 934 334 illum
962 289 1077 332 diem
1096 322 1107 342 ‚
1142 288 1186 331 id
1216 296 1278 331 ost
1297 322 1308 342 ‚
1342 286 1697 331 commendatum

324 386 341 407 »
367 367 541 409 meuml
570 382 579 408 2
607 381 627 404 »
659 377 760 406 nam
789 359 957 404 codices
987 357 1187 403 nonnulli
1223 372 1312 402 non
1340 357 1503 401 habent
1526 356 1700 416 deposi-

318 445 436 493 tum3
456 434 530 479 sed
552 432 672 493 quod
690 441 752 475 est
773 429 964 490 planius,
994 447 1014 471 «
1040 429 1409 472 commendatum.
1435 445 1454 469 »
1477 427 1593 480 Quid
1620 444 1700 472 au—

318 516 405 550 tem
427 502 756 550 commendmus
779 504 880 544 Deo.
904 499 984 543 nisi
1001 515 1100 559 quae
1119 514 1291 543 oramus
1310 508 1358 543 ut
1372 506 1526 552 servet,
1547 498 1586 541 in
1603 498 1699 558 qui·

318 577 400 620 bus
438 576 592 634 etipsa
620 583 683 617 est
704 572 811 615 fides
839 572 1015 615 nostra?
1036 572 1145 615 Nam
1181 569 1288 629 quid
1323 569 1442 613 aluid
1473 568 1702 628 apostolo²

320 651 446 691 Petro
469 645 678 690 Dominus
699 642 1022 687 commendavit
1044 641 1222 695 orando,
1247 640 1365 684 undo
1382 640 1443 683 illi
1468 640 1541 693 ait,
1567 659 1586 680 «
1609 643 1703 698 Ego

320 734 340 757 »
366 717 532 773 rogavit
550 731 628 774 pro
662 724 724 767 te,
755 716 878 757 Petre
900 747 909 766 ‚
936 727 990 755 ne
1011 711 1185 755 deficiat
1209 711 1315 754 fides
1345 713 1443 754 tua3
1467 730 1478 767 3
1512 729 1530 750 »
1554 710 1634 753 nisi
1656 718 1706 753 ut

317 788 408 846 ejus
431 789 544 829 Deus
567 792 754 829 servaret
777 783 924 836 fidem,
947 797 1001 827 ne
1015 781 1244 825 tentationi
1264 779 1460 824 cedendo
1476 779 1706 824 deficeret?

318 857 544 911 Quocirca,
566 872 591 900 o
609 856 734 899 beate
752 853 902 907 Paule,
918 867 1073 910 magne
1088 851 1236 909 gratiae
1250 850 1524 909 praedicator,
1542 850 1702 905 dicam,

318 944 398 973 nec
416 928 616 984 timeam3
640 927 762 986 (quis
785 925 899 969 enim
930 924 1035 967 mihi
1062 923 1204 966 minus
1231 921 1504 966 succensebit
1532 922 1611 966 ista
1637 921 1707 965 di-

318 1000 462 1053 centi,
492 1013 623 1058 quam
656 1007 731 1052 tu,
762 998 836 1057 qui
868 1012 916 1040 ea
947 995 1130 1039 dicenda
1162 993 1305 1037 dixisti
1332 1002 1375 1037 et
1401 991 1597 1037 docenda
1625 992 1707 1037 do-

319 1069 474 1114 cuisti?
496 1071 511 1125 )
533 1069 691 1123 dicam,
715 1069 918 1127 inquam,
955 1081 1034 1109 nec
1062 1065 1233 1108 timeam
1260 1083 1268 1108 :
1301 1062 1500 1108 redditur
1529 1062 1706 1122 quidem

319 1140 481 1184 meritis
498 1140 581 1184 tuis
603 1154 763 1184 corona
789 1154 880 1192 sua,
903 1136 976 1181 sed
997 1136 1072 1179 Dei
1095 1135 1209 1179 dona
1228 1143 1328 1178 sunt
1344 1137 1497 1178 merita
1520 1143 1608 1177 tua.

378 1212 583 1254 XXXVI.
619 1209 837 1254 Redditur
871 1222 971 1265 ergo
1008 1205 1207 1250 debitum
1237 1205 1467 1264 praemium
1499 1204 1709 1262 Apostolo

319 1279 453 1339 digno
478 1299 486 1324 ε
514 1281 588 1324 sed
611 1281 752 1339 ipsum
776 1277 1067 1338 apostolatum
1098 1275 1344 1319 indebitum
1368 1276 1501 1332 gratia
1530 1274 1710 1318 donavit

319 1350 516 1408 indigno.
549 1353 617 1394 An
639 1351 722 1394 hoc
744 1364 813 1392 me
837 1348 990 1392 dixisse
1012 1345 1271 1406 poenitebit?
1293 1345 1419 1388 Absit
1448 1363 1456 1388 :
1480 1344 1571 1403 ejus
1592 1344 1707 1386 enim

322 1416 567 1464 testimonio
591 1419 646 1462 ab
676 1420 752 1462 hae
782 1418 943 1463 invidia
969 1416 1248 1470 defensabor,
1281 1430 1361 1459 nec
1385 1430 1453 1458 me
1478 1415 1709 1474 quisquam

321 1490 494 1534 vocabit
510 1489 717 1533 audacem
737 1509 747 1546 3
769 1488 847 1532 nisi
865 1488 940 1546 qui
963 1486 1094 1530 fuerit
1112 1501 1240 1529 ausus
1258 1485 1400 1543 ipsum
1416 1499 1569 1528 vocare
1592 1499 1711 1527 men-

321 1559 488 1604 dacem.
509 1563 606 1618 Ipse
629 1558 787 1603 clamat
804 1593 814 1612 ‚
835 1558 925 1616 ipse
946 1565 1150 1609 testatur,
1184 1556 1273 1613 ipse
1294 1563 1344 1598 ut
1365 1555 1410 1597 in
1432 1569 1476 1598 se
1504 1554 1578 1597 Dei
1597 1553 1710 1598 dona

321 1629 618 1684 commendet,
653 1643 733 1672 nec
768 1629 811 1671 in
841 1642 885 1671 se
913 1627 1028 1685 ipso,
1063 1625 1138 1670 'sed
1168 1626 1212 1668 in
1241 1625 1425 1669 Domino
1455 1624 1707 1682 glorietur4‚

323 1716 413 1745 non
439 1700 580 1744 solum
617 1699 735 1743 nulla
764 1714 807 1742 se
829 1698 1032 1742 habuisse
1054 1696 1159 1741 dicit
1183 1696 1335 1740 merita
1358 1696 1488 1750 bona,
1514 1705 1562 1739 ut
1583 1711 1710 1754 apos-

324 1771 437 1815 tolus
460 1771 605 1826 fieret3
629 1770 705 1814 sed
727 1770 857 1814 etiam
880 1768 991 1812 mala
1015 1769 1167 1812 merita
1199 1782 1273 1810 sua
1296 1767 1417 1820 dicit,
1451 1776 1501 1810 ut
1519 1767 1594 1809 Dei
1612 1756 1719 1823 gra--

324 1841 427 1884 tiam
450 1840 698 1884 manifestet
720 1849 762 1882 et
784 1839 1006 1898 praedicet.
1034 1856 1053 1879 «
1077 1840 1172 1883 Non
1195 1852 1311 1891 sum,
1337 1836 1481 1896 inquit
1496 1871 1506 1890 ‚
1528 1836 1710 1880 idoneus

325 1911 511 1955 »vocari
541 1909 788 1969 apostolus⁵
813 1928 821 1953 :
850 1927 870 1950 »
897 1908 1017 1968 quod
1050 1907 1157 1966 quid
1186 1915 1249 1950 est
1285 1906 1425 1960 aliud,
1459 1921 1590 1964 quam
1622 1921 1711 1950 non

323 1995 418 2024 sum
444 1980 627 2038 dignus?
643 1995 743 2023 nam
761 1980 845 2023 hoc
861 1979 1059 2038 plerique
1073 1977 1216 2021 Latini
1230 1976 1401 2020 codices
1419 1976 1598 2020 habent.
1619 1979 1712 2020 Hoc

325 2060 388 2094 est
409 2065 566 2110 nempe
588 2050 708 2110 quod
728 2049 962 2110 quaerimus
982 2068 991 2093 ;
1018 2063 1175 2106 nempe
1197 2049 1277 2091 isto
1296 2062 1477 2091 munere
1491 2047 1710 2106 apostola—

326 2130 393 2164 tus
416 2120 500 2164 illae
523 2135 672 2164 omnes
691 2120 837 2178 gratiae
859 2119 1155 2163 continentur.
1183 2119 1277 2161 Non
1301 2118 1414 2160 enim
1436 2117 1621 2161 decebat
1638 2125 1712 2160 aut

325 2191 556 2249 oportebat
571 2190 829 2249 Apostolum
847 2188 1104 2233 nonhabere
1118 2187 1409 2246 prophetiam,
1427 2196 1502 2231 aut
1518 2203 1607 2231 non
1621 2202 1711 2232 esse

325 2260 564 2315 doctorem,
589 2269 664 2305 aut
685 2275 776 2304 non
790 2257 1282 2311 clarescerevirtutibus‚
1309 2257 1709 2317 donationibusque

325 2331 575 2385 sanitatum,
601 2341 677 2375 aut
699 2331 910 2392 adjutoria
932 2345 1021 2374 non
1048 2329 1257 2388 praebere,
1285 2337 1360 2372 aut
1383 2327 1594 2372 Ecclesias
1622 2344 1712 2372 non

326 2403 585 2462 gubernare,
607 2412 682 2447 aut
698 2401 946 2460 linguarum
963 2401 1190 2459 generibus
1205 2415 1295 2444 non
1313 2399 1534 2444 excellere.
1555 2400 1712 2444 Omnia

377 2510 384 2524 ¹
413 2514 433 2537 2
451 2506 530 2537 Tim.
551 2517 576 2543 1,
599 2516 649 2537 12.
667 2523 707 2530 -
724 2512 736 2529 ⁵
755 2506 859 2538 Forte
881 2507 920 2538 de
940 2504 1097 2547 apostolo.
1113 2501 1178 2527 -3
1197 2505 1274 2536 Luc.
1295 2513 1372 2545 xxti,
1390 2503 1443 2536 32.
1461 2520 1501 2527 —
1516 2502 1532 2533 4
1561 2513 1576 2537 1
1597 2506 1668 2536 Cor.
1686 2510 1710 2544 1,

329 2560 382 2593 31.
399 2579 438 2584 -—
454 2559 606 2602 51d.xv‚
628 2574 660 2603 9.
