1784 3205
348 225 430 265 460
794 239 826 265 s.
864 235 1093 264 Auens'mm
1126 237 1306 264 Emscom

346 319 445 347 cum
464 303 679 347 audierint
696 319 718 348 a
742 302 877 348 Paulo
894 302 1090 361 apostolo
1112 321 1120 347 ε
1145 321 1165 344 «
1185 304 1281 347 Non
1299 304 1399 362 quia
1417 303 1560 348 idonei
1579 319 1725 350 sumus

349 394 369 416 >›
396 375 584 434 cogitare
607 374 770 435 aliquid
791 374 911 434 quasi
935 389 985 417 ex
1008 373 1346 432 nobismetipsis,
1371 373 1446 417 sed
1469 375 1726 420 sullicientia

349 465 369 488 n
397 456 541 490 nostra
575 461 625 489 ex
657 449 746 490 Deo
778 448 868 488 est¹
899 464 906 489 :
937 463 955 486 »
988 453 1197 504 tanquam
1226 453 1267 487 et
1298 445 1438 503 ipsum
1469 447 1728 491 convincant

346 517 538 561 dicentes
556 552 566 571 ,
594 519 706 561 Ecce
726 516 871 559 idonei
894 530 1042 559 sumus
1067 530 1116 558 ex
1144 515 1460 574 nobismetipsis
1488 532 1727 575 praeparare

346 604 441 643 cor,
466 604 514 632 ac
536 603 611 647 per
628 589 710 632 hoc
732 596 774 631 et
796 587 900 630 boni
922 585 1086 646 aliquid
1106 586 1309 644 cogitare.
1330 587 1434 639 Quis
1457 588 1569 630 enim
1589 597 1728 646 potest

346 660 436 703 sine
464 659 578 703 bona
601 658 860 716 cogitatione
883 656 937 700 ad
957 657 1123 701 bonum
1149 671 1221 700 cor
1244 659 1515 716 praeparare‘?
1539 658 1659 702 Absit
1681 667 1729 703 ut

346 730 404 774 sic
426 729 696 787 intelligant,
716 729 796 773 nisi
823 728 996 787 superbi
1020 728 1086 772 sui
1108 727 1273 771 arbitrii
1296 726 1542 772 defensores
1559 737 1601 772 et
1629 728 1729 772 fidei

346 801 570 846 catholicae
604 800 857 845 desertores.
893 799 996 844 Ideo
1029 799 1191 860 quippe
1219 799 1433 858 Scriptum
1464 809 1526 844 est
1551 819 1559 844 :
1595 819 1614 841 «
1641 802 1729 845 Ho-

347 874 472 917 minis
495 882 557 917 est
575 888 817 932 praeparare
832 887 926 923 cor,
948 881 990 916 et
1009 888 1030 915 a
1055 871 1239 914 Domino
1258 872 1476 930 responsio
1491 871 1651 930 linguae
1674 891 1683 916 :
1704 889 1725 913 n

346 944 447 1003 quia
468 944 600 988 homo
622 952 836 1002 praeparat
859 958 933 987 cor
949 977 959 996 ‚
992 958 1081 986 non
1104 951 1248 985 tamen
1273 942 1364 985 sine
1386 941 1599 1001 adjutorio
1624 943 1726 996 Dei,

347 1014 422 1072 qui
449 1014 507 1058 sic
529 1014 669 1071 tangit
692 1029 787 1069 cor,
813 1022 862 1056 ut
882 1014 1011 1057 homo
1034 1021 1248 1071 praeparet
1269 1027 1358 1056 cor.
1382 1015 1431 1056 In
1455 1013 1731 1071 responsione

348 1094 491 1128 autem
510 1084 672 1143 linguae
688 1119 698 1138 ,
719 1085 763 1128 id
786 1094 873 1138 est,
897 1085 942 1127 in
961 1099 1011 1128 eo
1033 1084 1152 1143 quod
1175 1093 1418 1143 praeparato
1441 1084 1561 1128 cordi
1583 1083 1728 1142 lingua

348 1154 493 1198 divina
530 1154 789 1213 respondet,
818 1155 925 1198 nihil
954 1154 1094 1213 operis
1125 1155 1258 1199 habet
1289 1155 1449 1209 homo,
1481 1154 1556 1199 sed
1589 1164 1728 1200 totum

347 1234 408 1269 est
438 1241 461 1268 a
490 1226 673 1268 Domino
702 1227 806 1268 Deo.

405 1297 503 1339 XX.
540 1297 649 1339 Nam
687 1295 798 1339 sicut
837 1293 1003 1339 dictum
1033 1303 1097 1338 est
1136 1314 1143 1338 :
1184 1295 1428 1339 «Hominis
1466 1304 1529 1339 est
1563 1310 1731 1355 praepa-

348 1382 440 1411 rare
476 1381 577 1420 cor,
615 1374 657 1409 ct
694 1382 716 1410 a
751 1366 935 1410 Domino
969 1366 1188 1425 responsio
1220 1365 1382 1424 linguae
1416 1385 1424 1410 :
1456 1385 1473 1406 n
1506 1367 1565 1410 ita
1603 1367 1731 1411 etiam

347 1437 513 1481 dictum
538 1445 600 1479 est
625 1455 633 1480 :
668 1455 686 1477 «
708 1437 837 1496 Aperi
858 1451 926 1491 os,
957 1445 1000 1480 et
1025 1435 1274 1495 adimplebo
1297 1435 1405 1479 illud
1421 1439 1452 1479 ².
1483 1455 1502 1476 »
1530 1438 1730 1490 Quamvis

347 1508 461 1551 cnim
480 1507 560 1550 nisi
578 1506 811 1566 adjuvante
829 1506 919 1561 illo,
938 1508 1028 1550 sine
1046 1522 1134 1566 quo
1157 1506 1266 1550 nihil
1285 1522 1510 1566 possumus
1528 1506 1668 1551 facere
1685 1524 1731 1552 os

351 1593 434 1621 non
464 1593 690 1636 possumus
719 1578 884 1636 aperire
911 1598 919 1622 2
948 1587 1093 1621 tamen
1127 1593 1204 1622 nos
1237 1579 1453 1637 aperimus
1474 1578 1588 1622 illius
1614 1579 1729 1638 adju-

348 1658 495 1692 mento
521 1658 564 1692 et
581 1662 710 1707 opere
733 1658 903 1705 nostro,
926 1648 1077 1706 implet
1106 1657 1251 1693 autem
1274 1648 1382 1692 illud
1408 1650 1613 1693 Dominus
1642 1650 1731 1694 sine

347 1735 476 1779 opere
489 1729 649 1764 nostro.
664 1723 772 1766 Nam
787 1720 964 1780 quidest
978 1735 1219 1779 praeparare
1232 1736 1321 1768 cor,
1339 1730 1382 1764 et
1397 1737 1442 1765 os
1452 1722 1632 1780 aperire,
1650 1722 1729 1766 nisi

346 1790 616 1834 voluntatem
653 1791 832 1849 parare?
870 1792 925 1834 Et
948 1799 1090 1833 tamen
1119 1790 1164 1833 in
1192 1790 1351 1834 eisdem
1376 1790 1527 1835 litteris
1554 1792 1725 1849 legitur.

351 1881 369 1903 «
397 1865 668 1920 Praeparatur
701 1861 902 1905 voluntas
934 1877 956 1905 a
988 1861 1171 1905 Domino
1195 1863 1209 1886 ³
1234 1881 1241 1905 :
1271 1880 1290 1902 »
1317 1870 1359 1904 et
1386 1880 1394 1906 :
1434 1881 1453 1902 «
1479 1863 1612 1906 Labia
1635 1878 1728 1906 mea

351 1952 368 1973 »
396 1933 573 1991 aperies,
601 1941 643 1975 et
662 1948 707 1976 os
730 1947 874 1976 meum
895 1932 1170 1975 annuntiabit
1192 1930 1366 1975 laudem
1390 1941 1508 1976 tuam
1524 1935 1554 1976 4.
1575 1951 1594 1974 η
1616 1936 1728 1977 Ecce

347 2006 460 2046 Deus
494 2003 722 2057 admonet,
753 2011 802 2047 ut
830 2018 1123 2063 praeparemus
1154 2002 1423 2047 voluntatem
1452 2003 1497 2046 in
1525 2019 1575 2048 eo
1608 2005 1728 2064 quod

346 2075 527 2132 legimus
555 2094 563 2119 z
593 2094 612 2116 «
640 2076 836 2119 Hominis
868 2085 930 2119 est
958 2091 1199 2135 prseparare
1227 2091 1300 2120 cor
1330 2092 1338 2116 ε
1375 2094 1394 2116 »
1432 2085 1474 2119 et
1510 2085 1653 2120 tamen
1677 2086 1727 2120 ut

345 2146 427 2189 hoc
452 2144 580 2188 faciat
601 2146 754 2199 homo,
782 2145 957 2205 adjuvat
978 2150 1113 2203 Deus,
1147 2148 1247 2206 quia
1270 2156 1536 2206 praeparatur
1567 2146 1725 2192 volun-

344 2225 405 2259 tas
430 2231 450 2258 a
480 2215 680 2259 Domino.
708 2218 789 2271 Et,
822 2216 951 2274 Aperi
975 2232 1045 2270 os,
1080 2216 1499 2276 itakdicitjubendo,
1526 2227 1574 2261 ut
1598 2233 1725 2263 nemo

340 2285 471 2344 possit
504 2285 584 2328 nisi
617 2285 705 2344 ipse
739 2285 782 2328 id
811 2284 938 2330 faciat
971 2285 1238 2345 adjuvando,
1263 2287 1332 2330 cui
1351 2286 1524 2342 dicitur,
1555 2307 1573 2329 «
1593 2288 1724 2333 Labia

343 2374 362 2395 »
387 2371 481 2399 mea
497 2355 673 2414 aperies.
693 2374 710 2396 n
737 2356 960 2416 Numquid
984 2358 1160 2401 istorum
1182 2357 1313 2417 aliqui
1337 2358 1392 2401 ita
1416 2358 1651 2416 desipiunt,
1678 2369 1726 2403 ut

342 2424 461 2468 aliud
484 2441 528 2469 os
550 2461 560 2479 ,
588 2425 707 2469 aliud
739 2426 852 2470 labia
882 2442 971 2471 esse
1001 2428 1282 2482 contendant,
1316 2438 1357 2472 et
1391 2428 1574 2473 mirabili
1602 2431 1725 2474 vani-

389 2534 395 2549 ¹
417 2535 436 2559 ‘2
465 2529 538 2561 Cor.
558 2539 602 2570 iu,
627 2529 655 2561 5.
678 2545 708 2551 —
724 2535 734 2551 2
757 2530 835 2562 Psal.
860 2541 950 2569 max,
975 2542 1025 2562 11.
1046 2548 1083 2554 ..-
1105 2529 1223 2563 3Prov.
1243 2542 1312 2568 vin,
1331 2532 1424 2572 juxta
1443 2533 1544 2565 Lxx.
1559 2531 1624 2562 -4
1644 2530 1722 2565 Psal-

339 2593 370 2623 ι,
394 2594 442 2626 ¹7·
