1804 3205
446 214 523 238 ιω.
562 214 588 238 ι.
627 214 678 239 m:
711 212 865 241 ‹znA'riA
898 216 1077 243 eiiitts'in.
1375 208 1443 246 ¹41

67 276 142 334 qui
160 276 289 318 nimia
312 276 512 319 vitiorum
537 278 854 321 consuetudine
878 278 998 322 velut
1021 277 1209 338 quadam
1235 289 1452 326 teneretur

67 346 316 390 necessitate
334 346 561 406 peccandi,
588 357 630 391 et
652 350 846 406 quamvis
866 350 1029 394 bonum
1052 359 1274 409 appeteret
1292 353 1450 396 volun-

67 425 168 469 tate,
195 433 274 461 usu
295 427 439 462 tamen
463 418 806 477 praecipitaretur
829 420 871 464 in
892 420 1066 464 malum.
1101 423 1149 464 In
1175 436 1355 480 persona
1380 439 1453 466 au·

64 494 168 541 tem,
189 487 346 547 inquit,
374 488 560 533 hominis
583 489 726 543 unius,
754 490 950 548 designat
973 490 1186 550 populum
1213 493 1293 536 sub
1308 502 1451 537 vetere

62 557 206 602 adhuc
227 562 335 617 Lege
352 569 599 618 peccantem
628 581 638 617 3
659 576 788 620 quem
807 562 862 605 al)
882 563 963 607 hoc
989 562 1316 607 consuetudinis
1339 564 1452 609 malo

60 626 167 672 dicit
183 627 460 673 liberandum
483 645 572 674 esse
595 646 671 689 per
692 631 913 675 Christum
935 667 946 686 ‚
972 633 1048 691 qui
1069 632 1348 677 credentibus
1370 635 1451 677 sibi

61 698 201 756 primo
218 700 361 744 omnia
385 715 460 758 per
475 700 737 759 baptismum
756 712 929 760 peccata
954 702 1150 757 dimittit,
1171 702 1327 747 deinde
1352 704 1451 747 imi-

61 769 223 814 tatione
246 771 310 814 sui
332 770 386 814 ad
410 771 647 830 perfectam
674 773 822 816 incitat
843 774 1114 817 sanctitatem
1139 809 1149 828 ,
1178 784 1221 818 et
1245 774 1451 819 vitiorum

57 840 420 884 consuetudinem
449 842 661 886 virtutum
686 843 820 886 vincit
854 844 1052 902 exemplo
1093 847 1122 887 ¹.
1152 862 1170 884 »
1199 847 1310 888 Ecce
1339 861 1451 904 quo-

58 912 190 954 modo
207 911 302 955 vult
319 912 500 970 intelligi
523 912 715 971 adjuvari
733 929 821 968 eos,
847 914 922 973 qui
942 915 1023 956 sub
1041 917 1154 972 Lege
1177 924 1374 972 peccant,
1402 926 1451 959 ut

58 996 134 1040 per
156 982 332 1038 gratiam
350 982 506 1026 Christi
524 983 750 1040 justificati
768 982 1025 1036 liberentur,
1054 993 1261 1043 tanquam
1281 985 1340 1028 eis
1360 1000 1448 1030 non

56 1053 242 1096 sullieiat
270 1052 359 1096 sola
391 1055 492 1107 LeX,
521 1062 698 1111 propter
728 1053 903 1098 nimiam
931 1054 1140 1112 peccandi
1163 1056 1449 1100 consuetudi-

57 1138 156 1166 nem
181 1158 192 1176 ,
220 1123 302 1167 nisi
332 1123 492 1168 Christi
522 1125 724 1177 accedat,
760 1140 846 1168 non
877 1124 1102 1184 inspiratio
1129 1126 1348 1170 charitatis
1371 1142 1448 1185 per

59 1193 266 1251 Spiritum
291 1203 488 1237 sanetum
509 1228 519 1248 ,
545 1194 619 1238 sed
642 1193 905 1238 intuendum
930 1204 972 1238 et
994 1195 1253 1239 imitandum
1278 1197 1322 1239 in
1347 1196 1449 1241 doc-

55 1263 168 1308 trina
185 1264 432 1322 evangeliea
455 1264 626 1308 virtutis
648 1265 738 1323 ejus
757 1264 1019 1323 exemplum.
1044 1268 1098 1308 Et
1120 1275 1235 1309 certe
1262 1267 1447 1310 maxima

56 1332 126 1377 hic
156 1343 246 1378 erat
279 1349 406 1378 causa
439 1333 739 1393 exprimendi,
774 1349 906 1393 quam
934 1334 1096 1378 diceret
1126 1338 1329 1392 gratiam,
1370 1337 1446 1379 ubi

56 1402 200 1447 locum
223 1404 364 1463 ipsum
387 1404 441 1448 de
458 1419 547 1464 quo
569 1404 831 1463 respondet,
865 1404 925 1447 sic
948 1405 1160 1448 conclusit
1182 1405 1415 1463 Apostolus
1432 1441 1443 1460 ,

56 1483 103 1518 ut
127 1473 288 1518 diceret
315 1492 323 1518 :
354 1492 373 1515 «
400 1472 552 1518 Infelix
575 1489 655 1530 ego
680 1474 828 1527 homo,
857 1474 954 1533 quis
972 1489 1040 1517 me
1057 1474 1259 1519 liberabit
1274 1474 1328 1518 de
1350 1491 1446 1520 cor-

57 1564 76 1586 »
104 1560 207 1603 pore
222 1545 370 1589 mortis
393 1545 524 1605 hujus
546 1547 563 1586 ‘l
586 1545 732 1589 Gratia
756 1545 832 1589 Dei
850 1560 926 1603 per
947 1548 1095 1589 Jesum
1118 1546 1339 1590 Christum
1366 1550 1446 1591 Do-

56 1634 76 1657 »
103 1617 270 1660 minum
303 1624 500 1660 nostrum
528 1618 558 1658 ².
584 1634 603 1657 »
632 1618 753 1659 Hanc
783 1616 862 1660 iste
885 1631 984 1660 cum
1004 1617 1261 1670 constituat,
1289 1634 1379 1662 non
1402 1619 1445 1661 in

52 1687 222 1730 virtutis
239 1688 332 1747 ejus
351 1687 525 1739 auxilio,
542 1685 617 1730 sed
638 1687 889 1730 imitationis
907 1686 1121 1746 exemplo,
1139 1686 1245 1747 quid
1260 1688 1444 1747 amplius

52 1757 107 1801 de
136 1756 210 1800 illo
237 1772 407 1816 sperare
437 1756 672 1811 debemus,
700 1757 967 1816 ubicumque
991 1757 1141 1816 gratiae
1174 1773 1333 1802 nomen
1363 1759 1444 1802 sul)

54 1828 254 1886 ambigua
278 1827 556 1885 generalitate
583 1836 896 1871 commemorat
917 1829 935 1870 P

101 1900 257 1942 XLIV.
273 1901 382 1941 Item
393 1899 437 1940 in
449 1897 600 1940 eodem
619 1897 731 1941 libro
742 1897 796 1940 ad
808 1898 1019 1961 virginem
1036 1913 1213 1950 sacram,
1226 1898 1343 1942 unde
1353 1901 1444 1959 jam

53 1970 181 2014 etiam
201 1984 330 2027 supra
345 1967 636 2021 disseruimus,
658 1968 733 2011 ubi
752 1969 810 2011 ait
827 1986 864 2010 z«
882 1967 1197 2012 Subditisimus
1213 1972 1316 2022 Deo,
1336 1970 1442 2028 ejus·

51 2057 137 2100 que
159 2041 359 2085 faciendo
382 2039 651 2083 voluntatem
674 2073 684 2092 ,
708 2038 899 2083 divinam
918 2054 1161 2082 mereamur
1178 2041 1379 2097 gratiam,
1402 2050 1446 2085 et

51 2112 218 2157 facilius
232 2126 418 2172 nequam
431 2110 617 2169 spiritui,
630 2110 765 2154 saneti
781 2110 963 2169 Spiritus
976 2111 1135 2156 auxilio
1150 2111 1410 2156 resistamus.
1421 2131 1440 2153 »

55 2186 103 2227 In
121 2183 280 2243 quibus
302 2183 394 2242 ejus
416 2181 557 2225 verbis
580 2190 696 2224 certe
721 2180 997 2225 manifestum
1020 2190 1097 2236 est,
1123 2182 1181 2225 ita
1204 2197 1302 2225 eum
1329 2181 1443 2226 velle

51 2270 128 2299 nos
146 2254 338 2314 adjuvari
356 2255 489 2311 gratia
507 2254 691 2312 Spiritus
709 2254 860 2307 saneti,
873 2269 960 2298 non
982 2255 1083 2314 quia
1107 2254 1199 2297 sine
1217 2253 1292 2298 illo
1312 2255 1442 2298 etiam

50 2340 126 2384 per
154 2324 289 2369 solam
319 2333 486 2368 naturae
520 2322 851 2383 possibilitatem
874 2339 963 2368 non
995 2339 1222 2382 possumus
1246 2324 1441 2368 resistere
1489 2366 1496 2374 ,

99 2449 106 2466 ¹
131 2444 207 2476 Vide
224 2443 280 2475 lib.
306 2455 318 2475 1
346 2446 458 2475 contra
481 2442 557 2474 duas
584 2441 739 2483 Epistolas
759 2440 890 2481 Pelagii,
912 2452 983 2483 cap.
1009 2442 1043 2479 8,
1072 2445 1183 2473 contra
1203 2441 1318 2474 Julian.
1340 2441 1396 2473 lil».
1419 2453 1444 2473 11

52 2510 124 2542 cap.
155 2499 173 2530 3
188 2524 196 2540 ,
217 2499 234 2540 4
251 2524 258 2539 ,
279 2499 317 2540 5,
335 2499 369 2539 8,
396 2502 429 2530 et
451 2497 506 2529 lib.
527 2498 567 2530 de
583 2497 863 2530 Praedestinatione
883 2498 1085 2538 Sanctorum,
1105 2507 1177 2539 cap.
1202 2496 1234 2538 4.
1249 2513 1290 2520 -
1306 2503 1318 2519 ²
1345 2498 1438 2528 Rom.

55 2566 115 2596 vu,
137 2554 190 2596 24.
