1784 3205
333 228 415 267 224
769 245 800 265 s.
839 238 1066 266 annosum
1102 239 1279 266 muscori

330 306 433 349 inde
465 306 509 349 in
538 305 678 350 oleam
705 305 838 364 gratia
872 304 1016 349 divina
1047 305 1276 360 convertit,
1306 303 1365 348 ibi
1389 305 1542 349 vitium
1565 305 1718 364 primae

331 376 583 431 nativitatis,
615 375 736 437 quod
759 384 849 419 erat
873 373 1080 432 originale
1100 384 1328 434 peccatum
1350 374 1405 419 de
1431 375 1591 419 carnali
1613 391 1718 420 con-

331 447 596 507 cupiscentia
620 447 866 492 traductum
893 455 936 490 et
956 445 1247 491 attraductum
1264 481 1274 501 ,
1303 446 1572 501 remittatur,
1599 456 1719 505 tega-

329 527 418 574 tur,
439 534 528 564 non
546 519 786 579 imputetur
804 536 813 563 :
844 517 946 562 insit
970 525 1113 562 tamen
1131 553 1141 573 ,
1162 519 1282 562 unde
1300 517 1482 562 oleaster
1499 526 1716 572 nascatur,

331 588 412 633 nisi
434 598 477 632 et
498 590 588 648 ipse
611 589 657 633 in
678 588 818 633 oleam
840 587 991 632 eadem
1017 588 1151 647 gratia
1176 596 1439 632 renascatur.

390 661 642 704 XXXVIII.
678 662 807 704 Beata
837 658 985 719 itaque
1013 659 1122 710 olea,
1156 660 1276 718 cujus
1301 659 1486 703 remissae
1509 667 1611 702 sunt
1635 658 1719 702 ini-

330 729 547 789 quitates,
582 739 625 775 et
659 731 783 790 cujus
820 738 935 774 tecta
968 738 1070 774 sunt
1104 738 1277 789 peccata
1301 749 1309 773 :
1335 729 1459 773 beata
1479 764 1489 784 ,
1524 729 1594 772 cui
1632 743 1719 773 non

329 800 561 860 imputavit
582 801 793 846 Dominus
816 809 1044 860 peccatum
1062 803 1092 844 ¹.
1120 799 1203 845 Sed
1224 799 1335 844 illud
1358 799 1477 859 quod
1497 800 1720 844 remissum

329 877 540 916 tetectum
558 881 622 916 est
638 881 681 916 et
695 887 785 917 non
804 872 1062 932 imputatur,
1085 870 1225 916 donec
1246 872 1322 915 fiat
1343 871 1388 914 in
1410 880 1616 915 aeternam
1637 871 1721 914 im-

330 943 638 988 mortalitatem
660 944 787 1004 plena
810 944 996 988 mutatio
1018 979 1028 998 ,
1052 943 1185 987 habet
1208 943 1295 988 vim
1320 943 1553 1003 quamdam
1581 942 1721 987 occul-

329 1022 418 1058 tam
435 1049 446 1069 ,
475 1015 594 1059 unde
619 1015 855 1059 seminetur
878 1029 1049 1058 amarus
1072 1014 1270 1068 oleaster,
1296 1013 1376 1057 nisi
1399 1022 1443 1057 et
1463 1012 1550 1057 illic
1571 1012 1723 1057 eadem

327 1085 407 1128 Dei
435 1085 699 1144 agricultura
728 1085 991 1140 remittatur,
1021 1093 1210 1144 tegatur,
1241 1100 1330 1128 non
1350 1084 1606 1143 imputetur.
1626 1087 1724 1129 Non

329 1157 411 1200 erit
431 1166 578 1202 autem
600 1157 779 1202 omnino
802 1157 969 1217 aliquid
991 1156 1060 1202 vel
1078 1158 1121 1200 in
1140 1156 1301 1201 carnali
1322 1157 1483 1200 semine
1501 1157 1722 1211 vitiosum,

327 1241 428 1270 cum
454 1226 605 1272 eadem
635 1228 990 1287 regeneratione,
1024 1243 1124 1286 quae
1149 1243 1266 1271 nunc
1294 1228 1347 1270 fit
1369 1242 1445 1286 per
1467 1242 1636 1271 sacrum
1661 1227 1723 1270 la-

327 1313 528 1354 vacrum,
561 1314 699 1359 usque
732 1300 776 1342 in
808 1299 941 1342 finem
971 1307 1127 1343 cuncta
1160 1297 1274 1342 mala
1298 1297 1485 1342 hominis
1513 1307 1725 1357 purgante

327 1378 461 1430 atque
484 1379 664 1414 sanante
683 1405 694 1423 ,
716 1369 868 1413 eadem
889 1384 989 1414 caro
1011 1384 1088 1428 per
1106 1384 1238 1430 quam
1257 1368 1371 1414 facta
1389 1378 1452 1413 est
1469 1369 1611 1413 anima
1629 1385 1724 1414 car=

328 1440 439 1485 nalis
460 1476 471 1495 ,
495 1442 572 1485 fiet
600 1439 802 1500 spiritalis
826 1440 955 1484 etiam
980 1440 1070 1500 ipsa
1088 1476 1098 1495 ,
1125 1440 1292 1485 nullam
1314 1441 1400 1500 legi
1423 1441 1577 1485 mentis
1601 1441 1725 1485 resis-

327 1519 495 1555 tentem
526 1511 924 1570 concupiscentiam
960 1511 1100 1555 carnis
1135 1512 1337 1555 habitura
1358 1546 1368 1566 ,
1404 1510 1509 1555 nihil
1545 1510 1727 1556 carnalis

265 1611 269 1613 -
326 1582 501 1626 seminis
518 1583 741 1627 emissura.
765 1582 832 1626 Sic
850 1581 964 1625 enim
985 1581 1288 1641 accipiendum
1308 1581 1507 1642 estquod
1530 1582 1589 1626 ait
1612 1581 1725 1625 idem

328 1651 564 1711 Apostolus
591 1671 598 1697 :
630 1671 649 1695 «
675 1652 871 1697 Christus
894 1651 1046 1695 dilexit
1066 1651 1324 1708 Ecclesiam,
1349 1662 1393 1697 et
1414 1668 1457 1697 se
1479 1653 1621 1712 ipsum
1639 1661 1727 1696 tra-

331 1739 352 1764 »
389 1722 501 1767 didit
521 1738 600 1782 pro
620 1738 690 1778 ea,
717 1731 767 1766 ut
791 1737 884 1767 eam
907 1722 1222 1777 sanctificaret,
1248 1722 1467 1766 mundans
1492 1738 1585 1767 eam
1610 1722 1727 1767 lava-

331 1811 353 1835 »
390 1810 463 1839 cro
486 1811 612 1856 aquae
632 1795 677 1838 in
699 1795 851 1849 verbo,
877 1803 926 1838 ut
948 1794 1170 1838 exhiberet
1187 1793 1268 1837 sibi
1286 1794 1378 1853 ipse
1396 1793 1627 1852 gloriosam
1644 1797 1727 1838 Ec-

329 1883 352 1908 »
388 1866 563 1910 clesiam
586 1901 596 1921 ,
628 1882 715 1910 non
744 1865 977 1910 habentem
1001 1865 1217 1910 maculam
1241 1875 1316 1910 aut
1338 1880 1489 1923 rugam
1511 1900 1522 1920 ,
1548 1874 1623 1909 aut
1646 1865 1721 1909 3Ιίῃ

331 1954 352 1977 >1
389 1936 497 1997 quid
518 1936 730 1997 ejusmodi
747 1940 778 1980 ’ἦ
806 1955 825 1977 »
851 1937 919 1982 Sic
940 1972 950 1991 ,
976 1937 1155 1996 inquam
1178 1971 1188 1991 ,
1213 1937 1296 1981 hoc
1320 1935 1620 1996 accipiendum
1644 1944 1722 1991 est,

328 2016 381 2051 ut
410 2008 562 2053 eodem
596 2005 768 2052 lavacro
792 2008 1129 2066 regenerationis
1153 2016 1195 2051 et
1218 2007 1349 2051 verbo
1376 2006 1726 2051 sanctificationis

263 2095 266 2098 ·
332 2079 477 2123 omnia
495 2094 669 2138 prorsus
690 2078 803 2123 mala
825 2079 1054 2122 hominum
1078 2087 1432 2137 regeneratorum
1457 2077 1727 2123 mundentur

333 2159 465 2209 atque
487 2159 710 2205 sanentur,
736 2165 825 2194 non
847 2148 988 2193 solum
1011 2158 1202 2209 peccata,
1227 2165 1326 2209 quae
1348 2150 1492 2193 omnia
1518 2165 1635 2193 nunc
1659 2163 1722 2192 rev

333 2222 570 2266 mittuntur
591 2222 636 2265 in
660 2222 875 2280 baptismo
894 2255 904 2275 ,
930 2219 1004 2264 sed
1028 2220 1157 2264 etiam
1180 2235 1278 2279 quae
1300 2220 1512 2279 posterius
1534 2221 1725 2264 humana

334 2292 577 2351 ignorantia
601 2292 668 2338 vel
687 2291 938 2336 infirmitate
960 2291 1280 2335 contrahuntur
1302 2309 1309 2334 :
1330 2306 1419 2334 non
1440 2299 1488 2335 ut
1510 2291 1723 2350 baptisma

334 2365 504 2424 quoties
532 2372 735 2423 peccatur
754 2398 764 2418 ,
796 2363 922 2407 toties
951 2370 1199 2421 repetatur,
1237 2360 1311 2405 sed
1347 2362 1444 2421 quia
1480 2362 1573 2421 ipso
1605 2360 1723 2421 quod

335 2433 469 2477 semel
485 2434 628 2489 datur,
650 2434 700 2477 fit
718 2468 729 2488 ,
749 2441 798 2477 ut
815 2447 903 2477 non
921 2431 1062 2476 solum
1082 2440 1207 2476 antea
1229 2466 1238 2485 ,
1259 2446 1408 2475 verum
1430 2431 1557 2476 etiam
1576 2440 1724 2491 postea

336 2504 638 2564 quorumlibet
654 2513 933 2564 peccatorum
949 2503 1075 2548 venia
1092 2501 1293 2547 fidelibus
1314 2503 1584 2560 impetretur.
1607 2500 1723 2555 Quid

388 2596 396 2611 ¹
426 2590 499 2623 Psal.
524 2601 612 2631 xxxi,
642 2601 667 2622 1.
689 2607 729 2613 —
746 2597 757 2612 ²
779 2589 891 2632 liphes.
914 2599 944 2627 v,
966 2589 1019 2621 25.
