1784 3205
340 228 420 267 418
763 240 794 265 s.
831 238 916 264 AUG
925 237 1061 264 usum
1094 236 1273 264 EPlscol’l

339 324 358 348 »
382 318 500 349 nunc
511 312 714 364 operatur
726 304 771 347 in
784 302 878 347 filiis
892 301 1163 357 diffidentiae,
1175 303 1220 346 in
1238 302 1396 361 quibus
1410 310 1453 346 et
1472 316 1546 346 nos
1564 317 1713 347 omnes

331 395 352 418 »
376 376 611 436 aliquando
635 375 874 420 conversati
891 388 1040 418 sumus
1062 373 1107 417 in
1134 371 1355 417 desideriis
1376 373 1515 418 carnis
1536 382 1711 428 nostrae,

333 465 354 489 »
379 446 584 491 facientes
605 445 878 491 voluntatem
900 444 1040 489 carnis
1071 453 1116 489 et
1143 443 1424 488 affectionum
1443 477 1454 498 ‚
1479 453 1521 488 et
1546 457 1717 487 eramus

338 534 358 558 »
383 516 636 562 naturaliter
657 516 732 560 filii
759 516 861 571 irae,
893 515 1003 560 sicut
1032 523 1075 560 et
1106 515 1249 560 caeteri
1276 533 1285 559 :
1319 517 1432 558 Deus
1464 523 1610 558 autem
1639 513 1716 573 qui

338 604 358 629 »
384 587 503 632 dives
529 596 593 635 est
618 587 662 630 in
685 585 976 630 misericordia
998 619 1009 641 ,
1034 593 1212 647 propter
1234 582 1418 628 multam
1441 582 1717 628 dilectionem

336 675 357 698 »
385 673 470 717 qua
493 657 644 702 dilexit
664 673 742 702 nos
757 692 768 712 ,
792 666 953 701 etcum
976 671 1164 701 essemus
1187 656 1352 700 mortui
1370 655 1559 714 peccatis
1576 689 1587 710 ‚
1612 669 1719 699 con-

336 745 356 769 »
385 727 619 773 vivificavit
639 743 717 773 nos
736 728 924 784 Christo,
949 729 1016 789 cuj
1025 743 1072 773 us
1090 727 1223 787 gratia
1240 741 1390 772 sumus
1406 726 1513 771 salvi
1535 724 1638 770 facti
1653 728 1714 769 ¹.»

331 800 497 841 Rursus
531 798 586 842 ad
616 798 760 842 Titum
785 817 794 843 ε
834 816 855 840 (ι
876 798 1058 843 Fuimus
1081 798 1199 842 enim
1222 806 1265 841 et
1294 811 1388 852 nos,
1414 795 1572 856 inquit,
1597 795 1719 839 stulti

336 885 357 908 »
383 867 620 928 aliquando
638 878 681 912 et
696 868 927 925 increduli,
947 877 1138 912 errantes
1153 902 1164 923 ‚
1183 867 1414 912 servientes
1435 865 1656 910 desideriis
1676 872 1722 909 et

337 955 357 978 »
382 938 678 998 voluptatibus
699 939 826 983 variis
843 973 855 995 ,
880 939 925 982 in
948 938 1112 983 malitia
1136 947 1179 983 et
1205 937 1367 982 invidia
1384 945 1559 995 agentes
1574 971 1585 992 ‚
1611 935 1720 980 abo·-

336 1025 356 1049 »
381 1008 610 1052 minabiles
629 1043 640 1063 ⁷
660 1009 844 1053 invicem
862 1009 963 1054 odio
980 1009 1190 1053 habentes
1208 1011 1240 1052 ².
1262 1025 1282 1049 »
1303 1006 1412 1052 Talis
1438 1007 1592 1052 Saulus
1609 1005 1717 1061 fuit,

335 1078 512 1137 quando
543 1079 783 1123 secundum
804 1080 1016 1139 justitiam
1049 1094 1148 1139 quae
1170 1080 1211 1121 in
1241 1082 1357 1136 Lege
1387 1086 1451 1122 est
1469 1111 1481 1133 ,
1506 1077 1597 1121 sine
1618 1090 1724 1136 que-

334 1147 422 1191 rela
453 1146 583 1191 fuisse
603 1149 722 1193 dicit.
749 1152 857 1194 Nam
881 1150 983 1209 quia
1011 1164 1100 1194 non
1127 1157 1223 1209 post
1245 1149 1356 1192 hanc
1381 1146 1719 1192 abominabilem

334 1217 484 1272 vitam,
509 1227 676 1262 utesset
692 1218 783 1262 sine
804 1219 996 1277 querela,
1013 1220 1058 1262 in
1077 1223 1190 1276 Lege
1214 1217 1473 1276 profecerat,
1494 1230 1723 1276 moresque

336 1296 597 1343 mutaverat,
618 1287 841 1333 evidenter
863 1289 927 1331 his
951 1304 1050 1348 quae
1077 1296 1323 1347 sequuntur
1345 1286 1562 1344 ostendit3
1585 1301 1726 1346 quan-

335 1357 574 1416 doquidem
607 1366 825 1402 mutatum
858 1373 902 1402 se
929 1373 1019 1402 non
1051 1357 1158 1402 dicit
1181 1358 1235 1402 ab
1264 1357 1330 1401 his
1362 1357 1483 1401 malis
1501 1390 1512 1412 ,
1533 1356 1616 1400 nisi
1647 1370 1724 1415 per

337 1429 517 1486 gratiam
540 1427 785 1474 Salvatoris.
811 1429 1064 1489 Adjungens
1089 1429 1204 1487 enirn
1222 1429 1306 1472 hoc
1322 1428 1465 1488 ipsum
1486 1426 1617 1471 etiam
1634 1425 1721 1480 hic,

335 1499 446 1542 sicut
467 1497 522 1541 acl
540 1499 764 1557 Ephesios,
790 1499 874 1543 ait:
896 1518 917 1541 «
943 1501 1056 1544 Cum
1077 1508 1224 1542 autem
1240 1498 1488 1557 benignitas
1510 1505 1553 1540 et
1573 1497 1725 1541 huma-

342 1584 361 1608 »
387 1568 498 1611 nitas
514 1567 659 1612 illuxit
677 1568 908 1613 Salvatoris
930 1569 1066 1613 nostri
1084 1569 1177 1624 Dei,
1196 1583 1286 1613 non
1305 1583 1358 1612 ex
1377 1566 1582 1628 operibus
1601 1566 1723 1626 justi·-³

344 1654 364 1678 »
389 1638 477 1692 tiae,
490 1654 588 1697 quae
600 1653 678 1682 nos
689 1638 871 1683 fecimus
890 1660 901 1697 3
915 1638 991 1683 sed
1000 1639 1245 1683 secundum
1257 1654 1378 1683 suam
1388 1636 1725 1683 misericordiam

341 1725 360 1748 »
386 1705 524 1752 salvos
554 1723 632 1752 nos
655 1707 759 1752 fecit
781 1724 858 1768 per
879 1708 1102 1755 lavacrum
1123 1709 1460 1768 regenerationis
1482 1718 1525 1752 et
1545 1722 1726 1753 renova-

340 1796 360 1819 »
387 1777 515 1822 tionis
533 1779 717 1838 Spiritus
737 1779 873 1824 sancti
888 1814 899 1836 ,
920 1795 1053 1840 quem
1076 1779 1283 1825 ditissime
1301 1779 1461 1824 effudit
1478 1794 1606 1839 super
1628 1794 1723 1834 nos,

340 1866 360 1889 η
392 1863 469 1907 per
491 1851 640 1893 Jesum
665 1850 886 1895 Christum
909 1850 1177 1895 salvatorem
1199 1859 1415 1905 nostrum,
1439 1859 1488 1894 ut
1500 1849 1727 1910 justificati

342 1935 363 1960 »
394 1919 530 1977 gratia
552 1919 711 1979 ipsius,
731 1920 924 1965 haeredes
953 1921 1192 1966 efficiamur
1212 1921 1457 1966 secundum
1484 1935 1605 1981 spem
1625 1920 1726 1965 vitae

344 2007 365 2031 »
391 1992 601 2034 aeternaess.
631 2009 652 2032 »

400 2062 520 2104 XVI.
556 2060 685 2113 Quod
707 2070 852 2106 autem
884 2062 943 2106 ait
963 2063 1009 2106 in
1030 2063 1114 2107 hoc
1130 2061 1336 2123 Epistolae
1358 2062 1457 2107 loco
1478 2060 1534 2106 ad
1561 2064 1726 2106 Roma-

342 2145 420 2175 nos
437 2165 448 2186 ‚
477 2149 497 2172 «
524 2134 753 2175 Peccatum
777 2141 826 2175 ut
847 2142 1050 2191 appareat
1066 2143 1315 2192 peccatum,
1335 2149 1414 2193 per
1434 2133 1602 2178 bonum
1619 2132 1727 2177 mihi

345 2210 619 2259 »operatum
654 2210 716 2246 est
749 2203 960 2246 mortem⁴
988 2221 996 2246 :
1030 2221 1051 2244 »
1089 2205 1292 2262 congruit
1327 2203 1619 2262 superioribus
1650 2202 1727 2246 ubi

342 2270 449 2315 dixit
464 2306 474 2323 ,
503 2291 525 2313 «
547 2270 631 2316 Sed
650 2282 876 2331 peccatum
896 2287 986 2317 non
1002 2274 1214 2333 cognovi,
1238 2274 1317 2317 nisi
1336 2289 1412 2333 per
1428 2273 1570 2333 legem
1588 2293 1600 2332 3
1624 2285 1726 2318 nam

345 2358 365 2381 »
390 2342 785 2400 concupiscentiam
806 2343 1073 2397 nesciebam,
1093 2345 1174 2389 nisi
1196 2344 1265 2388 lex
1287 2345 1450 2389 diceret
1472 2363 1481 2390 ε
1506 2347 1603 2390 Non
1619 2359 1727 2388 con-

346 2429 365 2451 »
391 2412 626 2471 cupisces?
658 2432 678 2454 »
713 2416 769 2458 Et
799 2415 1022 2474 superius,
1056 2434 1077 2458 «
1115 2419 1198 2460 Per
1223 2414 1362 2474 legem
1396 2415 1587 2475 cognitio
1620 2429 1725 2474 pec-

391 2520 397 2535 ¹
419 2515 534 2590 Ερὲιεε.
554 2526 590 2553 n,
615 2526 626 2546 1
650 2520 683 2547 et
696 2526 784 2558 seqq.
802 2534 842 2540 -
859 2523 871 2538 2
890 2518 952 2549 Tit.
969 2529 1016 2560 ιιι,
1038 2518 1069 2551 3.
1086 2535 1124 2542 -
1142 2516 1155 2543 ³
1174 2518 1255 2551 lbid-
1274 2518 1293 2560 4
1312 2522 1345 2551 et
1362 2529 1452 2561 seqq.
1472 2534 1513 2542 —
1528 2516 1542 2548 4
1557 2519 1647 2551 Rom.
1669 2527 1724 2558 vn,

348 2567 397 2599 13.
412 2585 452 2591 -—
498 2568 629 2610 1bid.7.
