1784 3205
322 231 403 268 328
742 237 774 265 s.
812 235 1039 263 Acorisnm
1072 233 1250 261 Emscom

319 314 441 364 paret
462 312 643 358 statum,
669 318 745 362 per
768 315 900 361 quam
922 297 1169 358 perdiderat
1192 299 1392 341 meritum
1417 299 1434 341 i>
1456 300 1544 340 Aut
1566 311 1698 340 num-

318 374 426 435 quid
449 375 549 433 quia
576 373 785 431 baptismo
807 384 962 428 corpus
997 368 1215 423 abluitur,
1242 383 1331 411 non
1353 368 1506 411 transit
1529 366 1583 410 ad
1604 367 1699 410 ani-

317 461 432 490 mam
466 445 536 489 vel
564 445 789 503 spiritum,
824 439 945 500 quod
975 438 1167 484 creditur
1198 437 1386 483 conferri
1419 452 1495 496 per
1534 438 1700 496 baptis-

313 517 462 559 mum?
479 514 636 559 Merito
655 528 757 570 ergo
779 526 854 570 per
870 524 1060 564 carnem,
1081 509 1265 568 priscam
1284 515 1454 566 reparat
1474 506 1701 550 habitudi-

314 600 430 639 nem,
451 599 582 644 quam
603 584 692 628 visa
717 582 856 625 fuerat
883 580 1101 640 paulisper
1122 578 1308 623 amisisse
1330 592 1408 636 per
1428 590 1601 621 carnem
1616 610 1627 631 ,
1651 585 1701 621 ut

312 671 390 714 per
413 670 507 699 eam
529 654 704 713 incipiat
727 651 890 696 renasci
919 666 996 710 per
1022 664 1154 709 quam
1181 656 1398 692 meruerat
1422 647 1696 706 inquinari.»

312 725 422 769 Vide
455 725 499 767 in
534 724 601 767 his
632 722 774 767 verbis
794 756 804 776 ,
842 729 1057 780 quantum
1089 720 1168 763 iste
1198 727 1298 762 tuus
1333 718 1491 762 erravit
1528 716 1697 761 doctor.

310 794 439 848 Dixit,
470 811 489 834 «
514 793 702 836 animam
726 807 798 850 per
823 805 998 834 carnem
1028 803 1227 848 reparare
1249 797 1435 841 statum,
1467 801 1543 846 per
1569 801 1701 845 quam

311 864 560 923 perdiderat
578 862 797 906 meritum.
824 878 845 902 »
864 861 1030 904 Habuit
1046 875 1148 918 ergo
1171 859 1315 904 anima
1333 857 1522 917 aliquem
1541 865 1703 901 statum

313 946 355 979 et
379 933 555 993 aliquod
583 934 787 977 meritum
810 933 975 976 bonum
996 940 1096 975 ante
1118 945 1292 975 carnem
1308 964 1319 984 ,
1345 927 1465 989 quod
1493 927 1589 972 vult
1608 942 1703 971 eam

312 1021 511 1065 reparare
532 1020 606 1063 per
628 1019 824 1058 carnem,
851 1002 1029 1062 quando
1047 1017 1146 1046 caro
1171 1001 1344 1046 lavacro
1367 999 1705 1058 regenerationis

314 1075 523 1119 abluitur.
550 1074 725 1117 Vixerat
748 1074 896 1133 itaque
929 1072 1091 1116 alicubi
1124 1081 1223 1116 ante
1254 1086 1429 1116 carnem
1454 1071 1499 1114 in
1522 1078 1637 1113 statu
1663 1076 1706 1112 et

315 1145 470 1189 merito
486 1145 602 1188 bono
636 1158 802 1202 ,quem
825 1152 985 1187 statum
1016 1152 1058 1187 et
1088 1141 1207 1201 quod
1244 1143 1447 1186 meritum
1483 1138 1703 1199 perdidit,

315 1230 415 1259 cum
438 1215 625 1258 venisset
639 1214 683 1257 in
704 1228 893 1257 carnem.
924 1214 1055 1267 Dixit,
1076 1232 1096 1254 «
1116 1227 1208 1256 eam
1226 1227 1302 1270 per
1320 1227 1494 1256 carnem
1510 1223 1707 1269 reparare

316 1284 620 1329 habitudinem
640 1284 840 1342 priscam,
863 1299 995 1342 quam
1012 1283 1099 1326 visa
1116 1282 1259 1325 fuerat
1281 1281 1498 1340 paulisper
1521 1280 1708 1324 amisisse

316 1371 394 1415 per
427 1370 617 1399 carnem.
662 1372 682 1394 »
721 1354 885 1398 Habuit
920 1368 1021 1411 ergo
1058 1361 1158 1396 ante
1189 1366 1364 1396 carnem
1404 1349 1706 1394 habitudinem

320 1427 544 1485 antiquam
569 1447 579 1482 3
603 1425 686 1468 hoc
710 1433 774 1468 est
794 1424 910 1466 enim
937 1442 958 1464 «
983 1423 1166 1481 priscam
1194 1440 1202 1466 :
1238 1440 1257 1462 »
1285 1430 1327 1464 et
1348 1422 1427 1464 ista
1451 1419 1589 1480 qualis
1619 1433 1710 1463 esse

319 1496 480 1554 potuit,
498 1495 578 1538 nisi
599 1494 725 1537 beata
748 1502 880 1552 atque
901 1491 1129 1536 laudabilis
1152 1491 1365 1535 habitudo
1388 1493 1563 1544 PQuam
1586 1504 1710 1548 repa-

320 1566 406 1609 rari
443 1580 520 1624 per
554 1573 871 1608 sacramentum
902 1563 1171 1621 baptismatis
1205 1571 1416 1607 asseverat
1448 1582 1459 1619 3
1486 1576 1586 1605 cum
1616 1574 1710 1604 eam

320 1635 433 1679 nolit
471 1649 521 1677 ex
560 1632 633 1677 illa
667 1633 876 1690 originem
910 1633 1080 1676 trahere
1114 1647 1190 1690 per
1224 1632 1505 1690 propaginem
1533 1665 1544 1685 ‚
1578 1643 1711 1689 quam

322 1714 491 1749 constat
523 1705 569 1747 in
600 1704 800 1762 paradiso
829 1703 1064 1762 aliquando
1097 1703 1226 1746 fuisse
1256 1700 1441 1745 felicem.
1480 1699 1712 1754 Quomodo

322 1775 455 1832 igitur
491 1773 575 1818 alio
607 1773 704 1817 loco
746 1791 766 1814 «
799 1773 986 1816 animam
1023 1788 1066 1816 se
1098 1772 1201 1815 dicit
1229 1780 1476 1815 constanter
1503 1784 1710 1823 asserere,

323 1859 414 1887 non
439 1859 489 1886 ex
508 1842 706 1897 traduce,
732 1857 875 1902 neque
897 1857 947 1885 ex
969 1840 1122 1896 nihilo,
1148 1855 1291 1900 neque
1321 1855 1398 1899 per
1419 1839 1710 1898 semetipsam,

324 1928 468 1972 neque
502 1922 601 1956 ante
636 1914 833 1970 corpus?
861 1930 881 1954 »
910 1914 1020 1955 Ecce
1052 1912 1134 1956 isto
1163 1910 1262 1955 loco
1289 1910 1386 1954 vult
1418 1910 1580 1954 animas
1614 1917 1714 1953 ante

326 1998 483 2041 corpus
506 1982 667 2026 alicubi
683 1982 826 2026 vivere
844 1990 933 2025 tam
952 1983 1095 2037 beate,
1116 1990 1166 2025 ut
1177 1980 1329 2025 eadem
1350 1980 1434 2024 illis
1453 1995 1528 2039 per
1547 1979 1714 2038 baptis-

327 2067 449 2095 mum
472 2051 697 2095 beatitudo
724 2051 945 2095 reddatur.
977 2054 1032 2095 Et
1056 2060 1266 2111 tanquam
1294 2051 1360 2095 sui
1388 2065 1534 2095 rursus
1556 2049 1715 2094 oblitus

327 2120 525 2179 adjungit
554 2130 597 2164 et
620 2120 723 2164 dicit
753 2140 761 2164 ;
793 2139 812 2162 ι(
842 2123 895 2164 Ut
915 2136 991 2179 per
1019 2135 1180 2174 eam,»
1221 2120 1265 2164 id
1295 2130 1382 2176 est,
1423 2136 1501 2180 per
1522 2134 1711 2179 carnem,

328 2190 506 2248 incipiat
527 2191 689 2234 renasci
709 2224 719 2244 ,
750 2206 827 2249 per
850 2204 982 2249 quam
1004 2198 1221 2233 meruerat
1246 2190 1481 2249 inquinari.
1511 2190 1715 2249 Superius

330 2260 533 2304 meritum
564 2261 879 2318 significaverat
907 2260 1073 2303 bonum
1105 2259 1325 2318 perditum
1352 2258 1483 2303 fuisse
1515 2275 1592 2318 per
1620 2275 1715 2304 car-

332 2345 454 2374 nem:
479 2345 596 2372 nunc
611 2339 756 2373 autem
778 2330 991 2388 significat
1012 2329 1175 2373 malum
1196 2329 1415 2384 meritum,
1440 2345 1528 2389 quo
1551 2330 1714 2374 factum

332 2408 396 2441 est
428 2409 478 2442 ut
499 2400 665 2443 veniret
692 2401 760 2443 vel
789 2401 1034 2444 mitteretur
1062 2401 1107 2443 in
1124 2415 1297 2444 carnem
1317 2434 1327 2454 ,
1347 2400 1556 2455 dicendo,
1587 2419 1606 2442 «
1637 2415 1715 2459 per

334 2483 464 2526 quam
497 2479 712 2512 meruerat
734 2471 966 2528 inquinari.
1000 2488 1019 2511 »
1048 2470 1088 2513 Si
1121 2470 1235 2513 enim
1258 2479 1448 2513 meretur
1466 2470 1712 2529 inquinari,

337 2552 421 2581 non
456 2547 518 2581 est
551 2539 700 2596 utique
737 2542 939 2582 meritum
979 2541 1157 2582 bonum.
1200 2540 1337 2594 Dicat,
1378 2540 1483 2599 quid
1521 2541 1714 2598 peccavit
