1804 3205
419 227 500 253 Lm.
538 227 566 252 1.
604 226 657 253 DE
689 224 842 253 onmia
875 225 1056 251 CHRlsTl.
1354 214 1432 251 13¹2)

54 297 175 338 Hanc
191 292 432 351 epistolam,
457 300 505 335 ut
527 291 723 350 superius
744 290 847 344 dixi,
870 304 957 333 non
982 288 1063 345 legi
1086 307 1094 333 2
1119 289 1193 332 sed
1212 289 1244 332 si
1269 298 1435 332 nonest

50 362 269 409 dissimilis
290 362 472 416 caeteris,
494 376 594 421 quae
614 362 718 405 mihi
734 371 836 405 nota
855 368 1179 414 commemorat,
1200 360 1437 404 nonhabet

49 436 179 482 etiam
202 435 291 494 ipsa
312 434 432 493 quod
448 434 698 493 quaerimus.

109 507 201 550 XL.
220 508 387 564 Legant
408 505 553 559 etiam,
574 504 732 563 inquit,
748 519 879 564 quam
902 503 955 547 ad
978 517 1144 547 sacram
1164 501 1323 547 Christi
1349 502 1438 546 vir-

52 577 195 636 ginem
206 575 521 620 Demetriadem
542 577 583 619 in
600 575 778 619 Oriente
791 574 1138 632 conscripsimus„
1158 582 1200 616 et
1218 573 1441 618 invenient

49 663 128 693 nos
163 649 220 692 ita
250 647 433 691 hominis
456 646 633 691 laudare
656 655 855 690 naturam
877 681 888 701 ,
916 655 964 690 ut
992 644 1064 689 Dei
1097 658 1265 703 semper
1293 644 1440 702 gratiae

55 718 266 763 addamus
297 718 504 762 auxilium
543 720 571 761 ¹.
601 735 620 759 »
660 720 790 761 Istam
826 731 928 761 sane
963 716 1046 774 legi
1069 750 1080 770 ,
1106 716 1299 774 mihique
1330 729 1441 774 pene

51 797 336 848 persuaserat,
358 789 471 833 hanc
487 786 613 832 illum
636 788 834 846 gratiam,
856 786 912 830 de
929 802 1014 846 qua
1035 785 1217 845 quaestio
1239 793 1318 839 est,
1337 799 1443 828 con-

51 860 162 904 fiteri
184 879 192 904 :
215 860 411 919 quamvis
429 861 472 904 in
494 860 643 904 multis
662 861 753 919 ejus
776 857 973 917 opusculi
998 857 1100 901 locis
1123 856 1203 900 sibi
1220 856 1309 914 ipse
1336 869 1441 898 con-

55 931 265 975 tradicere
287 931 528 976 videretur:
546 931 619 975 sed
635 946 732 975 cum
757 931 801 973 in
822 944 972 972 manus
996 943 1111 971 meas
1131 936 1174 970 et
1196 925 1277 969 alia
1299 924 1440 970 venis-

50 1011 272 1062 sent,quae
291 1004 502 1062 posterius
520 1001 737 1061 latiusque
753 1000 1004 1058 conscripsit
1022 1020 1031 1053 3
1052 998 1141 1042 vidi
1158 996 1439 1058 quemadmo-

51 1073 157 1116 dum
181 1073 371 1132 potuerit
399 1073 529 1117 etiam
550 1071 638 1116 illic
661 1071 843 1130 gratiam
866 1070 1107 1123 nominare,
1131 1069 1213 1112 sub
1239 1066 1439 1123 ambigua

52 1143 332 1202 generalitate
353 1143 459 1203 quid
475 1144 652 1188 sentiret
670 1142 961 1195 abscondens,
985 1140 1133 1199 gratiae
1155 1148 1299 1183 tamen
1319 1153 1441 1182 voca-

51 1214 156 1258 bulo
172 1214 378 1273 frangens
398 1214 621 1269 invidiam,
637 1214 1011 1273 ostensionemque
1024 1211 1260 1256 declinans,
1272 1213 1381 1255 Nam
1396 1210 1438 1253 in

51 1285 180 1344 ipsius
208 1286 447 1344 principio,
473 1286 550 1330 ubi
582 1286 640 1330 ait
672 1304 680 1330 ε
712 1304 732 1326 «
755 1285 980 1343 Proposito
1014 1283 1267 1327 insudemus
1289 1281 1435 1340 operi,

53 1370 132 1399 nec
163 1356 449 1401 mediocritati
470 1357 721 1400 diffidamus
750 1355 936 1412 ingenii,
967 1353 1087 1414 quod
1115 1353 1332 1398 credimus
1354 1351 1440 1395 fide

53 1427 201 1470 matris
215 1436 258 1471 et
280 1428 435 1471 merito
455 1427 629 1485 virginis
647 1426 840 1486 adjuvari
868 1445 876 1470 :
905 1444 925 1466 »
952 1426 1130 1484 gratiam
1157 1439 1243 1483 qua
1259 1422 1439 1482 adjuva-

54 1512 152 1541 mur
172 1496 226 1540 ad
249 1496 410 1557 aliquid
436 1498 668 1555 agendum,
692 1497 798 1540 mihi
820 1496 934 1540 visus
952 1495 1094 1540 fuerat
1120 1494 1345 1550 confiteri,
1362 1508 1441 1536 nec

55 1567 324 1612 attenderam
348 1568 460 1613 hanc
477 1583 576 1612 eum
601 1580 760 1626 ponere
790 1566 980 1626 potuisse
1002 1566 1046 1610 in
1069 1564 1158 1611 sola
1176 1564 1438 1610 revelatione

54 1638 279 1683 doctrinae.

113 1711 230 1752 XLI.
256 1711 365 1753 Item
387 1709 432 1752 in
457 1706 611 1753 eodem
630 1722 760 1767 opere
782 1707 866 1752 alio
893 1707 991 1752 loco
1017 1727 1026 1752 :
1055 1726 1074 1749 «
1100 1705 1230 1760 Quod
1255 1706 1287 1750 si
1312 1706 1440 1749 etiam

56 1779 147 1824 sine
170 1782 259 1824 Deo
274 1814 285 1834 ‚
309 1780 453 1839 inquit
471 1814 482 1834 ‚
514 1779 711 1824 homines
729 1779 988 1833 ostendunt,
1014 1777 1164 1838 quales
1182 1793 1204 1821 a
1228 1780 1317 1821 Deo
1339 1775 1442 1820 facti

57 1859 181 1906 sunt,
201 1850 300 1894 vide
315 1851 420 1910 quid
443 1851 676 1896 Christiani
700 1850 842 1894 facere
861 1851 1051 1909 possint,
1073 1863 1259 1909 quorum
1283 1848 1327 1890 in
1348 1862 1441 1890 me-

56 1920 140 1964 lius
170 1935 246 1978 per
276 1921 499 1964 Christum
530 1921 766 1964 instaurata
801 1928 954 1963 natura
983 1928 1046 1962 est
1066 1954 1076 1973 ,
1112 1927 1155 1962 et
1186 1918 1261 1977 qui
1283 1917 1442 1960 divinae

57 2006 234 2051 quoque
253 1991 400 2049 gratiae
417 1992 626 2050 juvantur
644 1989 817 2034 auxilio.
846 2009 865 2031 »
891 1992 1099 2035 Naturam
1117 1990 1160 2032 in
1177 1987 1331 2032 melius
1354 1988 1443 2031 ins-

59 2070 297 2115 tauratam,
324 2062 617 2106 remissionem
646 2060 742 2105 vult
773 2059 954 2118 intelligi
976 2052 1252 2119 peccatorum
1280 2078 1288 2103 2
1324 2058 1443 2118 quod

59 2131 143 2176 alio
161 2132 258 2176 loco
275 2132 321 2175 in
343 2133 426 2176 hoc
450 2133 495 2175 in
512 2133 604 2190 ipso
626 2131 740 2175 libro
768 2132 866 2175 satis
886 2130 1221 2184 demonstravit,
1250 2129 1327 2172 ubi
1347 2129 1406 2173 ait
1432 2148 1441 2173 ι

63 2221 83 2244 «
107 2203 249 2247 Etiam
269 2201 330 2246 illi
354 2205 430 2262 qui
447 2203 581 2261 longo
603 2201 811 2262 peccandi
830 2218 912 2246 usu
933 2201 1123 2261 quodam
1147 2200 1278 2244 modo
1304 2199 1445 2244 obdu-

60 2288 206 2328 ruere,
237 2273 467 2318 instaurari
499 2289 575 2333 per
602 2274 904 2333 poenitentiam
935 2274 1153 2332 possunt?
1177 2289 1197 2312 »
1223 2270 1444 2316 Auxilium

58 2359 162 2388 vero
195 2343 355 2388 divinae
393 2344 540 2402 gratiae
572 2354 715 2404 potest
745 2353 788 2388 et
817 2344 887 2387 hic
914 2358 1076 2402 ponere
1106 2342 1151 2385 in
1184 2340 1446 2386 revelatione

59 2413 286 2459 doctrinae.

119 2486 260 2528 XLII.
280 2487 390 2528 Item
407 2484 510 2529 alibi
523 2485 569 2528 in
587 2484 736 2529 eadem
751 2484 930 2545 epistola
949 2504 956 2529 :
978 2487 1124 2530 «Nam
1144 2483 1179 2527 si
1201 2483 1331 2528 etiam
1351 2491 1451 2526 ante

111 2575 119 2592 ¹
141 2569 254 2614 Pelagii
271 2569 369 2607 Epist.
388 2571 428 2602 ad
444 2571 636 2603 Demetriad.
651 2570 764 2612 virgin.
