1784 3205
319 238 400 278 422
758 252 790 277 s.
826 248 1056 276 Avovs'mm
1089 246 1268 276 muscom

319 316 440 361 Unde
459 324 635 375 propter
658 316 736 359 tria
756 316 830 358 ista
845 349 854 367 ‚
887 314 977 358 duo
997 314 1158 358 scilicet
1179 314 1233 358 de
1256 315 1412 373 quibus
1427 316 1513 374 jam
1537 314 1688 375 dispu-

314 388 520 442 tavimus,
544 387 662 446 quod
679 388 736 429 ait
754 421 763 439 ‚
790 389 882 444 Ego
898 395 1040 429 autem
1058 385 1238 430 earnalis
1255 400 1348 430 sum
1366 421 1376 441 ‚
1397 396 1440 430 et
1456 385 1688 431 venumda-

310 467 379 501 tus
405 461 484 501 sub
502 467 680 516 peccato
694 492 705 512 ‚
726 466 769 500 et
795 457 877 500 hoc
899 456 1092 511 tertium,
1113 456 1414 515 Captivantem
1435 471 1504 500 me
1528 457 1574 500 in
1594 456 1690 515 lege

311 529 477 587 peccati
494 543 593 587 quae
611 537 677 571 est
691 528 736 570 in
759 526 964 570 membris
987 526 1091 570 meis
1106 561 1116 581 ‚
1141 535 1282 585 potest
1303 527 1438 571 videri
1457 528 1690 585 Apostolus

311 614 411 642 eum
442 598 686 642 describere
716 598 791 657 qui
819 597 1017 655 sublege
1043 596 1186 642 adhuc
1216 597 1348 652 vivit,
1381 598 1577 641 nondum
1610 599 1690 642 sub

311 671 462 728 gratia.
484 669 577 726 kSed
603 670 713 713 sicut
747 668 817 712 illa
855 667 944 713 duo
975 669 1250 727 exposuimus
1268 703 1279 723 ‚
1311 678 1488 727 propter
1516 684 1690 713 carnem

311 739 454 783 adhuc
477 738 805 797 corruptibilem
832 740 971 796 dicta3
996 740 1054 783 sic
1079 749 1121 783 et
1146 740 1227 784 hoc
1249 748 1390 798 potest
1412 739 1618 798 intelligi,
1641 749 1690 784 ut

310 810 599 868 captivantem
633 824 724 864 me,
757 809 934 864 dixerit,
966 825 1116 864 carne,
1148 824 1237 854 non
1271 819 1438 867 mente3
1473 810 1686 862 motione,

309 895 398 925 non
437 882 719 925 consensione
752 900 760 926 ι
793 890 836 925 et
864 881 963 925 ideo
999 881 1289 940 captivantem
1319 895 1416 935 me,
1449 880 1551 939 quia
1578 891 1621 924 et
1644 882 1691 925 in

311 952 401 1009 ipsa
425 966 552 995 carne
575 967 663 996 non
686 961 748 995 est
769 952 908 995 aliena
939 960 1093 995 natura
1110 986 1121 1006 ‚
1146 951 1220 995 sed
1248 959 1408 996 nostra.
1441 950 1560 995 Sicut
1588 966 1690 1010 ergo

308 1023 506 1080 exposuit
526 1023 616 1080 ipse
637 1022 744 1081 quid
767 1023 922 1066 dixerit
942 1041 950 1066 :
981 1041 1000 1063 «
1029 1022 1124 1067 Scio
1146 1023 1259 1065 enim
1291 1021 1392 1082 quia
1414 1036 1503 1065 non
1523 1022 1691 1066 habitat

310 1110 330 1131 »
357 1093 403 1134 in
426 1105 494 1134 me
511 1126 521 1144 ‚
553 1093 635 1135 hoc
657 1101 720 1135 est
737 1127 747 1142 ,
772 1092 817 1135 in
845 1107 973 1136 carne
1007 1108 1100 1135 mea
1132 1094 1293 1136 bonum
1312 1094 1353 1136 ¹:
1385 1110 1404 1132 »
1433 1093 1493 1136 sic
1522 1093 1613 1151 jam
1639 1107 1691 1136 ex

307 1160 421 1204 illius
440 1161 705 1218 expositione
722 1163 839 1205 hunc
856 1162 1001 1206 locum
1017 1161 1225 1205 debemus
1242 1163 1434 1221 accipere
1449 1198 1460 1217 ,
1483 1172 1691 1222 tanquam

304 1232 480 1286 dixerit,
511 1233 802 1290 captivantem
828 1244 913 1285 me,
938 1233 1021 1275 hoc
1043 1240 1127 1285 est,
1151 1246 1325 1275 carnem
1346 1247 1507 1286 meam,
1530 1235 1574 1276 in
1596 1233 1691 1291 lege

305 1305 469 1362 pcccati
490 1318 589 1363 quae
613 1312 676 1346 est
705 1303 748 1345 in
776 1301 979 1345 membris
1010 1302 1130 1345 meis.

362 1376 481 1417 XXI.
520 1373 682 1417 Deinde
709 1373 935 1432 subjungit
962 1381 1139 1431 propter
1169 1371 1290 1432 quod
1317 1371 1431 1416 dicta
1461 1381 1562 1416 sunt
1594 1387 1690 1417 om—

304 1445 391 1488 nia.
420 1463 440 1486 «
460 1444 589 1488 Miser
611 1458 690 1501 ego
708 1444 862 1498 homo,
883 1444 980 1503 quis
1000 1458 1069 1486 me
1091 1443 1294 1486 liberabit
1309 1442 1363 1486 de
1379 1458 1559 1502 corpore
1580 1458 1692 1488 mor-

311 1532 331 1555 »
356 1516 409 1557 tis
443 1515 597 1572 hujus?
626 1515 772 1557 Gratia
808 1514 885 1557 Dei
914 1529 991 1573 per
1025 1517 1172 1557 Jesum
1205 1514 1427 1558 Christum
1459 1514 1690 1558 Dominum

309 1602 330 1625 »
356 1593 567 1627 nostrume
589 1601 608 1624 »
622 1587 765 1643 Atque
779 1583 881 1627 inde
898 1583 1138 1638 concludit,
1159 1602 1179 1625 «
1199 1584 1437 1642 Igituripse
1453 1599 1534 1642 ego
1546 1593 1691 1628 mente

306 1672 326 1695 »
352 1655 490 1697 servio
518 1653 603 1711 legi
630 1655 728 1708 Dei,
749 1668 877 1697 carne
896 1663 1041 1697 autem
1060 1654 1145 1711 legi
1171 1655 1335 1712 peccati
1350 1658 1381 1697 2.
1407 1673 1427 1695 »
1449 1657 1590 1699 Carne
1610 1656 1691 1699 sci-

303 1724 403 1767 licet
420 1724 504 1782 legi
528 1723 715 1781 peccati,
739 1724 1117 1782 concupiscendo3
1141 1733 1287 1767 mente
1313 1733 1458 1768 autem
1485 1724 1569 1782 legi
1588 1727 1686 1781 Dei,

304 1795 444 1839 eidem
468 1795 829 1853 concupiscentiae
849 1810 937 1839 non
955 1794 1284 1838 consentiendo.
1310 1793 1438 1838 Nulla
1459 1809 1562 1853 ergo
1585 1811 1690 1840 con-

305 1867 526 1910 demnatio
561 1875 623 1910 est
655 1881 773 1910 nunc
803 1866 869 1909 his
900 1868 976 1926 qui
1005 1875 1106 1910 sunt
1134 1867 1180 1909 in
1211 1865 1383 1911 Christo
1413 1867 1558 1909 Jesuss.
1593 1868 1690 1911 Non

303 1938 419 1980 enim
446 1936 699 1990 damnatur,
731 1937 812 1981 nisi
839 1938 916 1997 qui
942 1937 1284 1997 concupicentiae
1311 1938 1450 1981 carnis
1477 1938 1691 1982 consentit

302 2008 358 2051 ad
380 2008 559 2052 malum.
585 2011 710 2052 «Lex
732 2009 849 2052 enim
878 2010 1052 2068 spiritus
1069 2010 1168 2052 vitae
1192 2010 1239 2052 in
1265 2008 1437 2053 Christo
1453 2011 1557 2052 Jesu
1579 2007 1690 2052 libe-

306 2095 326 2118 »
353 2079 462 2121 ravit
484 2087 526 2121 te
551 2094 573 2122 a
599 2078 695 2137 lege
711 2080 873 2137 peccati
896 2089 939 2123 et
960 2080 1136 2124 mortis4
1158 2098 1167 2125 ε
1195 2097 1216 2120 ))
1245 2094 1300 2123 ne
1321 2078 1482 2123 scilicet
1507 2094 1688 2124 consen-

303 2149 466 2192 sionem
484 2157 604 2192 tuam
618 2150 967 2207 concupiscentia
985 2150 1065 2193 sibi
1079 2149 1270 2194 vindicet
1285 2150 1437 2194 carnis.
1457 2152 1513 2194 Et
1525 2165 1573 2193 ea
1587 2165 1687 2210 quae

302 2227 546 2277 sequuntur
562 2254 572 2273 ‚
608 2219 808 2263 eumdem
843 2234 1018 2263 sensum
1048 2220 1182 2278 magis
1221 2220 1445 2279 magisque
1480 2219 1686 2264 demons-

304 2297 420 2332 trant
439 2307 447 2332 :
467 2289 541 2332 sed
561 2288 834 2332 adhibendus
851 2298 914 2333 est
933 2289 1102 2334 modus.
1569 2303 1573 2309 ·

362 2360 506 2402 XXII.
544 2360 693 2402 Visum
714 2368 859 2403 autem
877 2359 1112 2419 aliquando
1132 2360 1261 2404 etiam
1284 2359 1389 2403 mihi
1405 2359 1547 2403 fuerat
1563 2361 1681 2418 (15),

305 2428 527 2471 hominem
544 2428 749 2487 sublege,
767 2430 849 2473 isto
865 2429 1060 2487 Apostoli
1074 2444 1270 2474 sermone
1283 2429 1482 2473 describi.
1501 2428 1585 2474 Sed
1596 2430 1683 2474 vim

306 2498 410 2541 mihi
429 2496 626 2542 fecerunt
646 2508 794 2556 postea
815 2499 893 2543 ista
911 2499 1065 2555 verba,
1090 2498 1211 2559 quod
1233 2500 1291 2543 ait
1314 2518 1323 2542 :
1353 2518 1373 2540 «
1392 2501 1516 2544 Nunc
1538 2508 1681 2543 autem

355 2587 362 2602 ¹
387 2582 477 2611 ttoni.
498 2592 556 2621 vu,
580 2580 629 2613 18?
644 2598 684 2604 -
701 2588 713 2604 ²
735 2581 815 2614 Ibid.
836 2582 874 2623 24
894 2586 927 2614 et
946 2583 999 2615 25.
1014 2582 1079 2606 -3
1098 2584 1144 2615 Id.
1163 2593 1229 2624 vm,
1250 2582 1281 2613 5.
1297 2579 1365 2607 —4
1384 2582 1466 2615 Ibid.
1490 2591 1521 2614 2.
