1784 3205
340 210 395 250 64
781 221 813 248 s.
849 216 1078 246 Auens-nm
1112 215 1290 243 zmscom

339 287 512 330 liberari
541 299 662 344 posse
692 299 911 343 speramus
942 282 996 326 de
1024 296 1204 340 corpore
1229 279 1377 324 mortis
1402 280 1529 338 hujus
1554 293 1628 337 per
1651 280 1726 321 Je-

339 373 432 401 sum
450 357 670 402 Christum
689 354 919 398 Dominum
936 363 1130 396 nostrum
1145 354 1155 376 ¹
1172 370 1180 395 :
1198 359 1240 393 et
1255 365 1333 409 pro
1352 364 1437 408 qua
1456 346 1728 408 impetranda

340 444 526 483 oramus,
552 443 607 471 ne
626 428 831 470 intremus
849 425 892 466 in
913 423 1195 467 tentationem
1216 425 1247 464 ².
1276 424 1378 465 Haec
1402 421 1534 479 gratia
1559 435 1648 464 non
1665 427 1729 462 est

340 508 525 542 natura:
557 496 630 541 sed
669 512 753 555 qua
793 493 1049 538 subvenitur
1084 492 1224 551 fragili
1258 492 1507 550 vitiataeque
1541 499 1723 533 naturae.

342 573 443 613 flaec
467 568 602 626 gratia
620 583 707 610 non
727 574 789 609 est
813 565 917 622 legis
939 563 1111 608 scientia
1138 582 1145 607 :
1165 563 1239 606 sed
1263 578 1311 605 ea
1335 571 1413 615 est,
1439 562 1492 604 de
1515 576 1601 620 qua
1623 560 1729 603 dicit

340 638 571 698 Apostolus
594 657 601 682 :
627 657 647 679 «
668 640 763 681 Non
786 636 947 679 irritam
972 635 1124 678 faciam
1151 635 1329 691 gratiam
1349 632 1449 689 Dei3
1475 647 1573 674 nam
1597 631 1630 673 si
1653 644 1729 688 pet·

342 728 361 749 »
397 710 535 765 legem
558 707 739 766 justitia,
769 721 872 763 ergo
895 706 1090 749 Christus
1115 705 1242 761 gratis
1266 712 1463 747 mortuus
1479 704 1570 745 est³
1603 720 1610 745 :
1640 719 1658 741 »
1687 709 1730 743 et

339 778 435 822 ideo
465 793 554 821 non
587 786 651 820 est
687 777 826 819 littera
868 774 1097 828 occidens,
1135 773 1210 817 sed
1243 774 1416 832 spiritus
1447 772 1669 816 vivificans
1692 771 1723 812 ¹¹.

342 848 526 893 Scientia
548 849 709 907 quippe
732 845 838 905 legis
861 847 953 889 sine
976 845 1108 900 gratia
1137 844 1327 902 spiritus,
1354 851 1556 902 operatur
1579 842 1624 884 in
1646 842 1728 885 ho-

339 919 455 963 mine
477 934 649 964 omnem
673 916 1067 976 concupiscentiam
1087 933 1095 959 :
1118 933 1137 956 «
1160 918 1390 958 Peccatum
1413 914 1543 967 enim,
1567 913 1724 972 inquit,

340 1010 360 1032 »
396 1006 485 1034 non
519 989 731 1047 cognovi,
768 988 848 1032 nisi
885 1003 960 1046 per
982 987 1123 1045 legem
1159 1004 1166 1029 :
1196 1000 1297 1028 nam
1331 983 1728 1043 concupiscentiam

342 1080 361 1102 »
398 1060 660 1113 nesciebam,
681 1059 759 1102 nisi
778 1057 845 1102 lex
864 1057 1042 1111 diceret,
1065 1058 1159 1101 Non
1180 1056 1474 1114 concupisces.
1494 1053 1728 1098 Occasione

342 1150 361 1172 n
397 1139 542 1174 autem
565 1139 762 1189 accepta,
789 1137 1013 1187 peccatum
1038 1143 1113 1186 per
1137 1127 1392 1170 mandatum
1415 1135 1643 1185 operatum
1666 1133 1729 1168 est

342 1220 361 1242 >›
398 1203 441 1244 in
461 1216 529 1244 me
547 1215 720 1244 omnem
738 1198 1177 1257 concupiscentiam-⁵.
1203 1216 1221 1238 »
1242 1200 1330 1243 Nec
1353 1197 1432 1241 ista
1455 1195 1643 1240 dicendo
1664 1194 1728 1239 10-

340 1287 436 1329 gem
465 1272 697 1330 vituperat,
726 1271 813 1314 imo
843 1270 971 1313 etiam
1000 1269 1167 1323 laudat,
1195 1284 1295 1312 eum
1319 1267 1423 1314 dicit
1446 1287 1454 1312 :
1480 1286 1499 1309 α
1529 1270 1610 1310 Lex
1636 1266 1728 1326 qui·

342 1360 361 1383 »
397 1341 496 1385 dem
519 1351 666 1385 sancta
686 1377 698 1394 ,
723 1351 766 1385 et
788 1340 1042 1385 mandatum
1068 1349 1290 1394 sanetum,
1315 1349 1357 1383 et
1375 1340 1559 1398 justum,
1586 1347 1628 1381 et
1645 1338 1728 1382 bo·-

342 1431 362 1452 »
399 1427 520 1455 num.
548 1412 678 1465 Quod
707 1427 809 1470 ergo
842 1412 1005 1455 bonum
1043 1420 1122 1465 est,
1153 1410 1311 1469 inquit,
1347 1409 1452 1452 mihi
1477 1408 1643 1452 factum
1666 1416 1729 1452 est

342 1500 362 1522 »
398 1483 543 1525 mors?
578 1481 702 1526 Absit
729 1500 736 1525 :
764 1481 838 1524 sed
874 1490 1098 1539 peccatum
1120 1515 1130 1534 ,
1163 1490 1212 1523 ut
1248 1489 1452 1538 appareat
1479 1487 1722 1537 peccatum,

342 1570 361 1593 >›
397 1552 646 1610 perbonum
668 1551 774 1594 mihi
797 1562 1023 1610 operatum
1046 1559 1109 1593 est
1131 1551 1357 1594 mortemss¹
1382 1567 1400 1590 η
1424 1552 1480 1592 Et
1498 1548 1655 1592 iterum
1668 1547 1726 1591 le-

341 1637 435 1680 gem
453 1622 619 1677 laudat,
640 1622 826 1666 dicendo
849 1642 857 1666 2
888 1641 906 1663 «
936 1621 1239 1666 Scimusenim
1263 1620 1383 1680 quod
1405 1620 1475 1663 lex
1496 1619 1728 1679 spiritualis

343 1712 362 1734 »
398 1702 488 1748 est,
524 1709 605 1752 ego
632 1702 777 1737 autem
804 1692 986 1737 carnalis
1017 1708 1111 1736 sum
1130 1727 1141 1746 ,
1172 1707 1334 1736 venum
1361 1691 1487 1735 datus
1516 1690 1597 1734 sub
1624 1705 1728 1749 pec—

343 1784 362 1805 »
399 1773 511 1808 cato.
538 1763 666 1817 Quod
689 1765 804 1807 enim
831 1779 986 1823 operor
1009 1765 1177 1822 ignoro.
1205 1765 1302 1808 Non
1328 1763 1443 1806 enim
1466 1762 1586 1821 quod
1610 1760 1724 1805 volo.

344 1854 362 1876 υ
399 1836 482 1879 hoc
499 1850 596 1892 ago:
618 1835 693 1878 sed
711 1835 831 1894 quod
846 1835 935 1890 odi,
958 1834 1066 1878 illud
1084 1834 1214 1878 facio.
1243 1835 1285 1879 Si
1303 1843 1449 1878 autem
1467 1832 1587 1892 quod
1606 1832 1724 1887 nolo,

344 1923 363 1946 n
400 1906 482 1949 1100
513 1905 671 1962 faeio⁷3
697 1906 920 1949 consentio
945 1904 1043 1962 legi,
1069 1905 1278 1963 quoniam
1302 1905 1418 1949 bona
1445 1913 1523 1948 est.
1557 1922 1575 1944 η
1614 1906 1727 1947 Εο00

335 1976 423 2034 jam
452 1975 592 2034 legem
622 1975 759 2029 novit,
797 1974 962 2029 laudat,
995 1976 1121 2034 eique
1151 1975 1383 2030 consentit,
1412 1976 1496 2019 1100
1527 1982 1606 2029 est,
1632 1988 1727 2017 eam

339 2045 500 2090 bonam
530 2062 619 2091 esse
642 2047 858 2091 consentit
885 2066 893 2090 ;
919 2049 1125 2106 quoniam
1150 2046 1270 2105 quod
1294 2045 1366 2089 illa
1384 2046 1513 2105 jubet
1538 2064 1546 2089 :
1572 2046 1656 2089 1100
1685 2053 1728 2088 et

340 2118 431 2175 ipse
445 2116 566 2174 vult3
587 2128 629 2162 et
652 2117 772 2178 quod
796 2117 867 2162 illa
891 2127 1006 2162 vetat
1029 2127 1072 2161 et
1094 2118 1286 2170 damnat,
1313 2117 1395 2160 hoc
1421 2126 1464 2160 et
1486 2117 1577 2175 ipse
1599 2115 1693 2161 odit
1713 2135 1722 2160 ι

341 2197 384 2232 et
416 2197 561 2232 tamen
594 2189 713 2248 quod
743 2189 864 2243 odit,
895 2189 978 2233 hoc
1013 2188 1129 2232 facit,
1163 2191 1278 2231 Inest:
1309 2202 1412 2245 ergo
1435 2186 1538 2245 legis
1566 2195 1725 2230 sanctae

341 2259 542 2314 scientia,
570 2275 649 2304 nec
671 2268 817 2304 tamen
840 2269 1017 2304 sanatur
1041 2259 1190 2302 vitiosa
1213 2257 1562 2316 concupiscentia
1585 2276 1593 2301 :
1615 2257 1725 2300 inest

342 2330 541 2374 voluntas
563 2330 693 2386 bona,
718 2339 760 2374 et
781 2329 895 2374 valet
913 2330 1105 2388 operatio
1126 2328 1249 2372 mala.
1274 2329 1386 2372 Hinc
1404 2337 1467 2372 est
1485 2326 1602 2387 quod
1622 2328 1726 2371 dua-

342 2400 423 2444 bus
448 2400 618 2459 legibus
640 2402 750 2444 inter
777 2417 820 2445 se
851 2400 1207 2455 colluctantibus,
1232 2399 1337 2443 dum
1365 2398 1450 2457 legi
1479 2398 1635 2442 mentis
1657 2397 1725 2442 lex

391 2511 398 2525 ¹
425 2505 518 2534 Rom.
535 2514 594 2544 vn,
615 2503 669 2544 24.
686 2521 726 2526 —
743 2510 755 2526 ²
774 2505 892 2536 Matth.
913 2515 958 2544 w,
983 2505 1084 2536 152—
1102 2502 1114 2526 3
1134 2503 1202 2536 Gal.
1223 2514 1256 2542 n,
1272 2511 1326 2534 21.
1343 2500 1412 2531 -4
1437 2510 1456 2533 ‘2
1475 2504 1544 2534 Cor.
1566 2512 1613 2542 ui,
1632 2500 1665 2532 6.
1683 2517 1722 2523 -—

343 2559 466 2593 51ὶο111.
492 2571 554 2601 vn,
576 2559 787 2601 7.-311›id.
807 2569 858 2594 12.
874 2559 942 2590 -4
966 2560 1047 2593 lbid.
1072 2559 1122 2601 14.
