1784 3205
344 242 425 279 300
776 251 808 278 s.
847 249 957 277 Aret
966 249 1076 278 snm
1110 250 1289 278 nmscom

341 319 560 363 insufflare
590 318 805 363 credatur.
834 315 1002 360 Audeat
1024 331 1126 374 ergo
1156 317 1297 361 dicere
1322 332 1410 362 non
1427 317 1567 376 ipsum
1590 317 1716 361 nobis

342 391 508 435 dedisse
526 405 698 434 carnem
713 425 723 444 ‚
748 389 847 448 quia
867 388 922 431 de
946 387 1196 446 parentibus
1231 388 1350 446 origo
1377 388 1515 431 carnis
1537 397 1716 432 attracta

342 470 418 505 est.
446 463 501 504 Et
522 461 597 504 ubi
616 460 674 504 ait
699 458 930 519 Apostolus
949 456 1002 501 de
1016 456 1230 501 frumenti
1255 473 1404 516 grano,
1426 461 1540 501 Deus
1561 457 1623 500 illi
1646 457 1719 501 dat

343 547 498 590 corpus
516 531 737 591 quomodo
755 528 964 573 voluerit¹
991 547 999 572 :
1022 537 1166 586 neget,
1192 528 1225 571 si
1242 527 1387 581 audet,
1409 527 1463 571 de
1484 528 1624 571 tritico
1645 529 1722 572 tri-

343 603 477 646 ticum
501 602 638 656 nasci,
662 611 704 645 et
724 598 900 644 herbam
923 601 1012 658 ejus
1040 614 1089 642 ex
1112 600 1274 642 semine
1299 597 1537 641 secundum
1569 613 1717 656 genus.

342 671 467 725 Quod
497 673 529 716 si
565 687 719 730 negare
742 686 829 714 non
865 669 1017 726 audet3
1053 668 1171 712 unde
1200 669 1332 726 igitur
1364 669 1465 723 scit,
1499 668 1722 727 quomodo

341 742 507 785 dictum
529 742 598 796 sit,
619 760 638 782 «
656 745 736 785 Dat
755 741 908 784 flatum
930 739 1093 798 populo
1116 758 1124 783 z
1150 757 1169 780 »
1191 748 1338 782 utrum
1354 754 1452 782 eum
1473 739 1646 782 trahens
1667 739 1722 782 dc

341 812 610 871 parentibus,
636 828 691 855 an
713 811 937 855 insufflans
959 825 1119 854 novum
1138 811 1156 852 Ρ

402 885 567 927 XVIII.
595 883 721 927 Unde
743 882 870 926 etiam
891 882 994 936 scit,
1021 890 1167 925 utrum
1192 880 1388 939 repetitio
1403 879 1628 924 sententiae
1651 880 1720 933 sit,

347 972 366 994 η
391 954 474 1006 Qui
494 954 567 997 dat
590 954 743 997 flatum
767 952 930 1012 populo
948 967 1077 1011 super
1094 967 1186 996 eam
1200 986 1210 1006 ,
1236 960 1278 995 et
1299 951 1496 1009 spiritum
1515 949 1721 994 calcanti-

346 1042 365 1065 »
394 1025 474 1067 bus
499 1039 616 1068 eam:
641 1043 660 1065 »
684 1033 733 1067 ut
755 1023 809 1067 de
832 1039 917 1067 una
935 1039 980 1066 re
998 1032 1233 1082 utrumque
1250 1022 1415 1066 dictum
1439 1020 1719 1078 intelligatur,

343 1104 385 1138 et
403 1110 490 1138 non
514 1095 701 1138 animam
720 1093 789 1138 vel
811 1094 1006 1153 spiritum
1021 1109 1109 1153 quo
1123 1102 1274 1136 natura
1291 1093 1397 1136 vivit
1418 1094 1625 1145 humana,
1649 1089 1723 1134 sed

346 1164 552 1222 Spiritum
577 1174 771 1207 sanctum
804 1164 1043 1220 significare
1071 1163 1271 1207 voluerit.
1300 1164 1341 1207 Si
1368 1164 1483 1206 enirn
1506 1163 1614 1205 flatu
1637 1176 1722 1204 non

343 1243 483 1292 posset
505 1235 735 1292 significari
761 1234 942 1291 Spiritus
965 1243 1159 1287 sanctuS,
1196 1249 1284 1276 non
1309 1233 1518 1276 Dominus
1540 1242 1636 1290 post
1658 1247 1725 1274 re-

342 1305 653 1348 surrectionem
672 1305 930 1348 insufflasset
947 1303 1189 1361 Discipulis‚
1213 1312 1255 1346 et
1272 1302 1467 1347 dixisset:
1493 1322 1511 1343 «
1531 1302 1725 1361 Accipite

345 1394 363 1416 »
392 1375 599 1434 Spiritum
624 1376 863 1419 sanetum2.
902 1377 1091 1434 »Neque
1116 1375 1323 1433 scriptum
1348 1382 1455 1417 esset
1479 1373 1524 1416 in
1546 1372 1725 1416 Actibus

342 1446 670 1505 Apostolorum,
707 1465 726 1488 «
756 1450 913 1490 Factus
940 1454 1002 1489 est
1026 1445 1170 1488 subito
1202 1443 1256 1487 de
1279 1442 1392 1488 coelo
1419 1459 1571 1498 sonus,
1604 1442 1725 1502 quasi

347 1537 361 1554 >³
390 1516 574 1560 ferretur
596 1517 724 1560 ssatus
739 1517 986 1570 vehemens,
1009 1524 1051 1559 ct
1067 1516 1168 1559 visae
1185 1524 1287 1559 sunt
1305 1514 1388 1558 illis
1406 1515 1567 1572 linguae
1579 1513 1725 1557 divisae

343 1603 362 1626 »
386 1587 497 1630 sicut
511 1587 636 1645 ignis,
654 1589 727 1647 qui
744 1597 787 1631 et
800 1585 955 1630 insedit
974 1601 1102 1645 super
1119 1600 1479 1644 unumquemque
1494 1599 1662 1638 eorum,
1683 1591 1725 1625 et

343 1673 362 1696 »
384 1657 550 1716 impleti
579 1666 680 1701 sunt
701 1672 849 1701 omnes
870 1657 1032 1715 Spiritu
1055 1658 1246 1700 sanctoss.
1278 1674 1297 1696 >›
1324 1655 1441 1708 Quid
1461 1655 1494 1699 si
1517 1656 1598 1698 hoc
1616 1657 1724 1697 Pro-

340 1726 468 1784 pheta
493 1727 816 1785 praenuntiavit,
844 1726 1008 1781 dicens‚
1033 1746 1051 1768 «
1076 1726 1159 1778 Qui
1183 1725 1258 1770 dat
1286 1726 1436 1769 flatum
1462 1723 1626 1783 populo
1649 1738 1723 1766 su-

342 1814 360 1836 »
388 1799 602 1855 peream?
623 1816 641 1838 »
674 1807 717 1841 et
746 1807 955 1857 tanquam
973 1812 1191 1856 exponens
1222 1795 1328 1855 quid
1351 1795 1506 1838 dixerit
1542 1795 1692 1837 flatum
1710 1828 1720 1848 ,

338 1868 537 1926 repetivit
553 1877 683 1927 atque
701 1869 773 1922 ait,
797 1888 816 1909 «
844 1870 898 1911 Et
912 1868 1110 1927 spiritum
1127 1866 1394 1910 calcantibus
1416 1866 1538 1908 eam?
1559 1883 1577 1904 n
1602 1866 1724 1907 Tunc

337 1939 451 1983 enim
475 1939 793 1983 evidentissime
827 1940 992 1984 factum
1015 1949 1099 1993 est,
1123 1937 1302 1998 quando
1321 1936 1487 1995 impleti
1516 1944 1615 1979 sunt
1635 1949 1722 1979 orn·

337 2024 410 2052 nes
432 2010 590 2068 Spiritu
615 2020 778 2054 sancto.
807 2013 894 2053 Aut
915 2011 947 2054 si
979 2009 1175 2054 nondum
1199 2007 1408 2052 dicendus
1426 2016 1488 2050 est
1511 2005 1718 2064 populus,

336 2088 513 2123 centum
552 2080 702 2137 viginti
734 2081 952 2133 homines,
979 2080 1054 2139 qui
1084 2090 1189 2123 tunc
1218 2082 1262 2122 in
1285 2079 1381 2123 loco
1403 2093 1492 2121 uno
1516 2076 1718 2132 aderant3

335 2158 451 2192 certe
473 2150 650 2209 quando
680 2149 808 2192 simul
832 2158 1020 2208 quatuor
1053 2149 1122 2193 vel
1145 2149 1340 2208 quinque
1369 2147 1500 2191 millia
1523 2144 1721 2191 credide-

339 2229 462 2273 runt,
485 2229 528 2262 et
547 2219 751 2277 baptizati
769 2229 1027 2278 acceperunt
1047 2219 1253 2278 Spiritum
1272 2218 1513 2271 sanctum⁴,
1534 2216 1629 2275 quis
1646 2215 1720 2259 du-

337 2289 537 2334 bitaverit
558 2290 687 2333 simul
710 2290 923 2349 populum
954 2290 1164 2348 accepisse
1194 2289 1402 2348 Spiritum
1426 2297 1645 2340 sanctum,
1678 2295 1720 2329 et

336 2359 664 2403 multitudinem
698 2376 798 2419 quae
821 2360 1075 2404 ambulabat
1103 2360 1146 2402 in
1170 2368 1297 2411 terra,
1330 2358 1371 2401 id
1407 2368 1498 2412 est,
1523 2356 1719 2401 homines

335 2429 549 2473 calcantes
569 2432 756 2473 terram?
773 2433 880 2475 Nam
896 2429 970 2473 ille
993 2430 1068 2489 qui
1090 2428 1218 2473 datur
1241 2431 1294 2472 ad
1318 2437 1514 2471 naturam
1533 2426 1719 2469 hominis

335 2501 570 2559 pertinenS,
596 2502 682 2544 sive
702 2516 752 2544 ex
771 2501 1008 2560 propagine
1023 2501 1166 2554 detur,
1192 2500 1278 2544 sive
1299 2513 1436 2542 novus
1453 2497 1712 2549 insuffletur,

386 2593 393 2606 1
421 2596 429 2615 ι
453 2588 526 2616 Cor.
552 2596 615 2621 xv,
635 2586 674 2615 ⁹18
703 2602 743 2607 —
760 2594 769 2602 '¹
788 2588 875 2617 joan.
897 2597 950 2624 xx,
972 2596 1021 2616 2'2.
1043 2602 1079 2607 -ν
1103 2584 1113 2605 3
1134 2588 1203 2615 Aet.
1235 2596 1272 2620 u,
1292 2592 1322 2614 r),
1343 2581 1411 2611 -4
1438 2583 1483 2613 ld,
1512 2592 1554 2618 iv,
1574 2581 1610 2612 31
