1804 3205
292 232 454 260 con'rnA
490 233 594 263 niAs
627 237 757 264 EPlsT.
795 236 1021 266 νειΛαιΑΝ.
1060 241 1139 266 ιω.
1180 243 1206 266 ι.
1360 231 1443 270 415

58 295 282 341 riabantur
304 298 350 342 in
372 301 488 357 Lege
515 319 522 344 :
549 309 694 345 tamen
715 301 767 347 ad
788 317 876 347 rem
901 303 1158 362 pertinentia
1188 319 1320 363 pauca
1343 323 1447 352 cou-

55 365 276 424 tingimus.
304 368 429 413 Unde
455 374 466 395 ²
486 371 574 416 ait:
607 390 624 411 «
655 373 764 425 Quia
797 389 885 418 non
911 373 1224 433 justificabitur
1253 392 1303 420 ex
1333 381 1445 436 Lege

55 437 227 482 »omnis
249 453 352 484 caro
384 455 529 486 coram
554 441 642 487 illo.
671 445 750 488 Per
783 448 943 502 Legem
965 445 1081 491 enim
1109 447 1300 504 cognitio
1338 463 1442 506 pec-

55 523 76 548 »
93 507 194 553 cati.
218 510 344 555 Nunc
364 519 511 556 autem
538 512 630 556 sine
649 514 764 572 Lege
780 515 944 573 justitia
968 515 1040 560 Dei
1061 517 1335 562 manifestata
1358 528 1438 573 est,

56 593 76 619 »
93 578 319 624 testificata
341 595 417 640 per
444 585 604 641 Legem
633 592 676 628 et
701 586 936 644 Prophetas
963 605 971 631 :
993 587 1162 646 justitia
1197 597 1344 632 autem
1366 590 1443 633 Dei

54 662 167 707 »per
194 649 328 695 fidem
358 654 460 696 Jesu
490 654 679 709 Christi,
700 655 744 699 in
767 671 915 702 omnes
941 657 1016 718 qui
1036 657 1238 703 credunt.
1265 661 1361 704 Non
1382 668 1444 704 est

53 735 73 759 »
90 719 623 769 enimdistinctio.0m11es
640 726 756 770 enim
775 737 1081 785 peccaverunt,
1104 737 1146 772 et
1165 737 1294 787 egent
1308 729 1445 788 gloria

51 805 72 830 »
89 789 190 846 Dei,
202 791 427 851 justificati
452 795 580 851 gratis
603 810 680 853 per
697 797 875 855 gratiam
899 799 1029 857 ipsius
1045 833 1055 853 ,
1077 813 1154 857 per
1174 800 1443 858 redemptio-

52 876 72 900 »
91 874 192 904 nem
220 876 320 921 quae
337 871 401 906 est
422 863 468 907 in
489 864 664 910 Christo
691 868 795 910 Jesu
817 870 849 910 ².
878 885 897 908 »
920 870 975 912 Et
996 868 1155 912 iterum
1192 887 1201 913 ε
1227 888 1246 910 «
1276 868 1357 912 Ubi
1381 877 1445 914 est

52 947 72 971 »
89 929 327 988 gloriatio?
355 931 540 978 Exclusa
574 943 652 979 est.
689 938 768 980 Per
797 952 931 996 quam
963 937 1105 996 legem
1138 939 1155 979 ⁴?
1188 938 1444 982 sactorum?

52 1018 72 1043 »
90 1002 216 1057 Non,
241 1001 316 1047 sed
338 1019 415 1063 per
444 1004 584 1063 legem
618 1006 735 1051 fidei.
763 1008 1041 1052 Arbitramur
1071 1009 1187 1052 enim
1213 1009 1444 1068 justificari

52 1087 72 1114 »
92 1071 315 1118 hominem
338 1089 415 1134 per
436 1075 567 1120 fidem
589 1078 680 1120 sine
702 1077 907 1136 operibus
923 1078 1048 1138 Legis
1069 1079 1099 1122 ³.
1131 1096 1150 1119 »
1172 1081 1228 1123 Et
1250 1078 1407 1122 iterum
1431 1097 1439 1124 ι

51 1159 71 1183 «
89 1144 186 1188 Non
206 1144 323 1188 enim
346 1160 422 1205 per
445 1148 606 1205 Legem
625 1148 849 1206 promissio
865 1149 1054 1192 Abrahae
1072 1157 1148 1192 aut
1165 1149 1317 1192 semini
1331 1150 1438 1208 ejus,

52 1222 138 1258 »ut
171 1214 307 1259 haeres
334 1226 443 1261 esset
475 1218 627 1261 mundi
648 1253 658 1272 ‚
684 1218 759 1262 sed
783 1234 858 1277 per
880 1219 1094 1278 justitiam
1115 1220 1232 1264 fidei.
1259 1219 1301 1265 Si
1326 1220 1442 1264 enim

51 1301 72 1326 »
91 1285 166 1346 qui
184 1301 261 1345 per
282 1289 443 1346 Legem
462 1289 654 1333 haeredes
670 1299 787 1345 sunt,
814 1291 1026 1334 exinanita
1052 1300 1114 1334 est
1133 1289 1254 1346 fides,
1280 1300 1322 1334 et
1344 1307 1443 1335 eva-

52 1373 72 1398 »
89 1364 216 1401 cuata
234 1367 298 1402 est
322 1359 559 1417 promissio.
590 1362 679 1404 Lex
697 1362 813 1404 enim
833 1361 939 1405 iram
968 1370 1188 1420 operatur.
1219 1360 1302 1405 Ubi
1324 1361 1442 1405 enim

52 1443 73 1466 »
90 1441 179 1471 non
196 1436 260 1474 est
281 1431 368 1472 Lex
388 1463 400 1484 ,
424 1444 504 1474 nec
522 1431 821 1489 praevaricatio
844 1432 876 1475 ⁴.
909 1452 926 1472 »
952 1434 1005 1475 Et
1028 1431 1112 1476 aho
1137 1431 1236 1476 loco
1264 1450 1272 1476 :
1307 1450 1326 1473 «
1354 1434 1442 1475 Lex

53 1507 236 1543 »autem
263 1500 526 1546 subintravit
544 1537 555 1557 ,
587 1510 636 1546 ut
658 1501 903 1546 abundaret
923 1502 1131 1546 delictum
1161 1521 1170 1547 z
1195 1502 1274 1546 ubi
1296 1511 1444 1546 autem

53 1568 336 1616 »abundavit
369 1571 604 1628 delictum,
646 1572 1020 1632 superabundavit
1054 1573 1238 1631 gratia5.
1274 1591 1293 1614 n
1335 1576 1444 1617 Item

52 1639 174 1686 »alio
199 1641 299 1687 loco
334 1661 343 1688 ς
377 1661 398 1685 «
425 1646 654 1688 Peccatum
687 1644 803 1688 enim
836 1644 958 1689 vobis
989 1659 1079 1688 non
1111 1644 1440 1700 dominabitur3

52 1726 179 1756 »non
200 1713 317 1757 enim
339 1713 440 1759 estis
473 1714 556 1758 sub
578 1717 719 1773 Lege,
747 1713 824 1758 sed
844 1713 926 1758 sub
954 1714 1088 1772 gratia
1122 1715 1154 1757 ⁶.
1189 1732 1208 1754 »
1244 1716 1444 1773 Itemque

49 1780 134 1828 alio
153 1782 252 1828 loco
272 1799 284 1828 .·
312 1802 333 1827 «
356 1787 426 1829 An
448 1785 669 1843 ignoratis,
694 1785 866 1839 fratres,
885 1784 1121 1829 scientibus
1147 1784 1263 1828 enim
1285 1787 1444 1843 Legem

52 1870 73 1896 »
90 1852 272 1913 loquor,
302 1855 406 1915 quia
429 1858 515 1899 Lex
543 1854 797 1900 dominatur
828 1855 997 1900 homini
1019 1855 1065 1899 in
1092 1864 1308 1916 quantum
1338 1864 1445 1899 tem-

52 1941 74 1965 »
91 1939 173 1984 pus
190 1925 296 1970 vivit
316 1927 334 1969 Ρ
365 1924 525 1971 Mulier
542 1926 658 1970 enim
676 1925 758 1971 sub
781 1926 891 1981 viro,
915 1926 1016 1971 vivo
1034 1926 1190 1971 marito
1206 1927 1359 1987 juncta
1381 1934 1445 1970 est

53 1996 197 2055 »Legi
225 2010 234 2038 z
266 1996 301 2040 si
329 2005 476 2041 autem
499 2007 696 2042 mortuus
726 1996 860 2042 fuerit
878 1998 943 2041 vir
960 1998 1050 2058 ejus
1071 2032 1082 2054 ,
1107 2006 1316 2043 evacuata
1343 2006 1443 2041 esta

54 2068 211 2126 »Lege
231 2066 312 2111 viri
337 2069 368 2110 ⁷.
392 2085 412 2109 »
440 2070 497 2112 Et
517 2067 648 2128 paulo
665 2076 763 2128 post
791 2086 799 2112 ε
830 2086 850 2110 «
883 2071 1063 2126 Itaque,
1089 2068 1242 2112 fratres
1264 2068 1376 2122 mei,
1402 2075 1445 2111 et

54 2155 75 2180 »
95 2152 172 2183 vos
191 2138 353 2183 mortui
372 2140 472 2184 estis
490 2139 594 2198 Legi
610 2154 688 2199 per
702 2154 859 2198 corpus
877 2139 1054 2194 Christi,
1070 2148 1120 2183 ut
1134 2139 1224 2183 sitis
1247 2138 1441 2193 alterius,

55 2209 168 2270 »qui
186 2225 238 2255 ex
265 2211 447 2255 mortuis
477 2211 730 2266 resurrexit,
768 2221 818 2255 ut
851 2210 1164 2255 fructificemus
1199 2214 1303 2254 Deo.
1331 2211 1443 2254 Cum

55 2296 76 2320 »
95 2281 213 2324 enim
227 2295 415 2326 essemus
436 2281 483 2325 in
501 2297 654 2336 carne,
680 2282 898 2340 passiones
921 2290 1222 2339 peccatorum,
1246 2295 1345 2339 quae
1367 2294 1444 2339 per

54 2367 75 2392 ι)
92 2353 251 2408 Legem
265 2361 382 2407 sunt,
402 2352 698 2412 operabantur
712 2352 759 2396 in
773 2352 980 2396 membris
995 2352 1168 2407 nostris,
1180 2360 1230 2395 ut
1246 2350 1443 2395 fructum

57 2420 259 2467 »ferrent
278 2424 409 2468 morti
430 2444 441 2482 3
471 2439 590 2468 nunc
612 2438 714 2468 vero
732 2423 930 2468 evacuati
950 2437 1100 2467 sumus
1114 2438 1138 2467 a
1156 2425 1272 2482 Lege
1294 2423 1443 2468 mortis

103 2529 113 2545 ¹
135 2523 240 2557 For-te
259 2524 350 2557 Inde.
366 2541 408 2550 -
421 2531 434 2548 ²
448 2527 540 2558 Rom.
558 2534 613 2566 nr,
631 2532 687 2566 20,
707 2528 772 2557 etc.
789 2540 830 2548 —-
847 2521 860 2546 3
880 2523 961 2556 lbid.
982 2531 1022 2566 27
1039 2528 1072 2557 et
1092 2523 1145 2556 28.
1163 2522 1230 2554 -4
1247 2523 1293 2556 Id.
1314 2533 1362 2564 xv,
1390 2521 1442 2562 13,

56 2582 90 2612 et
109 2589 198 2624 seqq.
221 2597 261 2605 —
287 2578 302 2604 ⁵
322 2581 369 2615 td.
387 2591 421 2621 v,
442 2589 495 2616 20.
511 2598 553 2607 —
568 2578 584 2604 ⁶
602 2580 649 2615 ld.
677 2591 723 2622 vi,
752 2580 805 2623 14.
824 2587 888 2615 -7
916 2580 966 2615 ld.
995 2591 1053 2622 vu,
1082 2591 1095 2615 ι
1116 2584 1148 2615 et
1174 2588 1206 2614 2.
