1784 3205
333 252 415 292 344
766 267 797 291 s.
837 262 1065 289 Aucuswm
1100 262 1279 290 muscum

333 330 586 384 haereticus,
621 338 663 373 et
692 338 741 373 ut
767 329 819 372 sis
842 326 938 370 talis
960 325 1219 382 catholicus,
1251 328 1320 370 cui
1349 327 1541 370 resistere
1566 326 1713 372 nullus

332 401 464 461 possit
483 401 724 445 haereticus.
743 402 966 451 Quantum
985 397 1100 440 enim
1118 407 1294 456 apparet
1311 412 1361 441 ex
1384 396 1508 441 donis
1525 398 1709 456 ingenii,

329 487 429 532 quae
447 474 537 531 jam
560 471 639 514 tibi
660 470 838 527 largitus
857 476 920 511 est
933 470 1047 511 Deus
1065 502 1076 523 ‚
1096 469 1292 526 profecto
1309 468 1475 527 sapiens
1496 468 1598 522 eris,
1622 468 1655 511 si
1670 477 1713 512 te

327 559 416 588 non
436 558 525 587 esse
547 540 802 596 credideris3
829 548 959 599 atque
980 548 1031 583 ut
1052 539 1130 594 sis,
1155 540 1209 583 ab
1232 539 1307 584 illo
1331 540 1406 599 qui
1426 538 1529 583 facit
1550 540 1713 598 sapien-

329 624 388 658 tes
404 649 415 668 ,
436 614 507 672 pie
526 648 537 667 ,
561 611 837 671 suppliciter,
857 611 1157 670 instanterque
1171 610 1438 669 poposceris3
1456 618 1499 653 et
1511 608 1712 654 malueris

327 699 470 728 errore
493 699 582 727 non
603 683 771 742 decipi,
796 696 928 740 quam
949 681 1187 724 errantium
1203 680 1407 724 laudibus
1425 681 1643 724 honorari.

385 756 441 798 ΙΙ.
478 754 601 797 Prius
632 768 702 796 me
726 753 772 796 in
798 751 918 796 libris
951 752 1034 796 tuis
1062 751 1215 795 titulus
1247 751 1528 795 tui·nominis
1556 765 1634 810 pro
1670 759 1714 795 te

324 823 559 869 sollicitum
577 822 782 867 reddidit.
816 823 926 867 Cum
948 823 1062 866 enim
1079 822 1175 882 quis
1202 831 1312 866 esset
1334 821 1589 866 Vincentius
1612 821 1715 865 Vic-

326 906 393 940 tor
407 932 417 951 ‚
442 895 496 940 ab
514 897 573 939 eis
590 894 666 954 qui
683 902 725 937 te
740 902 973 947 noverant,
994 901 1037 937 et
1054 892 1167 937 forte
1185 892 1391 947 aderant,
1413 892 1684 952 requisissem
1702 911 1713 949 3

324 967 470 1012 audivi
512 976 554 1010 te
597 964 726 1009 fuisse
767 964 1036 1009 Donatistam
1058 999 1069 1020 ‚
1111 963 1181 1008 vel
1225 964 1369 1022 potius
1407 964 1675 1022 Rogatistam
1699 997 1710 1018 ‚

327 1052 464 1096 nuper
482 1044 626 1080 autem
648 1035 988 1079 communicasse
1011 1034 1251 1078 catholicas.
1282 1037 1337 1078 Et
1356 1049 1456 1078 cum
1480 1034 1713 1092 gauderem

325 1118 490 1152 tantum
510 1142 520 1161 ,
547 1116 762 1166 quantum
786 1105 840 1149 de
863 1106 926 1149 his
944 1106 1132 1149 solemus
1149 1140 1159 1160 ‚
1185 1120 1294 1164 quos
1321 1107 1376 1150 ab
1398 1105 1473 1149 illo
1496 1120 1640 1148 errore
1658 1104 1713 1147 li-

324 1180 491 1222 beratos
510 1193 597 1220 esse
616 1178 942 1235 cognoscimus3
959 1178 1047 1220 imo
1069 1191 1171 1220 vero
1194 1177 1322 1220 etiam
1341 1175 1482 1219 multo
1505 1175 1711 1234 amplius,

324 1249 443 1309 quod
478 1247 702 1305 ingenium
738 1255 892 1300 tuum,
930 1261 1018 1305 quo
1052 1245 1299 1289 delectabar
1333 1246 1379 1288 in
1412 1244 1564 1288 litteris
1600 1246 1712 1299 tuis,

322 1319 521 1365 videbam
547 1333 636 1361 non
661 1317 912 1360 remansisse
942 1315 1058 1375 apud
1087 1315 1351 1360 adversarios
1378 1315 1571 1359 veritatis
1595 1334 1603 1359 :
1638 1315 1715 1358 ad-

324 1392 466 1435 ditum
491 1400 554 1434 est
577 1406 600 1433 a
623 1388 912 1432 referentibus
929 1423 940 1443 ,
965 1386 1085 1447 quod
1104 1388 1308 1431 me'inter
1328 1386 1402 1430 illa
1425 1386 1582 1446 gaudia
1605 1401 1715 1431 con-

325 1462 513 1506 tristaret
530 1495 540 1515 ,
567 1460 664 1503 ideo
689 1469 729 1502 te
751 1459 1050 1517 cognominari
1073 1457 1256 1502 voluisse
1275 1458 1574 1513 Vincendum,
1596 1456 1717 1517 quod

325 1532 480 1592 Rogati
518 1544 807 1574 successorem
833 1564 843 1583 ⁷
882 1530 958 1588 qui
997 1530 1080 1573 hoc
1114 1528 1290 1573 nomine
1328 1527 1570 1587 appellatus
1609 1537 1673 1571 est
1700 1562 1712 1582 ‚

327 1601 470 1645 adhuc
490 1609 699 1659 tanquam
717 1614 925 1657 magnum
944 1607 987 1642 et
1002 1607 1200 1642 sanctum
1218 1599 1358 1642 virum
1379 1598 1525 1642 animo
1543 1606 1712 1654 teneas3

331 1682 375 1716 et
398 1673 453 1716 ob
477 1673 560 1715 hoc
590 1670 706 1714 illius
739 1685 899 1714 nomen
918 1704 928 1724 ,
955 1679 1079 1714 tuum
1112 1669 1300 1713 volueris
1333 1685 1421 1713 esse
1454 1684 1711 1727 cognomen.

329 1747 415 1788 Nec
452 1742 689 1786 defuerunt
717 1742 792 1800 qui
826 1741 1047 1792 dicerent..
1080 1742 1207 1784 etiam
1230 1742 1314 1784 hoc
1349 1757 1372 1785 a
1402 1750 1444 1784 te
1468 1742 1600 1785 fuisse
1618 1743 1715 1800 jac-

331 1822 497 1867 tatum,
534 1810 655 1870 quod
690 1811 779 1869 ipse
812 1811 892 1854 tibi
924 1811 1068 1854 nescio
1101 1826 1187 1870 qua
1230 1810 1394 1854 visione
1436 1811 1713 1869 apparuerit,

328 1893 458 1943 atque
482 1882 536 1926 ad
557 1883 635 1926 hos
656 1881 949 1926 conficiendos
974 1881 1108 1926 libros
1125 1917 1136 1936 ,
1162 1880 1217 1925 de
1239 1881 1399 1941 quibus
1421 1890 1568 1925 tecum
1590 1897 1717 1940 agere

328 1955 411 1997 isto
441 1962 589 1996 nostro
627 1952 837 2010 opusculo
870 1952 1062 2006 institui,
1102 1951 1161 1995 sic
1195 1952 1434 2010 adjuverit,
1470 1960 1520 1995 ut
1555 1967 1604 1995 ea
1636 1951 1716 1995 tibi

331 2024 558 2069 scribenda
574 2058 584 2078 ‚
611 2032 826 2082 quantum
853 2022 906 2066 ad
924 2038 989 2066 res
1006 2023 1118 2082 ipsas
1134 2023 1408 2082 rationesque
1426 2022 1605 2075 attinet,
1625 2023 1716 2081 ipse

331 2094 529 2138 dictaret.
561 2092 690 2145 Quod
717 2093 749 2135 si
770 2107 923 2136 verum
945 2102 1031 2147 est,
1063 2094 1154 2152 jam
1183 2101 1226 2160 te
1247 2092 1321 2136 illa
1355 2092 1498 2137 dicere
1525 2093 1717 2152 potuisse

332 2179 422 2208 non
456 2163 588 2206 miror
609 2197 620 2217 ‚
664 2177 764 2221 quae
784 2196 794 2215 ,
835 2161 869 2205 si
907 2162 1120 2220 patienter
1165 2162 1380 2206 auscultes
1431 2162 1715 2207 admonitioni

329 2249 438 2277 meae
454 2269 465 2288 ,
491 2243 534 2278 et
555 2248 626 2277 eos
648 2232 779 2276 libros
802 2232 1014 2276 catholica
1036 2235 1181 2276 niente
1203 2232 1447 2276 consideres
1470 2242 1600 2293 atque
1620 2248 1714 2292 per-

330 2314 511 2359 tractes,
549 2313 589 2348 te
625 2303 776 2347 dixisse
807 2302 962 2362 procul
993 2302 1128 2347 dubio
1157 2302 1404 2362 poenitebit.
1441 2303 1520 2347 Ille
1553 2304 1716 2364 quippe

331 2376 408 2434 qui
432 2390 474 2418 se
490 2408 501 2428 ‚
539 2375 649 2417 sicut
673 2389 770 2417 eum
795 2373 940 2432 prodit
967 2371 1221 2432 Apostolus,
1247 2373 1524 2431 transfigurat
1558 2373 1603 2417 in
1637 2389 1714 2417 an-

333 2444 478 2504 gelum
512 2443 666 2497 lucis1‚
703 2444 747 2486 in
780 2459 879 2486 eum
912 2443 992 2487 tibi
1020 2453 1082 2487 est
1111 2443 1464 2501 transfiguratus,
1500 2459 1632 2504 quem
1665 2453 1713 2487 tu

332 2514 461 2558 fuisse
482 2514 550 2557 vel
575 2528 663 2556 csse
685 2523 894 2572 tanquam
915 2514 1023 2558 lucis
1046 2513 1247 2572 angelum
1271 2513 1425 2558 credis.
1456 2516 1512 2558 Et
1533 2529 1584 2558 eo
1612 2514 1714 2573 qui-

385 2607 395 2621 1
415 2608 434 2631 2
452 2599 666 2640 C01·.x=,14.
