1804 3205
326 196 378 222 nn
411 194 550 224 ΛΜΜΑ
584 197 636 223 ET
669 197 765 224 mis
800 198 1000 236 ommni-2,
1037 198 1119 225 nn.
1158 199 1217 226 iv.
1386 189 1470 228 389

74 260 246 315 fluvios,
266 269 454 315 montes,
481 261 672 315 arbores,
698 262 913 307 animalia.
943 265 1049 307 Haec
1067 264 1144 322 qui
1171 278 1352 323 corpora
1382 279 1471 309 esse

72 331 212 377 credit
239 367 250 386 ,
286 331 597 377 incredibiliter
631 332 790 392 desipit
833 353 841 378 ;
881 343 982 380 sunt
1026 344 1172 379 tamen
1215 337 1469 395 corporibus

71 404 251 448 omnino
273 402 507 447 simillima.
547 406 607 447 Ex
635 405 718 449 hoc
742 419 898 463 genere
929 415 1031 450 sunt
1064 406 1218 460 etiam,
1245 422 1345 466 quae
1383 408 1464 453 alia

70 473 355 531 significantia
373 472 584 518 divinitus
603 474 977 532 demonstrantur,
1002 478 1091 521 sive
1113 477 1158 521 in
1183 478 1361 532 somnis,
1384 479 1471 523 sive

70 545 114 588 in
137 545 269 588 extasi
296 564 303 588 :
331 560 429 604 quae
452 544 570 589 unde
596 546 719 600 fiant,
746 546 789 590 id
809 556 894 602 est,
920 562 1123 607 quaenam
1156 548 1210 592 sit
1234 548 1356 592 velut
1377 563 1469 593 ma-

71 615 197 660 teries
226 630 377 659 corum
397 651 407 670 ‚
448 616 545 676 quis
575 615 780 674 indagare
806 626 948 676 potest
980 627 1055 662 aut
1087 618 1230 663 dicere
1259 621 1277 663 Ρ
1310 620 1468 664 Procul

69 684 207 730 dubio
231 694 376 729 tamen
397 686 600 745 spiritalis
618 696 697 741 est,
719 702 808 732 non
825 688 1075 747 corporalis.
1093 691 1293 749 Namque
1311 690 1465 750 hujus-

69 755 186 800 modi
213 756 370 812 species
386 756 507 800 velut
526 771 759 815 corporum
782 773 872 803 non
894 768 1039 803 tamen
1062 774 1261 819 corpora,
1289 769 1333 804 et
1353 762 1464 819 vigi·-

68 826 252 870 lantium
270 828 532 885 cogitatione
555 826 799 873 formantur
818 864 828 884 ,
850 839 893 873 et
917 829 1221 889 profunditate
1246 833 1466 876 memoriae

67 896 350 941 continentur
369 932 380 952 ,
406 908 447 942 et
471 914 520 942 ex
542 900 634 958 ejus
665 899 944 944 abditissimis
970 901 1137 945 sinibus
1161 936 1172 955 ,
1211 902 1355 945 nescio
1378 917 1467 961 quo

68 967 253 1012 mirabili
276 978 320 1012 ct
342 968 553 1012 ineffabili
577 970 708 1013 modo
726 1004 736 1024 ,
769 985 870 1013 cum
905 969 1185 1014 recordamur
1221 971 1464 1029 prodeunt,

67 1046 110 1082 et
132 1039 255 1098 quasi
277 1048 376 1082 ante
396 1039 545 1083 oculos
566 1038 733 1098 prolata
751 1049 995 1084 versantur.
1023 1043 1129 1083 Tam
1153 1040 1312 1084 multas
1335 1041 1466 1099 igitur

68 1118 110 1152 et
126 1118 214 1153 tam
236 1125 414 1168 magnas
436 1125 670 1170 corporum
688 1111 915 1169 imagines,
936 1111 971 1154 si
991 1111 1135 1154 anima
1159 1126 1316 1169 corpus
1338 1121 1464 1166 esset,

66 1193 222 1238 capere
265 1179 499 1238 cogitando
533 1179 601 1223 vel
637 1180 844 1224 memoria
877 1181 1146 1224 continendo
1180 1195 1269 1225 non
1306 1190 1462 1239 posset.

68 1250 321 1295 Secundum
355 1261 472 1295 tuam
498 1252 661 1311 quippe
699 1250 999 1296 definitionem
1025 1286 1035 1306 ,
1066 1271 1086 1293 «
1121 1267 1327 1311 corporea
1365 1253 1468 1297 sub-

65 1324 222 1367 stantia
254 1339 332 1367 sua
361 1338 517 1382 corpus
552 1324 636 1367 hoc
665 1324 852 1367 exterius
886 1339 974 1368 non
1004 1325 1190 1368 excedit.
1221 1328 1314 1377 Qua
1336 1325 1469 1383 igitur

66 1394 387 1452 magnitudine,
414 1410 512 1453 quae
536 1394 656 1438 nulla
686 1394 749 1438 illi
767 1404 844 1449 est,
872 1395 1078 1452 imagines
1102 1404 1188 1439 tam
1209 1410 1466 1453 magnorum

67 1478 299 1523 corporum
322 1474 366 1508 et
385 1465 622 1522 spatiorum
646 1474 776 1523 atque
800 1466 1031 1523 regionum
1054 1467 1205 1525 capit?
1227 1466 1344 1519 Quid
1366 1481 1470 1524 ergo

67 1537 243 1590 mirum,
264 1537 298 1581 si
319 1546 362 1581 et
383 1538 474 1596 ipsa
488 1538 569 1581 sibi
588 1538 633 1581 in
657 1538 723 1581 sui
747 1540 938 1597 corporis
961 1539 1249 1585 similitudine
1271 1549 1468 1599 apparet,

68 1616 110 1651 et
143 1607 324 1666 quando
357 1608 449 1651 sine
479 1623 659 1666 corpore
691 1609 905 1667 apparet?
928 1611 1080 1668 Neque
1111 1611 1227 1653 enim
1260 1625 1360 1653 cum
1393 1625 1473 1654 suo

67 1691 247 1737 corpore
269 1678 351 1721 sibi
374 1680 557 1737 apparet
578 1678 623 1721 in
644 1678 823 1732 somnis,
846 1686 888 1721 et
914 1687 1061 1722 tamen
1084 1679 1129 1722 in
1149 1693 1198 1722 ea
1216 1680 1304 1737 ipsa
1319 1678 1470 1722 simili-

67 1748 222 1793 tudine
234 1749 425 1807 corporis
440 1749 658 1807 sui,quasi
681 1763 756 1806 per
781 1747 876 1792 loca
896 1748 1044 1806 ignota
1065 1757 1225 1793 etnota
1246 1749 1464 1804 discurrit,

69 1829 112 1864 et
133 1819 232 1864 laeta
264 1821 394 1864 sentit
424 1818 563 1863 multa
592 1818 659 1863 vel
692 1819 844 1863 tristia.
891 1819 975 1863 Sed
1004 1828 1112 1878 puto
1145 1818 1266 1877 quod
1302 1833 1383 1864 nec
1419 1829 1470 1864 tu

69 1889 228 1934 audeas
250 1890 410 1945 dicere,
433 1890 616 1948 figuram
637 1888 756 1932 illam
780 1890 973 1948 corporis
996 1898 1127 1948 atque
1147 1889 1465 1943 membrorum,

67 1976 199 2021 quam
230 1961 312 2005 sibi
334 1961 496 2005 habere
513 1960 687 2005 videtur
709 1959 754 2003 in
779 1960 941 2004 somnis
960 1995 970 2015 ,
996 1975 1151 2004 verum
1169 1974 1329 2017 corpus
1358 1973 1464 2003 esse.

67 2033 177 2077 Nam
194 2031 275 2075 isto
298 2030 431 2075 modo
449 2030 531 2075 erit
555 2044 681 2074 verus
700 2045 842 2084 mons,
861 2045 993 2089 quem
1019 2030 1101 2074 sibi
1121 2029 1296 2074 videtur
1319 2044 1468 2073 ascen-

68 2102 171 2146 dere
196 2123 208 2159 ,
235 2111 278 2146 et
298 2116 508 2162 corporea
534 2101 708 2154 domus,
735 2115 867 2160 quam
890 2101 971 2144 sibi
995 2100 1171 2144 videtur
1192 2102 1356 2143 intrare
1381 2120 1391 2156 3
1423 2109 1466 2144 et

69 2171 197 2216 arbor
217 2186 319 2216 vera
340 2171 601 2231 lignumque
624 2185 774 2215 verum
798 2185 956 2228 corpus
973 2170 1156 2224 habenS,
1181 2169 1263 2213 sub
1281 2183 1368 2228 qua
1385 2169 1467 2212 sibi

68 2241 242 2285 videtur
264 2243 407 2302 jacere
433 2262 444 2298 3
466 2250 510 2285 et
529 2255 641 2301 aqua
662 2255 781 2294 vera,
795 2254 927 2299 quam
952 2240 1034 2284 sibi
1055 2239 1231 2283 videtur
1252 2238 1427 2282 haurire
1453 2258 1464 2295 3

70 2320 114 2355 et
147 2311 292 2355 omnia
324 2312 370 2355 in
392 2311 553 2370 quibus
580 2310 704 2370 quasi
736 2310 992 2369 corporibus
1029 2317 1252 2363 versatur,
1288 2323 1471 2367 corpora

73 2391 203 2426 erunt
225 2381 258 2425 si
271 2391 315 2426 et
330 2382 421 2440 ipsa
443 2397 600 2441 corpus
621 2391 702 2436 est,
720 2396 820 2440 quae
835 2379 964 2425 simili
979 2380 1170 2438 imagine
1184 2380 1298 2423 inter
1312 2388 1471 2423 cuncta

72 2450 146 2495 illa
167 2460 378 2495 versatur.

132 2523 296 2566 XXVI.
326 2523 388 2565 De
418 2519 672 2578 conscriptis
690 2518 929 2574 visionibus
953 2520 1197 2575 Martyrum
1231 2514 1467 2560 (licendum
