1784 3205
322 217 405 255 232
750 224 783 254 s.
820 223 1049 253 Arensnm
1082 223 1261 251 muscom

318 286 509 352 quodam
539 292 669 337 modo
697 292 1006 343 detruncaret,
1040 287 1150 331 illud
1174 287 1368 347 Apostoli
1401 286 1701 331 testimonium

303 363 582 415 formidavit,
608 363 684 406 ubi
703 362 761 405 ait
782 381 790 405 :
820 379 840 402 α
865 359 993 403 Miser
1012 373 1093 417 ego
1114 358 1263 412 homo,
1289 358 1385 417 quis
1407 371 1476 400 me
1498 356 1701 400 liberabit

321 452 339 473 »
361 433 416 476 de
445 448 624 491 corpore
648 431 797 474 mortis
821 430 948 488 hujus
970 431 987 470 ?
1014 428 1159 472 Gratia
1184 430 1257 472 Dei
1276 443 1353 486 per
1376 430 1522 471 Jesum
1553 427 1701 470 Chris-

322 512 455 546 »tum
500 502 734 545 Dominum
765 508 961 543 nostrum
992 500 1002 523 ¹
1038 518 1047 542 2
1085 516 1104 539 »
1136 500 1233 543 Non
1269 498 1384 541 enim
1422 505 1513 540 erat
1544 500 1700 555 corpus

318 573 465 617 mortis
491 573 619 629 hujus
648 571 693 613 in
722 569 943 629 paradiso,
974 579 1073 613 ante
1098 577 1325 628 peccatum
1344 603 1354 622 ,
1385 576 1560 626 propter
1582 568 1701 626 quod

315 643 502 686 diximus
523 676 533 696 ,
570 660 589 682 «
615 642 659 684 in
683 656 864 699 corpore
886 641 986 686 vitae
1010 640 1126 683 illius
1149 656 1247 700 quae
1269 639 1329 683 ibi
1359 648 1449 682 erat
1471 673 1481 693 ,
1507 639 1598 681 sine
1620 637 1702 681 isto

314 713 468 756 morbo
485 712 813 756 seminationem
828 713 920 755 fieri
939 712 1126 770 potuisse
1140 711 1345 764 filiorum,
1360 710 1451 753 sine
1473 724 1561 768 quo
1583 723 1701 752 nunc

312 783 356 825 in
382 797 563 841 corpore
585 782 735 826 mortis
761 783 889 841 hujus
916 783 1009 825 fieri
1031 797 1120 825 non
1143 789 1298 840 potest.
1336 798 1355 820 »
1398 781 1449 823 Ut
1479 788 1624 823 autem
1647 777 1702 822 ad

312 853 434 896 istam
458 852 915 913 commemorationem
938 853 1141 896 humanae
1163 851 1346 894 miseriae
1359 859 1402 894 et
1422 848 1579 893 divinae
1602 864 1703 907 gra-

311 923 381 966 tiae
403 923 571 967 veniret
585 923 835 981 Apostolus,
859 938 988 982 supra
1006 922 1171 966 dixerat
1192 941 1201 966 ;
1227 920 1390 964 «Video
1408 920 1534 964 aliam
1561 920 1702 978 legem

314 1011 334 1033 n
346 993 391 1035 in
408 994 614 1037 membris
631 994 751 1048 meis,
772 1001 1087 1052 repugnantem
1106 992 1190 1051 legi
1203 991 1358 1035 mentis
1370 1006 1492 1045 meae,
1512 1000 1554 1034 et
1566 991 1703 1049 capti-

315 1072 514 1106 »vantem
529 1079 597 1106 me
612 1064 656 1106 in
669 1063 762 1120 lege
775 1063 955 1122 peccati,
967 1079 1066 1122 quae
1079 1063 1195 1105 estin
1207 1061 1411 1105 membris
1424 1061 1564 1104 meis2.
1577 1064 1704 1104 »Post

316 1154 332 1173 »
346 1134 439 1176 haec
454 1144 599 1177 autem
612 1134 745 1178 verba
761 1134 1017 1177 exclamavit
1043 1151 1050 1176 ;
1073 1151 1091 1172 «
1109 1132 1239 1176 Miser
1256 1146 1337 1189 ego
1351 1131 1483 1175 homo
1506 1131 1602 1190 quis
1634 1145 1703 1173 me

312 1203 548 1247 »liberabit
570 1203 624 1246 de
646 1219 826 1262 corpore
846 1203 995 1246 mortis
1018 1203 1146 1260 hujus
1164 1204 1181 1245 Ρ
1202 1201 1349 1245 Gratia
1374 1202 1449 1244 Dei
1463 1216 1540 1259 per
1555 1203 1702 1244 Jesum

313 1273 566 1316 »Christum
592 1273 823 1316 Dominum
846 1281 1058 1316 nostrum.
1089 1291 1105 1312 »
1134 1274 1183 1315 In
1205 1271 1528 1328 corporeigitur
1553 1270 1701 1313 mortis

311 1344 453 1402 liujus,
482 1343 669 1402 qualein
686 1343 885 1402 paradiso
907 1352 1006 1386 ante
1028 1351 1254 1400 peccatum
1277 1340 1377 1395 fuit,
1395 1339 1592 1399 profecto
1615 1355 1703 1384 non

312 1422 403 1456 erat
418 1413 499 1457 alia
516 1413 583 1457 lex
597 1414 642 1456 in
664 1414 868 1456 membris
886 1413 1041 1457 nostris
1066 1427 1313 1471 repugnans
1327 1411 1410 1469 legi
1427 1412 1582 1455 mentis
1599 1426 1703 1455 nos-

312 1492 390 1526 trae
407 1503 415 1527 :
432 1484 531 1542 quia
549 1492 591 1526 et
605 1483 781 1542 quando
798 1483 1018 1536 nolumus,
1034 1492 1076 1526 et
1089 1482 1266 1542 quando
1283 1498 1371 1526 nou
1389 1482 1700 1536 consentimus,

311 1567 391 1596 nec
405 1553 444 1596 ei
462 1553 656 1597 membra
675 1562 819 1597 nostra
843 1562 892 1596 ut
913 1553 1092 1611 impleat
1108 1554 1228 1612 quod
1246 1553 1411 1611 appetit
1431 1553 1700 1606 exhibemus,

311 1623 480 1667 habitat
511 1632 656 1666 tamen
689 1624 735 1666 in
758 1624 815 1666 eis
836 1658 845 1678 ,
873 1632 915 1666 et
940 1631 1132 1667 mentem
1154 1624 1421 1666 resistentem
1454 1637 1702 1681 repugnan-

310 1702 487 1753 temque
509 1693 710 1738 sollicitat
738 1713 746 1738 2
765 1703 816 1737 ut
840 1694 930 1752 ipse
952 1694 1197 1748 conflictus,
1214 1694 1380 1737 etiamsi
1404 1708 1493 1737 non
1508 1693 1561 1736 sit
1584 1692 1704 1736 dam-

276 1791 281 1794 „
309 1763 480 1819 nabilis,
507 1765 611 1823 quia
633 1779 721 1809 non
744 1764 913 1823 perficit
934 1764 1211 1823 iniquitatem
1237 1786 1247 1821 3
1276 1766 1329 1808 sit
1353 1773 1501 1808 tamen
1524 1763 1703 1807 misera-

311 1834 410 1878 bilis
432 1870 442 1889 ,
469 1836 569 1894 quia
593 1850 681 1879 non
714 1836 847 1879 habet
869 1850 1037 1894 pacem.
1068 1836 1174 1879 Satis
1208 1836 1342 1894 igitur
1365 1834 1666 1879 admonuerim
1688 1868 1698 1888 ,

312 1905 371 1949 sic
413 1909 542 1949 istum
586 1906 717 1950 verba
761 1921 855 1950 mea
902 1906 1022 1950 velut
1062 1905 1302 1950 refellenda
1340 1906 1422 1950 sibi
1459 1919 1701 1965 proponere

312 1975 513 2030 voluisse,
536 1985 586 2019 ut
615 1975 775 2020 alicubi
798 1975 950 2020 mediis
969 1975 1186 2030 detractis,
1213 1977 1446 2020 sententias
1467 1975 1701 2019 interrum-

312 2054 434 2103 peret
453 2065 463 2101 ς
482 2046 640 2089 alicubi
658 2047 859 2090 extremis
877 2062 967 2090 non
980 2045 1137 2090 additis
1160 2045 1405 2091 decurtaret
1426 2065 1435 2091 :
1460 2055 1502 2090 et
1524 2061 1602 2090 cur
1618 2046 1701 2090 hoc

313 2114 478 2170 fecerit,
505 2116 770 2159 sufficienter
792 2116 1071 2160 ostenderim.

372 2185 469 2228 VII.
507 2187 634 2229 Nunc
663 2184 718 2228 ad
740 2200 789 2228 ea
820 2200 919 2244 quae
951 2185 1062 2228 sicut
1083 2183 1224 2229 voluit
1240 2219 1251 2239 ,
1277 2194 1422 2229 nostra
1445 2186 1696 2245 proposuit,

313 2269 411 2313 quae
444 2269 519 2298 sua
555 2255 806 2312 opposuerit
830 2290 839 2308 ‚
883 2255 1118 2298 videamus.
1170 2257 1422 2314 Sequuntur
1460 2257 1575 2300 enim
1609 2258 1697 2315 jam

314 2325 445 2368 verba
475 2326 602 2383 ejus,
638 2335 680 2368 et
713 2326 824 2369 sicut
855 2326 934 2369 iste
969 2325 1202 2370 insinuavit
1235 2327 1310 2385 qui
1346 2327 1426 2370 tibi
1457 2327 1698 2371 chartulam

316 2395 457 2448 misit,
501 2396 619 2452 prius
658 2395 824 2454 aliquid
855 2396 910 2439 de
940 2396 1195 2456 praefatione
1224 2397 1510 2456 conscripsit,
1546 2398 1696 2456 procul

314 2465 450 2507 dubio
478 2464 689 2508 librorum
721 2466 894 2510 illorum
931 2467 984 2510 de
1013 2467 1170 2526 quibus
1207 2482 1343 2525 pauca
1377 2468 1604 2526 decerpsit.
1649 2468 1695 2510 ld

362 2554 371 2570 ¹
390 2550 565 2590 Rom.vi1,
584 2548 637 2588 ¹2¹2.
658 2565 695 2571 ——
713 2550 896 2582 >11›i‹1.23i
