1804 3205
332 208 386 236 nn
417 206 557 237 Arum
588 208 640 236 ET
671 207 767 237 mus
798 209 992 248 omniun,
1027 210 1110 238 Lm.
1147 213 1206 240 ιν.
1376 205 1454 244 391

78 273 292 320 existimes
322 273 417 319 illas
448 272 751 319 similitudines
783 289 1015 334 corporum
1041 291 1149 336 quas
1181 278 1391 325 habemus
1417 282 1462 327 in

79 344 239 390 somnis
258 364 269 402 3
293 352 338 389 et
360 353 451 390 tota
471 344 550 389 ista
575 359 701 390 causa
724 345 845 391 finita
877 346 946 401 sit,
965 346 1000 390 si
1027 360 1097 391 eas
1123 355 1166 391 et
1187 347 1347 393 similes
1365 366 1464 395 cor-

81 415 261 476 poribus
285 450 297 470 ,
340 424 384 461 et
420 430 508 461 non
541 431 634 461 esse
664 431 845 476 corpora
882 418 1114 464 confiteris.
1157 421 1468 467 Verumtamen

81 487 334 533 Dinocrates
361 485 494 532 frater
512 488 604 547 ejus
629 497 826 532 mortuus
846 498 939 534 erat
963 508 972 535 ι
997 489 1115 536 hunc
1137 490 1369 536 vidiacum
1392 491 1467 538 illo

80 556 262 605 vulnere
281 591 293 613 ,
327 557 450 617 quod
485 557 607 603 vivus
646 559 801 603 habuit
820 594 831 614 ,
852 569 894 604 et
916 559 1035 605 unde
1065 569 1130 605 est
1159 561 1396 620 perductus
1414 564 1470 609 ad

78 636 281 674 mortem.
319 628 404 672 Ubi
436 636 500 672 est
532 627 654 687 quod
688 630 817 675 tantis
851 631 1079 676 conatibus
1108 631 1330 687 laborasti,
1366 648 1467 678 cum

78 711 224 755 ageres
244 697 301 743 de
318 699 572 757 praecisione
586 700 898 755 membrorum,
917 715 971 744 ne
988 700 1117 745 simul
1137 702 1306 747 concidi
1327 703 1468 748 anima

78 778 307 828 putaretur
328 771 347 814 i>
376 772 489 815 Ecce
517 770 676 816 vulnus
699 781 790 816 erat
811 773 855 816 in
877 772 1017 816 anima
1049 771 1290 818 Dinocratis
1309 808 1321 828 ,
1346 775 1468 834 quod

76 854 173 885 eam
210 841 252 886 vi
288 855 398 895 sua,
431 841 609 901 quando
645 852 736 887 erat
766 843 812 886 in
842 844 934 903 ejus
970 858 1153 902 corpore
1176 878 1188 898 ,
1229 842 1409 890 exclusit
1444 860 1469 889 e

76 925 273 969 corpore.
323 912 557 964 Quomodo
593 927 696 971 ergo
730 913 970 957 secundum
1013 923 1132 958 tuam
1166 915 1418 972 opinionem
1455 933 1464 958 :

79 998 101 1023 α
126 980 305 1040 quando
327 982 525 1026 membra
552 983 744 1041 corporis
766 983 1083 1041 praeciduntur,
1102 982 1157 1026 ab
1179 983 1269 1027 ictu
1289 998 1332 1026 se
1363 982 1470 1026 sub-

74 1052 209 1096 trahit
228 1087 239 1106 ,
265 1061 310 1097 et
331 1054 375 1098 in
399 1052 501 1097 alias
536 1062 677 1112 partes
700 1052 924 1097 densando
951 1067 995 1096 se
1025 1052 1216 1111 colligit,
1241 1068 1296 1096 ne
1323 1052 1469 1113 aliqua

73 1138 171 1182 pars
191 1125 282 1184 ejus
299 1123 479 1168 vulnere
496 1124 688 1184 corporis
709 1133 976 1183 amputetur,
1002 1142 1022 1166 »
1045 1125 1210 1169 etiamsi
1232 1123 1466 1168 dormienti

74 1202 207 1255 atque
224 1195 436 1240 nescienti
457 1195 755 1240 membrorum
784 1196 950 1255 aliquid
972 1195 1264 1254 praecidatur?
1283 1199 1467 1240 Tantam

70 1265 236 1325 quippe
262 1264 326 1309 illi
351 1265 538 1311 tribuisti
563 1266 832 1325 vigilantiam
850 1301 862 1322 ,
894 1275 945 1311 ut
969 1267 1100 1311 etiam
1124 1266 1223 1311 visis
1251 1276 1463 1325 occupata

68 1336 359 1391 somniorum,
379 1337 411 1381 si
428 1337 556 1396 plaga
578 1337 753 1381 irruerit
773 1337 1017 1395 ignoranti,
1038 1353 1124 1396 qua
1139 1352 1240 1382 caro
1261 1337 1459 1393 feriatur,

68 1421 113 1451 se
130 1406 203 1451 illa
224 1407 504 1466 providenter
521 1408 842 1467 perniciterque
859 1408 1092 1462 subducat,
1113 1422 1168 1451 ne
1190 1408 1323 1466 possit
1344 1408 1462 1452 feriri

69 1485 202 1536 atque
222 1478 391 1532 vexari,
422 1479 510 1524 sive
540 1477 713 1523 concidi
738 1497 746 1522 :
782 1493 862 1522 nec
887 1477 1074 1522 attendis
1094 1478 1227 1522 homo
1249 1479 1457 1536 prudens,

66 1546 188 1606 quod
215 1547 251 1592 si
268 1562 313 1592 se
334 1549 478 1592 anima
499 1547 601 1592 inde
623 1547 889 1592 subduceret
905 1581 916 1602 ‚
936 1562 1017 1591 nec
1034 1546 1108 1591 illa
1128 1547 1347 1606 percussio
1362 1561 1462 1591 sen-

67 1616 238 1661 tiretur.
265 1616 349 1663 Sed
370 1618 517 1663 inveni
538 1617 658 1678 quod
680 1618 896 1676 potueris,
915 1617 1024 1677 quid
1051 1617 1154 1662 inde
1177 1617 1454 1676 respondeas,

64 1687 289 1747 quomodo
305 1689 446 1734 anima
463 1697 604 1748 partes
620 1703 717 1733 suas
732 1688 932 1746 abripiat,
947 1696 990 1731 et
1008 1687 1215 1731 recondat
1225 1687 1453 1742 introrsus,

62 1772 120 1802 ne
157 1758 235 1802 ubi
269 1757 521 1817 praeciditur
556 1773 632 1802 seu
667 1759 910 1817 percutitur
948 1758 1140 1815 corporis
1178 1756 1450 1812 membrum,

63 1838 317 1888 amputetur
337 1838 381 1874 et
401 1830 492 1889 ipsa
523 1838 653 1889 atque
681 1838 874 1874 vexetur.
902 1828 1176 1873 Dinocratem
1203 1828 1373 1887 aspice,
1408 1836 1453 1872 et

63 1898 134 1944 dic
151 1915 230 1945 cur
246 1901 338 1960 ejus
358 1901 501 1946 anima
517 1916 606 1945 non
629 1915 673 1945 se
689 1899 950 1945 subtraxerit
974 1899 1029 1943 ab
1053 1913 1105 1944 eo
1120 1900 1312 1957 corporis
1332 1897 1447 1953 loco,

61 1970 139 2029 qui
160 1969 386 2016 mortifero
402 1971 584 2018 vulnere
601 1971 866 2026 vastabatur,
884 1985 939 2015 ne
960 1971 1006 2014 in
1025 1970 1098 2014 illa
1117 1971 1240 2015 fieret
1263 1969 1385 2030 quod
1406 1970 1452 2013 in

62 2043 154 2101 ejus
179 2042 291 2087 facie
325 2043 455 2088 etiam
481 2052 577 2102 post
605 2052 789 2088 mortem
818 2043 950 2102 ipsius
973 2043 1166 2101 corporis
1188 2040 1451 2101 appareret?

62 2116 133 2158 An
156 2111 270 2158 forte
299 2113 428 2159 etiam
457 2114 538 2159 tibi
565 2114 736 2174 placet,
767 2123 815 2158 ut
840 2114 940 2158 istas
972 2113 1117 2171 potius
1146 2110 1449 2157 similitudines

61 2197 295 2242 corporum
328 2199 461 2245 quam
495 2199 677 2245 corpora
715 2199 806 2229 esse
845 2183 1074 2229 credamus
1105 2204 1116 2241 3
1150 2192 1201 2227 ut
1229 2180 1449 2241 quomodo

62 2262 242 2312 apparet
259 2255 378 2313 quasi
405 2255 582 2310 vulnus,
608 2254 729 2315 quod
747 2269 838 2299 non
856 2263 921 2298 est
941 2253 1122 2307 vulnus,
1141 2251 1200 2296 ita
1219 2251 1340 2310 quod
1359 2265 1450 2295 non

61 2331 126 2367 est
149 2338 322 2382 corpus,
347 2325 471 2384 quasi
500 2340 657 2384 corpus
684 2325 923 2383 appareat?
952 2324 1061 2368 Nam
1079 2323 1113 2366 si
1135 2322 1278 2366 anima
1294 2320 1449 2366 vulne-

62 2392 148 2436 rari
173 2402 316 2451 potest
337 2394 391 2438 ab
414 2395 474 2438 eis
498 2395 576 2454 qui
600 2397 832 2438 vulnerant
848 2407 1024 2451 corpus,
1045 2391 1234 2436 nihil-ne
1251 2400 1451 2435 metuen-

63 2462 170 2506 dum
194 2471 258 2506 est
277 2497 288 2517 ,
314 2478 370 2507 ne
402 2465 536 2523 possit
571 2463 711 2508 occidi
742 2463 797 2507 ab
829 2463 887 2506 eis
914 2463 990 2521 qui
1021 2460 1229 2506 occidunt
1253 2462 1448 2519 corpus?

62 2534 191 2589 Quod
219 2536 428 2581 Dominus
459 2536 724 2596 apertissime
751 2536 843 2580 fieri
875 2551 963 2581 non
986 2549 1107 2594 posse
1130 2543 1310 2579 testatur
1339 2535 1366 2576 ¹.
1391 2535 1444 2575 Et

109 2627 117 2644 ¹
139 2620 252 2653 Matth.
271 2631 304 2661 x,
320 2620 372 2653 28,
