1804 3205
327 256 378 281 ne
414 251 549 281 ΛΝιΜΑ
585 255 635 281 ET
669 255 766 282 niis
798 256 994 293 ommim,
1031 257 1111 282 mu.
1153 258 1198 282 ιι.
1370 246 1453 283 333

66 320 341 380 acquiescant
363 320 495 363 istum
518 319 669 364 audire
690 330 937 365 censentem
951 355 962 376 ,
982 335 1113 381 quem
1137 321 1280 380 potius
1302 331 1456 380 optant

67 391 392 450 resipiscentem
417 405 465 434 ac
487 388 736 445 dolentem,
773 401 815 435 ct
847 390 967 451 quod
1008 392 1086 436 ista
1124 393 1331 446 senserit,
1371 393 1457 436 imo

65 476 168 507 vero
195 462 324 505 etiam
356 460 595 519 scripserit,
631 462 898 506 correctione
926 462 1208 506 saluberrima
1236 462 1457 522 poeniten-

67 541 170 577 tem.
201 551 221 574 «
249 533 332 577 Sed
352 532 435 576 hoc
450 566 460 586 ‚
483 532 648 591 inquit,
670 533 870 592 exemplo
894 533 1248 578 Machabaeorum
1272 533 1317 577 in
1345 548 1457 592 prae-

65 602 124 647 lio
146 603 396 647 cadentium
433 611 577 646 astruo
600 602 890 659 faciendum,
920 605 996 664 qui
1023 620 1123 649 cum
1154 602 1302 648 furtim
1324 602 1379 648 dc
1396 604 1460 647 in-

68 672 260 717 terdictis
281 671 515 728 offerrent,
537 682 668 733 atque
686 674 731 717 in
757 674 849 733 ipso
877 675 1112 719 certamine
1135 674 1413 728 cecidissent,
1436 689 1460 717 a

65 743 377 797 sacerdotibus,
406 744 480 798 ait,
507 744 753 788 invenimus
778 745 859 790 hoc
882 746 1039 790 initum
1061 745 1292 790 consilium
1309 744 1458 799 fuisse,

66 824 117 859 ut
137 830 326 874 quorum
350 814 513 859 animas
543 830 593 858 ex
617 817 750 860 vetito
779 825 922 861 reatus
945 817 1257 871 obstrinxerat,
1295 815 1461 860 sacrifi-

67 886 234 931 ciorum
254 885 416 930 oblatio
435 896 666 945 repararet.
693 905 711 928 »
734 890 797 932 lta
812 887 929 932 istud
947 887 1075 943 dicit,
1097 889 1219 948 quasi
1238 887 1462 947 proincir-

67 958 265 1003 cumcisis
282 957 356 1001 illa
379 958 524 1002 oblata
539 958 693 1017 legerit
714 959 942 1013 sacrificia,
966 960 1077 1003 sicut
1105 960 1197 1003 haec
1216 967 1360 1003 nostra
1383 972 1463 1016 pro

66 1044 158 1073 non
179 1028 408 1088 baptizatis
431 1029 600 1073 censuit
623 1029 863 1073 offerenda.
891 1029 1174 1074 Circumcisio
1193 1031 1357 1089 quippe
1378 1027 1464 1072 fuit

67 1099 183 1144 illius
213 1100 420 1159 temporis
448 1109 767 1145 sacramentum
787 1135 797 1155 ,
829 1101 951 1160 quod
983 1101 1293 1160 praefigurabat
1330 1098 1464 1144 nostri

67 1170 276 1229 temporis
303 1170 586 1230 baptismum.

125 1244 247 1286 XVI.
277 1245 592 1286 Verumtamen
613 1243 691 1286 iste
710 1243 756 1286 in
779 1243 845 1286 sui
861 1244 1186 1302 comparatione
1209 1241 1349 1302 qualis
1371 1256 1466 1301 pos-

71 1312 206 1356 terius
228 1311 727 1371 apparuit,tolerabilius
751 1312 894 1357 adhuc
917 1322 1045 1357 errat.
1059 1315 1166 1357 Nam
1184 1312 1304 1357 velut
1319 1312 1465 1372 poeni-

73 1383 205 1427 tuerit
227 1398 325 1427 eum
346 1386 478 1440 ;(non
492 1382 611 1442 quod
634 1382 789 1427 debuit
811 1384 1038 1442 poenitere,
1065 1384 1110 1427 id
1134 1393 1220 1439 est,
1245 1383 1366 1445 quod
1388 1398 1466 1426 au-

71 1467 142 1498 sus
168 1453 300 1498 fuerit
317 1469 504 1498 asserere
524 1469 614 1498 non
632 1454 858 1514 baptizatis
881 1454 1064 1499 relaxari
1086 1454 1293 1513 originale
1311 1469 1467 1513 pecca·-

71 1533 184 1580 tum,
204 1534 334 1584 atque
358 1524 677 1583 indulgentiam
699 1525 793 1569 dari
815 1527 1015 1570 omnium
1038 1535 1341 1585 peccatorum,
1363 1525 1468 1569 etin

71 1595 320 1656 paradisum
338 1632 348 1651 ,
373 1597 457 1641 hoc
480 1605 566 1651 est,
590 1595 737 1641 locum
757 1605 892 1642 tantae
915 1597 1132 1641 felicitatis
1154 1597 1400 1651 mittantur,
1426 1605 1470 1640 et
1506 1647 1516 1657 ,

71 1667 219 1712 beatas
250 1668 494 1712 mansiones
515 1666 562 1712 in
579 1667 712 1712 domo
732 1668 868 1712 Patris
894 1669 1057 1713 habere
1079 1670 1371 1723 mereantur,)
1393 1666 1470 1710 sed

72 1737 185 1783 illud
203 1753 304 1782 eum
317 1739 461 1798 potius
477 1739 747 1798 poenituerit,
763 1737 883 1798 quod
906 1738 965 1782 eis
986 1740 1164 1782 minoris
1187 1736 1469 1782 beatitudinis

74 1818 192 1853 extra
214 1824 398 1867 regnum
421 1809 636 1853 coelorum
653 1809 913 1854 concesserit
930 1808 1077 1865 sedes,
1103 1807 1315 1868 adjunxit,
1337 1818 1469 1866 atque

75 1879 159 1938 ait,
187 1899 207 1921 «
233 1882 322 1924 Aut
349 1880 384 1924 si
414 1880 527 1923 forte
555 1880 770 1940 quispiam
804 1879 1064 1933 reluctetur,
1100 1878 1278 1923 latronis
1313 1879 1470 1922 animae

75 1950 144 1995 vel
178 1951 418 1996 Dinocratis
449 1950 623 1994 interim
661 1949 922 2009 temporarie
958 1949 1165 1993 collatum
1188 1949 1468 2008 paradisum,

75 2035 178 2065 nam
195 2036 416 2080 superesse
438 2020 521 2064 illis
545 2020 688 2064 adhuc
707 2020 752 2063 in
770 2020 1084 2064 resurrectione
1100 2019 1330 2078 praemium
1348 2019 1471 2078 regni

77 2091 290 2138 coelorum
329 2111 337 2136 :
369 2106 623 2152 quanquam
650 2091 863 2135 sententia
893 2090 956 2134 illi
988 2090 1236 2150 principalis
1266 2090 1468 2145 obsistat,

82 2182 102 2206 «
128 2162 240 2216 Quia
262 2163 339 2222 qui
361 2178 449 2206 non
472 2171 646 2206 renatus
668 2162 803 2206 fuerit
821 2177 869 2206 ex
892 2177 1006 2222 aqua
1028 2172 1072 2206 et
1095 2161 1258 2221 Spiritu
1289 2170 1440 2206 sancto
1456 2195 1467 2215 ,

81 2251 102 2275 »
127 2248 217 2277 non
238 2233 418 2277 intrabit
439 2233 485 2276 in
506 2247 658 2292 regum
678 2231 893 2277 coelorum
920 2252 929 2277 :
958 2251 978 2273 »
1005 2242 1150 2276 tamen
1172 2241 1318 2275 teneat
1341 2231 1471 2274 etiam

79 2318 228 2348 meum
256 2303 303 2347 in
334 2318 519 2361 regnum
550 2303 764 2347 coelorum
791 2322 799 2347 :
828 2311 974 2346 tamen
1002 2311 1147 2346 teneat
1170 2302 1298 2345 etiam
1325 2316 1472 2345 meum

80 2374 126 2417 in
141 2375 222 2418 hac
242 2383 364 2433 parte
385 2389 475 2418 non
492 2373 723 2418 invidentis
747 2388 964 2417 assensum
978 2407 988 2427 ,
1014 2374 1146 2417 modo
1165 2371 1472 2417 misericordiae

80 2445 452 2504 praescientiaeque
489 2444 648 2489 divinae
684 2452 726 2487 et
760 2442 967 2487 effectum
997 2442 1233 2500 amplificet
1265 2452 1308 2486 et
1335 2443 1471 2486 affec-

83 2524 193 2560 tum.
222 2535 242 2558 »
270 2519 374 2561 Haec
396 2516 528 2561 verba
556 2516 602 2559 in
631 2514 823 2559 secundo
847 2515 939 2574 ejus
975 2513 1088 2559 libro
1108 2513 1220 2559 lecta
1246 2512 1468 2572 descripsi.

133 2608 142 2623 ¹
165 2609 184 2634 ‘2
202 2600 304 2635 Mach-
322 2600 452 2643 x11‚43.
