1804 3205
315 207 366 233 DE
399 205 538 236 ΑΝιΜΛ
572 209 623 237 m·
656 212 752 240 isus
784 214 977 253 olricum,
1013 216 1095 243 Lm.
1134 218 1198 244 lu.
1366 210 1449 247 353

68 275 213 312 tamen
235 283 377 330 neque
399 273 442 316 in
466 284 644 332 peccato
668 280 898 334 remansit,
920 281 1022 340 quia
1043 281 1087 325 in
1110 283 1282 328 Christo
1305 287 1450 343 praefi-

66 347 217 396 gurata
234 355 280 383 m
296 351 475 400 peccato
494 359 583 389 esse
600 361 688 391 non
707 346 882 402 debuit,
907 350 1017 395 sicut
1032 366 1121 396 esse
1140 368 1228 397 non
1244 356 1401 412 potuit.
1428 374 1447 395 η

64 409 255 454 Attende
276 412 383 470 quid
405 413 537 469 dicas,
559 426 600 461 et
623 416 778 462 desiste
792 421 880 478 jam
903 419 1060 466 dicere.
1086 425 1320 476 Quomodo
1335 427 1451 468 enim

65 480 239 534 meruit,
265 491 308 526 et
322 485 544 542 quomodo
563 502 651 532 non
670 490 813 547 potuit
829 505 918 536 esse
936 494 1180 551 peccatrix?
1201 495 1449 549 QuomodO,

64 564 212 609 quaeso
240 560 304 608 te,
331 556 546 612 peccatrix
574 572 664 602 esse
698 562 883 616 meruit,
915 578 1014 622 quae
1042 563 1156 608 male
1189 581 1280 610 non
1314 566 1454 610 vixit?

64 620 297 672 Quomodo
315 658 326 678 ,
351 640 500 684 quaeso
523 636 566 672 te
583 663 593 682 ‚
616 631 830 687 peccatrix
865 630 975 677 facta
999 643 1086 689 est,
1111 650 1211 694 quae
1237 636 1452 694 peccatrix

63 703 153 734 esse
171 706 259 736 non
282 695 426 752 potuit
448 697 466 739 P
488 699 556 741 An
579 698 642 754 si,
672 717 692 740 «
712 715 802 744 non
825 703 967 760 potuit
987 737 998 757 ‚
1026 721 1046 744 »
1070 703 1169 748 ideo
1191 704 1297 749 dicis
1314 740 1325 760 ,
1351 706 1455 766 quia

64 770 221 820 praeter
249 779 424 809 carnem
451 782 536 812 non
567 770 709 827 potuit
735 790 744 816 ;
783 774 1006 831 quomodo
1035 789 1138 834 ergo
1171 776 1332 820 meruit
1365 791 1454 820 csse

63 835 277 891 peccatrix
293 870 304 892 ,
331 852 419 896 quo
438 839 592 884 merito
613 840 659 884 in
681 856 855 886 carnem
874 844 1145 903 mitteretur,
1170 846 1453 907 quandoqui-

63 902 164 948 dem
192 915 292 950 ante
320 922 494 953 carnem
524 925 612 955 non
640 913 784 970 potuit
816 928 906 958 esse
940 916 1184 975 peccatrix,
1212 916 1330 961 unde
1352 917 1456 961 mali

63 973 231 1035 aliquid
249 980 524 1023 mereretur?

121 1048 223 1091 XII.
258 1048 355 1093 Noli
377 1048 553 1093 credere
569 1084 580 1105 ,
604 1066 685 1096 nec
707 1051 871 1107 dicere,
896 1068 976 1098 nec
993 1053 1148 1099 docere
1174 1089 1184 1109 ,
1214 1073 1234 1096 «
1262 1054 1457 1100 Infantes

62 1126 296 1177 antequam
319 1119 596 1178 baptizentur
625 1131 765 1166 morte
792 1133 1057 1182 praeventos,
1083 1126 1309 1183 pervenire
1331 1140 1456 1184 posse

61 1186 117 1232 ad
144 1188 420 1248 originalium
455 1190 773 1250 indulgentiam
803 1203 1082 1251 peccatorum
1103 1228 1115 1249 ,
1155 1213 1175 1235 »
1212 1197 1246 1238 si
1274 1195 1336 1238 vis
1367 1210 1457 1238 esse

60 1259 314 1304 catholicus.
335 1260 547 1320 Exempla
579 1263 695 1305 enim
726 1277 826 1321 quae
852 1272 896 1306 te
918 1262 1098 1319 fallunt,
1121 1263 1190 1308 vel
1212 1264 1266 1308 de
1288 1263 1457 1309 latrone

62 1329 140 1389 qui
162 1330 395 1375 Dominum
418 1340 482 1376 est
504 1330 725 1377 confessus
742 1333 786 1376 in
807 1348 950 1388 cruce,
971 1333 1041 1378 vel
1063 1333 1118 1378 de
1139 1332 1273 1379 fratre
1295 1344 1457 1380 sanctae

63 1401 292 1459 Perpetuae
310 1401 556 1456 Dinocrate,
582 1401 692 1446 nihil
710 1402 787 1446 tibi
808 1402 862 1448 ad
881 1405 1011 1463 hujus
1026 1405 1180 1449 erroris
1197 1406 1458 1450 sententiam

62 1470 371 1530 suffragantur.
391 1475 521 1518 Latro
542 1473 707 1532 quippe
723 1472 837 1527 i11e1,
864 1476 1063 1533 quamvis
1078 1477 1271 1534 potuerit
1289 1476 1458 1535 judicio

64 1542 213 1588 divino
239 1543 353 1587 inter
381 1558 454 1588 eos
479 1542 702 1602 deputari,
728 1543 803 1603 qui
830 1545 1027 1602 martyrii
1050 1545 1321 1590 confessione
1349 1561 1458 1604 pur-

66 1621 240 1672 gantur,
257 1622 404 1658 tamen
420 1614 551 1657 etiam
563 1622 713 1657 utrum
730 1628 820 1657 non
839 1612 971 1658 fuerit
994 1615 1253 1673 baptizatus,
1269 1616 1455 1673 ignoras.

65 1684 174 1729 Nam
195 1692 245 1728 ut
259 1684 455 1728 omittam
478 1684 600 1744 quod
617 1682 825 1738 creditur,
838 1698 949 1743 aqua
971 1684 1099 1728 simul
1122 1699 1224 1728 cum
1246 1687 1459 1743 sanguine

66 1753 250 1798 exilente
265 1753 320 1798 de
333 1753 467 1797 latere
486 1753 671 1807 Domini,
677 1754 802 1812 juxta
814 1753 1009 1797 confixus
1027 1755 1219 1812 potuisse
1235 1753 1456 1813 perfundi,

67 1832 198 1883 atque
219 1821 472 1881 hujusmodi
497 1821 750 1866 sanctissino
772 1821 1031 1880 baptismate
1052 1821 1161 1866 dilui
1188 1841 1196 1867 :
1229 1822 1336 1883 quid
1361 1824 1395 1867 si
1418 1824 1461 1866 in

66 1907 235 1938 carcere
262 1892 404 1936 fuerat
438 1892 681 1950 baptizatus
703 1926 713 1946 ,
746 1892 868 1951 quod
895 1901 940 1936 et
971 1902 1118 1951 postea
1148 1894 1462 1952 persecutionis

68 1973 264 2024 tempore
288 1962 490 2008 nonnulli
511 1962 711 2007 clanculo
731 1962 964 2021 impetrare
984 1972 1225 2022 potuerunt
1248 1966 1266 2008 Ρ
1287 1964 1405 2017 Quid
1427 1963 1461 2007 si

68 2043 113 2080 et
141 2043 375 2094 antequam
408 2033 665 2077 teneretur?
697 2034 850 2092 Neque
884 2032 999 2076 enim
1030 2042 1258 2092 propterea
1284 2033 1348 2076 illi
1375 2048 1462 2092 pu-

68 2103 197 2150 blicae
211 2104 327 2163 leges
341 2118 518 2163 parcere
540 2112 765 2162 poterant,
788 2112 1005 2162 quantum
1025 2104 1181 2148 attinet
1200 2103 1253 2148 ad
1273 2103 1464 2162 corporis

70 2183 256 2220 mortem
276 2209 288 2230 ,
318 2174 525 2234 quoniam
556 2171 764 2217 divinitus
788 2173 1082 2217 remissionem
1113 2182 1337 2232 acceperat
1364 2187 1466 2231 pec-

71 2254 283 2290 catorum.
311 2243 429 2297 Quid
462 2243 496 2287 si
519 2244 609 2303 jam
635 2242 880 2301 baptizatus
904 2243 949 2285 in
980 2242 1196 2287 latrocinii
1228 2242 1394 2286 facinus
1424 2250 1469 2285 et

71 2315 236 2360 crimen
248 2315 503 2368 incurrerat,
522 2322 566 2357 et
580 2327 670 2356 non
688 2326 840 2370 expers
852 2312 1142 2369 baptismatis,
1160 2310 1236 2355 sed
1257 2320 1467 2371 tanquam

71 2387 285 2446 poenitens
296 2384 462 2444 accepit
477 2382 691 2428 scelerum
704 2382 878 2426 veniam
895 2397 995 2440 quae
1009 2381 1253 2440 baptizatus
1267 2381 1469 2426 admisit?

73 2454 431 2517 quandoquidem
462 2454 598 2513 pietas
630 2461 720 2499 tam
755 2450 896 2496 fidelis
915 2485 926 2506 ,
959 2460 1003 2496 et
1031 2453 1218 2496 Domino
1251 2453 1296 2496 in
1324 2451 1470 2495 animo

98 2548 105 2564 ¹
134 2541 211 2572 Luc.
231 2549 321 2575 xxm,
338 2537 387 2571 43.

263 2602 379 2633 cxm.
1240 2591 1290 2626 223
