1804 3205
451 238 529 264 Lm.
568 238 597 263 1.
634 237 687 263 nt:
719 234 874 263 onum
906 236 1086 262 cums-ri.
1383 226 1463 264 123

80 312 164 348 tur.
189 303 230 347 Si
257 303 371 346 enim
397 302 538 346 solnm
574 318 694 362 posse
725 311 918 346 nostrum
952 302 1029 345 hae
1060 301 1192 359 gratia
1219 302 1460 360 juvaretur,

79 375 134 418 ita
153 373 316 418 diceret
337 375 542 418 Dominus
565 374 744 418 :Omnis
767 375 841 433 qui
861 372 1027 417 audivit
1043 387 1063 415 a
1087 375 1210 416 Patre
1229 382 1270 416 et
1292 372 1459 427 didicit,

79 453 215 501 potest
231 445 445 488 venii-ead
462 459 543 488 me.
567 447 662 490 Non
679 453 824 488 autem
841 445 894 488 ita
917 443 1025 487 dixi't
1043 462 1051 486 :
1072 443 1163 496 sed,
1187 443 1371 486 «Omnis
1389 445 1462 502 qui

78 532 99 556 »
121 514 308 567 audivit,
330 515 494 574 inquit,
512 530 532 558 :²
552 521 672 559 Patre
693 523 737 558 et
753 513 925 565 didicit,
947 515 1064 558 venit
1081 514 1135 557 ad
1156 529 1237 556 nie.
1265 533 1282 554 »ι
1309 515 1465 558 Venire

76 601 199 645 posse
225 586 267 630 in
294 594 446 630 natura
471 585 594 644 ponit
620 585 835 643 Pelagius,
869 584 935 629 vel
954 585 1081 629 etiam
1106 593 1154 628 ut
1172 584 1303 628 modo
1322 585 1465 630 dicere

75 657 226 715 coepit,
248 657 293 699 in
310 656 467 714 gratia,
494 655 777 716 qualemlibet
799 671 892 700 eam
918 657 1099 710 sentiat,
1134 675 1152 696 «
1179 671 1263 715 qua
1289 657 1395 715 ipsa,
1416 666 1464 700 ut

75 728 195 784 dicit,
219 729 476 784 possibiiitas
495 729 724 790 adjuvatur
745 748 752 774 :
778 748 796 770 »
819 729 964 773 venire
983 738 1126 773 autem
1143 732 1231 789 jam
1251 730 1294 772 in
1313 729 1462 773 volun-

76 808 162 844 tate
179 809 221 844 et
243 815 372 859 opere
394 810 471 844 est.
494 803 588 845 Non
607 810 670 844 est
688 810 832 844 autem
852 815 1138 860 consequens,
1166 810 1214 844 ut
1230 800 1304 860 qui
1323 809 1464 859 potest

74 871 242 926 venire,
271 872 398 915 etiam
424 873 592 925 veniat,
618 872 696 915 nisi
726 871 771 916 id
796 872 980 916 voluerit
1007 881 1138 932 atque
1161 871 1332 925 fecerit,
1354 871 1462 925 Sed,

73 942 213 986 omnis
240 943 315 1002 qui
343 943 494 986 didicit
518 959 540 987 a
567 946 712 996 Patre,
748 958 835 986 non
861 942 1001 986 solum
1032 951 1173 1000 potest
1192 942 1361 995 venire,
1388 942 1464 985 sed

71 1013 190 1056 venit
210 1031 218 1057 :
240 1013 420 1071 ubijam
444 1022 485 1056 et
505 1012 798 1071 possibilitatis
820 1012 1062 1071 profectus,
1080 1021 1122 1056 et
1145 1011 1378 1056 voluntatis
1395 1012 1457 1056 af-

73 1083 235 1138 fectus,
259 1093 302 1128 et
321 1084 501 1129 actionis
522 1084 702 1128 effectus
719 1093 795 1128 est.

131 1156 250 1198 XVI.
278 1153 393 1207 Quid
424 1155 504 1198 sibi
534 1169 638 1213 ergo
662 1153 815 1198 volunt
838 1153 1057 1213 exempla,
1083 1153 1163 1197 nisi
1188 1153 1290 1213 quia
1313 1167 1461 1198 revera

73 1225 199 1270 nobis
215 1226 306 1286 ejus
320 1241 492 1270 sensum
511 1225 724 1280 fecerunt,
741 1226 851 1270 sicut
869 1224 1087 1284 pollicitus
1105 1234 1183 1280 est,
1209 1224 1432 1269 clariorem
1448 1245 1458 1282 3

73 1310 161 1340 non
186 1305 234 1340 ut
258 1311 306 1340 ea
329 1298 489 1340 sentire
511 1296 770 1350 debeamus,
800 1295 874 1340 sed
899 1305 947 1340 ut
969 1293 1013 1339 id
1037 1294 1156 1354 quod
1181 1298 1270 1354 ipse
1302 1296 1457 1350 sensit,

72 1365 341 1411 manifestius
377 1367 654 1426 apertiusque
688 1368 945 1410 noscamus?
973 1385 991 1407 «
1025 1366 1153 1419 Quod
1195 1381 1424 1425 possumus
1445 1401 1455 1420 ‚

71 1437 231 1496 inquit,
251 1437 398 1481 videre
413 1437 567 1492 oculis,
585 1446 779 1481 nostrum
799 1452 887 1481 non
903 1446 965 1481 est
980 1438 1121 1496 :quod
1140 1452 1242 1481 vero
1256 1438 1369 1482 bene
1386 1446 1460 1482 aut

71 1507 184 1552 male
210 1507 430 1562 videmus,
455 1508 538 1552 hoc
567 1516 765 1552 nostrum
796 1516 873 1551 est.
906 1526 924 1547 »
951 1506 1230 1566 Respondeat
1256 1507 1318 1551 illi
1340 1508 1459 1552 Psal-

69 1593 183 1633 mus,
208 1578 283 1622 ubi
306 1581 396 1623 Deo
419 1578 606 1623 dicitur:
631 1597 649 1619 «
676 1581 836 1622 Averte
863 1577 1012 1622 oculos
1036 1593 1177 1633 meos,
1202 1594 1257 1622 ne
1282 1578 1460 1623 videant

73 1666 93 1689 >›
119 1648 396 1693 vanitatem1.
422 1666 441 1689 »
468 1648 598 1702 Quod
626 1657 669 1692 et
697 1648 730 1692 si
755 1647 810 1692 de
832 1647 969 1693 oculis
1000 1649 1154 1692 mentis
1182 1648 1348 1694 dictum
1372 1658 1456 1704 est,

69 1719 171 1764 inde
192 1720 346 1780 utique
367 1719 620 1779 proceditin
641 1720 725 1764 hoc
739 1719 888 1764 oculos
905 1720 1059 1774 carnis,
1080 1719 1149 1765 vel
1166 1720 1278 1764 bene
1291 1719 1455 1775 videre,

69 1789 137 1834 vel
151 1790 266 1835 male
285 1809 294 1836 :
315 1806 403 1836 non
419 1789 793 1851 quemadmodum
813 1790 1021 1835 dicuntur
1044 1790 1157 1834 bene
1179 1790 1326 1835 videre
1348 1791 1460 1835 sanis

69 1861 206 1906 oculis
222 1862 457 1917 intuentes,
483 1871 526 1906 et
554 1861 667 1905 male
695 1862 952 1920 lippientes;
986 1862 1061 1905 sed
1094 1862 1204 1905 bene
1232 1861 1379 1905 videre
1403 1862 1459 1906 ad

69 1931 415 1977 subveniendum
430 1967 440 1986 ‚
459 1931 570 1975 male
588 1930 734 1975 videre
752 1931 806 1975 ad
824 1930 1236 1990 concupiscendum.
1251 1931 1458 1984 Quamvis

69 2003 184 2046 enim
201 2018 279 2062 per
294 2003 373 2047 hos
395 2002 624 2047 exteriores
647 2001 796 2046 oeulos
817 2001 1014 2047 videatur
1029 2012 1071 2046 et
1089 2017 1250 2062 pauper
1272 2003 1342 2046 cui
1359 2002 1458 2046 sub-

69 2074 259 2128 venitur,
284 2082 327 2118 et
343 2072 499 2118 mulier
519 2088 619 2133 quae
635 2073 980 2131 concupiscitur3
998 2081 1143 2117 tamen
1162 2088 1212 2116 ex
1237 2073 1456 2117 interiori-

71 2144 153 2189 bus
169 2143 224 2188 ad
253 2143 364 2189 male
396 2143 462 2188 vel
491 2143 603 2188 bene
638 2142 875 2187 videndum
903 2143 1194 2195 misericordia
1220 2143 1289 2188 vel
1318 2142 1457 2188 libido

70 2214 281 2275 procedit.
303 2217 394 2260 Cur
414 2230 517 2274 ergo
539 2213 697 2259 dicitur
720 2217 832 2259 Deo:
849 2233 865 2255 «
881 2217 1039 2260 Averte
1057 2214 1207 2260 oculos
1231 2230 1373 2269 meos,
1401 2230 1457 2258 ne

73 2303 93 2327 »
114 2285 290 2331 videant
312 2286 574 2330 vanitatem?
595 2303 614 2326 »
635 2287 725 2330 Cur
748 2285 910 2343 petitur
933 2284 1053 2345 quod
1077 2285 1132 2330 ad
1151 2294 1340 2329 nostram
1365 2300 1456 2345 per-

72 2356 180 2400 tinet
197 2365 453 2415 potestatem
467 2391 478 2411 ,
499 2356 531 2400 si
558 2358 674 2400 Deus
692 2370 780 2399 non
798 2354 976 2415 adjuvat
998 2354 1294 2400 voluntatem?

126 2428 270 2471 XVII.
300 2445 319 2468 «
345 2426 473 2480 Quod
498 2426 620 2486 loqui
643 2441 892 2486 possumus,
920 2427 1084 2486 inquit,
1118 2427 1194 2470 Dei
1214 2436 1307 2472 est:
1334 2427 1454 2487 quod

66 2510 168 2540 vero
191 2496 302 2540 bene
317 2497 385 2540 vel
401 2496 512 2541 male
527 2496 768 2557 loquimur,
793 2505 988 2541 nostrum
1012 2505 1088 2541 est.
1119 2516 1140 2538 υ
1164 2499 1261 2543 Non
1281 2498 1364 2542 hoc
1379 2496 1454 2541 do-

115 2586 122 2602 ¹
148 2580 223 2612 Psai.
247 2591 359 2622 cxviii,
380 2581 430 2622 37.
