1784 3205
327 225 408 263 368
743 238 776 262 s.
813 231 1043 261 Aucusum
1076 233 1257 260 zmscom

326 301 534 345 divinitus
551 301 736 344 animam
756 299 902 343 datam
917 333 929 353 ‚
950 313 1133 358 eamque
1149 313 1237 343 non
1255 298 1344 357 ejus
1366 299 1489 358 cujus
1512 300 1623 342 Deus
1643 308 1707 342 est

325 385 415 415 esse
452 378 619 414 naturae
634 404 644 424 ,
687 369 861 413 remotis
899 368 1152 426 ambagibus
1189 369 1451 412 noverimus.
1495 371 1562 412 An
1595 367 1708 413 forte

325 441 534 485 hactenus
564 449 688 499 putas
716 448 916 482 naturam
938 453 1060 481 suam
1083 438 1240 497 cuique
1270 437 1543 481 nesciendam
1560 472 1570 492 ‚
1597 452 1707 497 qua-

326 520 452 555 tenus
482 525 576 554 eam
611 519 659 553 tu
695 509 852 565 nescis3
891 508 1189 567 hactenusque
1219 507 1460 561 sciendam,
1494 516 1708 566 quatenus

326 595 419 624 eam
438 589 485 624 tu
501 581 605 624 scire
621 578 836 638 potueri83
856 586 906 621 ut
919 577 953 621 si
970 576 1102 636 paulo
1119 576 1302 636 amplius
1320 586 1362 620 te
1379 577 1473 636 quis
1490 576 1704 631 nescierit,

327 666 426 694 eum
449 651 677 709 pecoribus
696 662 934 706 compares,
954 647 1074 707 quod
1091 647 1290 691 scientior
1304 646 1379 691 illo
1397 662 1486 692 esse
1499 647 1677 705 potuisti
1695 665 1703 690 :

327 730 457 779 atque
478 721 536 763 ita
559 720 591 763 si
610 720 705 779 quis
727 733 819 762 eam
845 715 976 776 paulo
993 716 1091 775 plus
1113 726 1154 761 te
1174 717 1344 771 scierit,
1371 716 1522 761 eadem
1544 717 1710 776 justitia

329 798 368 833 te
387 790 459 833 ille
477 790 706 848 pecoribus
727 788 1024 847 comparabit?
1049 788 1124 832 Dic
1146 803 1249 846 ergo
1269 796 1484 846 quatenus
1501 787 1624 831 nobis
1640 802 1710 830 na-

328 869 468 904 turam
491 869 682 904 nostram
705 860 869 903 nescire
891 859 1102 902 concedas
1119 893 1129 912 ,
1155 867 1204 901 ut
1228 873 1250 901 a
1270 857 1498 916 pecoribus
1521 856 1635 901 salva
1658 857 1712 900 sit

327 939 470 974 nostra
492 929 694 973 distantia
723 948 732 973 :
759 938 802 972 et
823 928 1045 973 considera
1068 937 1215 971 tamen
1238 943 1292 971 ne
1325 927 1418 984 plus
1438 942 1461 970 a
1483 926 1712 985 pecoribus

328 999 482 1054 distet,
507 1000 583 1058 qui
604 1001 694 1058 ejus
716 998 884 1058 aliquid
906 999 1069 1043 nescire
1087 1013 1130 1042 se
1149 999 1248 1052 seit,
1274 1012 1405 1056 quam
1428 996 1504 1056 qui
1524 1011 1568 1040 se
1587 1004 1713 1055 putat

327 1070 434 1112 scire
455 1068 575 1127 quod
598 1069 748 1112 nescit.
775 1070 939 1113 Natura
957 1076 1073 1111 certe
1098 1076 1186 1112 tota
1215 1068 1403 1112 hominis
1425 1075 1487 1110 est
1511 1057 1684 1125 spiritu³s
1699 1100 1710 1122 ‚

329 1139 474 1183 anima
497 1149 540 1182 et
562 1153 719 1197 corpus
740 1158 749 1183 z
777 1140 971 1198 quisquis
993 1154 1095 1197 ergo
1126 1155 1150 1182 a
1172 1147 1326 1182 natura
1350 1139 1540 1182 humana
1558 1152 1714 1197 eorpus

328 1208 514 1253 alienare
537 1209 655 1263 vult,
680 1208 850 1266 desipit.
879 1209 1037 1252 Medici
1061 1218 1206 1253 tamen
1229 1209 1304 1268 qui
1325 1207 1599 1266 appellantur
1618 1223 1715 1252 ana-

328 1280 474 1324 tomici
491 1314 502 1334 ,
527 1295 605 1338 per
631 1279 824 1323 membra
843 1313 853 1333 ,
886 1294 962 1337 per
988 1293 1118 1323 venas
1134 1313 1144 1332 ‚
1182 1293 1258 1337 per
1287 1293 1465 1332 nervos7
1490 1293 1566 1336 per
1595 1293 1711 1331 ossa⁷

327 1364 404 1408 per
430 1349 667 1403 medullas,
694 1364 769 1407 per
791 1349 996 1393 interiora
1017 1349 1188 1403 vitalia,
1214 1349 1344 1392 etiam
1373 1349 1495 1392 vivos
1520 1348 1716 1392 homines

327 1419 523 1480 quandiu
544 1419 656 1463 inter
686 1433 839 1463 manus
871 1419 1120 1462 rimantium
1150 1419 1294 1463 vivere
1323 1427 1563 1478 potuerunt
1589 1417 1715 1462 dissi-

328 1490 484 1535 ciendo
511 1490 689 1534 serutati
721 1499 845 1544 sunt,
879 1499 930 1533 ut
953 1499 1154 1534 naturam
1185 1490 1376 1549 corporis
1398 1498 1573 1534 nossent
1602 1507 1610 1533 :
1636 1504 1717 1533 nec

329 1568 473 1603 tamen
495 1574 599 1614 nos,
624 1561 725 1618 quia
752 1560 831 1604 ista
865 1560 1104 1615 nescimus⁷
1130 1561 1359 1619 pecoribus
1390 1569 1711 1619 compararunt.

329 1629 417 1674 Nisi
444 1628 556 1672 forte
584 1629 780 1673 dicturus
807 1644 876 1684 es,
913 1644 984 1673 eos
1012 1631 1240 1688 pecoribus
1269 1629 1604 1689 comparandos,
1641 1630 1718 1689 qui

330 1699 485 1743 animae
503 1708 700 1742 naturam
717 1734 727 1753 ,
754 1714 842 1742 non
865 1701 941 1758 qui
964 1701 1154 1758 corporis
1177 1701 1390 1745 nesciunt.
1416 1692 1513 1745 Non
1536 1715 1638 1759 ergo
1658 1700 1717 1743 ita

330 1769 539 1828 praeloqui
562 1770 764 1813 debuisti.
786 1772 937 1828 Neque
959 1770 1074 1814 enim
1092 1771 1213 1825 aisti,
1243 1790 1263 1813 «
1281 1771 1399 1824 Quid
1416 1771 1564 1815 differt
1585 1771 1717 1815 homo

329 1855 353 1883 a
376 1854 553 1898 pecore,
586 1840 619 1883 si
636 1839 772 1883 nescit
793 1840 848 1882 de
865 1840 1021 1883 animae
1051 1855 1139 1884 suae
1166 1840 1374 1900 qualitate
1410 1850 1540 1900 atque
1564 1849 1717 1884 natura

330 1908 403 1953 sed
423 1910 541 1964 aisti,
576 1910 610 1954 si
632 1910 767 1955 nescit
786 1909 840 1953 de
871 1925 948 1954 sua
975 1911 1183 1970 qualitate
1204 1921 1445 1972 naturaque
1477 1911 1717 1972 disquirere

334 1988 464 2039 atque
485 1981 707 2025 disserere.
736 1998 757 2021 »
778 1980 972 2033 Qualitas
994 1983 1145 2041 utique
1167 1991 1312 2027 nostra
1335 1992 1377 2027 et
1399 1991 1553 2026 natura
1574 1991 1719 2027 nostra

331 2065 432 2094 cum
455 2066 634 2110 corpore
661 2060 939 2111 computatur
956 2087 967 2108 ‚
993 2053 1190 2112 quamvis
1213 2053 1267 2097 de
1284 2054 1350 2097 his
1372 2054 1532 2112 quibus
1549 2061 1718 2098 consta-

332 2135 428 2164 mus
463 2120 711 2179 singillatim
753 2122 931 2180 singulis
971 2123 1219 2166 disseratur.
1266 2126 1427 2168 Verum
1469 2139 1548 2183 ego
1585 2138 1718 2183 quam

332 2191 470 2235 multa
496 2191 654 2250 possim
684 2190 738 2235 de
772 2193 957 2236 hominis
983 2201 1138 2236 natura
1168 2194 1446 2237 scientissime
1471 2193 1715 2253 disputare,

332 2262 366 2305 si
398 2260 612 2321 explicare
636 2262 765 2306 velim
785 2298 796 2317 ,
831 2263 956 2322 plura
985 2263 1206 2308 volumina
1228 2264 1421 2323 implebo
1447 2284 1455 2309 z
1489 2265 1626 2310 mul-ta
1648 2279 1719 2309 me

332 2340 478 2375 tamen
500 2332 698 2389 ignorare
724 2333 951 2377 confiteor.

392 2403 467 2443 IV.
506 2404 571 2445 Tu
605 2411 750 2446 autem
782 2418 871 2463 quo
905 2403 966 2447 vis
995 2404 1235 2462 pertinere,
1272 2404 1391 2464 quod
1419 2406 1463 2448 in
1497 2404 1716 2464 superiore

331 2469 444 2514 libro
461 2469 514 2513 de
533 2471 638 2515 flatu
659 2472 843 2516 hominis
860 2473 1196 2531 disputavimus,
1223 2483 1371 2517 utrum
1389 2474 1443 2517 ad
1466 2474 1622 2518 animae
1640 2488 1715 2517 na-

332 2548 496 2596 turam,
516 2542 618 2600 quia
634 2541 723 2600 ipsa
750 2541 793 2586 id
816 2543 903 2601 agit
925 2543 968 2588 in
991 2543 1187 2600 homine3
1208 2558 1262 2588 an
1279 2542 1332 2588 ad
1351 2544 1539 2603 corporis
1556 2578 1567 2601 ‚
1587 2542 1711 2604 quod
