1804 3205
315 227 475 258 comm
510 227 618 259 ntus
648 230 780 259 nius-r.
816 227 1044 259 Peneum.
1081 232 1161 259 Lus.
1199 234 1246 259 11.
1396 221 1473 261 451

93 295 136 341 Si
175 304 320 340 autem
358 296 404 340 in
436 296 705 355 baptizandis
739 297 952 357 parvulis,
978 307 1022 342 et
1060 298 1232 342 nullum
1269 298 1470 342 meritum

90 366 270 411 omnino
293 368 537 426 praecedere
564 387 572 412 ;
597 376 801 412 ettamen
828 368 967 412 fatum
989 383 1078 412 non
1106 384 1194 413 esse
1216 370 1477 427 conceditis,

89 451 167 482 cur
183 452 262 481 nos
282 438 460 497 quando
479 439 661 483 dicimus
678 440 857 497 gratiam
880 439 954 484 Dei
975 448 1199 499 propterea
1216 440 1345 498 gratis
1363 439 1474 494 dari,

91 522 146 553 ne
163 509 299 568 gratia
321 525 410 554 non
433 512 507 565 sit,
532 520 574 554 et
605 526 695 555 non
719 520 925 571 tanquam
955 509 1150 556 debitam
1186 511 1346 555 meritis
1369 527 1480 570 prae-

92 580 346 625 cedentibus
364 579 510 636 reddi,
531 580 608 625 fati
630 591 858 626 assertores
878 597 967 626 esse
984 582 1180 642 jactatis?
1201 597 1291 626 non
1318 581 1479 625 intelli-

93 659 258 708 gentes,
282 650 327 695 in
343 652 631 711 justificandis
652 653 810 712 impiis,
835 652 945 697 sicut
969 663 1198 713 propterea
1221 653 1373 697 merita
1395 667 1486 696 non

93 731 223 777 sunt,
257 726 359 782 quia
380 724 456 767 Dei
486 724 618 782 gratia
649 733 739 782 est,
767 725 826 769 ita
854 734 1080 785 propterea
1100 741 1186 770 non
1215 739 1305 769 esse
1328 723 1484 779 fatum,

94 793 195 852 quia
226 794 300 837 Dei
324 794 456 852 gratia
488 804 575 849 est,
605 795 662 838 ita
692 804 920 854 propterea
957 811 1046 841 non
1076 811 1165 842 esse
1188 796 1487 855 acceptionem

95 877 395 921 personarum,
420 864 522 924 quia
548 865 622 908 Dei
646 866 779 922 gratia
801 874 880 910 est.

151 935 255 979 ΧΠ.
277 937 435 979 Fatum
454 935 617 996 quippe
631 936 707 995 qui
729 936 963 990 affirmant,
989 934 1043 980 de
1061 936 1252 980 siderum
1271 934 1483 994 positione

94 1002 150 1048 ad
168 1013 338 1064 tempus
354 1022 443 1067 quo
464 1007 709 1066 concipitur
725 1007 910 1067 quisque
929 1007 998 1051 vel
1012 1007 1218 1060 nascitur,
1236 1021 1343 1064 quas
1361 1018 1481 1049 cons·

94 1075 336 1122 tellationes
371 1087 552 1131 vocant,
583 1092 673 1121 non
704 1077 847 1121 solum
886 1088 1004 1121 actus
1039 1086 1083 1121 et
1119 1086 1297 1130 eventa,
1333 1088 1488 1119 verum

93 1147 223 1191 etiam
244 1148 355 1207 ipsas
380 1157 546 1193 nostras
566 1148 814 1192 voluntates
843 1147 1038 1207 pendere
1072 1146 1349 1192 contendunt
1377 1165 1387 1190 2
1414 1144 1492 1189 Dei

93 1232 198 1262 vero
220 1219 356 1277 gratia
378 1235 467 1263 non
496 1218 637 1262 solum
659 1218 805 1262 omnia
834 1217 976 1262 sidera
998 1228 1042 1262 et
1064 1233 1213 1262 omnes
1240 1217 1390 1271 coelos,
1418 1231 1494 1260 vc·

97 1305 194 1334 rum
220 1290 350 1334 etiam
372 1306 522 1336 omnes
542 1289 731 1349 Angelos
753 1289 1095 1349 supergreditur.
1136 1289 1300 1333 Deinde
1324 1289 1400 1332 fati
1423 1303 1492 1331 as-

96 1369 278 1406 sertores
308 1371 351 1406 et
373 1362 487 1406 bona
518 1371 560 1405 et
593 1359 703 1404 mala
725 1361 958 1404 hominum
990 1360 1079 1405 fato
1112 1361 1313 1405 tribuunt
1341 1379 1349 1403 ι
1377 1363 1490 1403 Deus

99 1441 244 1476 autem
267 1432 312 1476 in
334 1432 456 1476 malis
486 1433 714 1477 hominum
751 1432 903 1476 merita
938 1448 1090 1476 eorum
1127 1432 1276 1476 debita
1304 1430 1490 1474 retribu-

100 1503 220 1548 tione
247 1503 542 1564 persequitur,
568 1504 682 1548 hona
708 1518 810 1547 vero
832 1518 908 1562 per
934 1503 1175 1546 indebitam
1205 1502 1387 1560 gratiam
1411 1500 1496 1543 mi-

101 1573 306 1618 sericordi
336 1573 564 1621 voluntate
600 1573 806 1631 largitur,
837 1582 1073 1632 utrumque
1103 1572 1264 1616 [aciens
1293 1587 1382 1615 non
1415 1585 1490 1629 per

103 1643 327 1688 stellarum
358 1643 596 1703 temporale
624 1643 890 1688 consortium
907 1677 919 1698 ,
943 1642 1019 1686 sed
1042 1657 1117 1701 per
1138 1658 1227 1686 suae
1254 1640 1493 1685 severitatis

104 1724 148 1759 et
169 1716 373 1760 bonitatis
394 1725 607 1760 aeternum
626 1713 852 1773 altumque
877 1712 1120 1757 consilium.
1150 1715 1364 1757 Neutrum
1390 1725 1494 1769 ergo

106 1787 321 1846 pertinere
342 1786 540 1831 videmus
559 1785 614 1829 ad
634 1785 790 1828 fatum.
818 1784 899 1828 Hic
926 1783 961 1827 si
980 1781 1271 1841 respondetis,
1293 1783 1404 1825 hanc
1423 1781 1491 1839 ip-

106 1872 198 1902 sam
229 1857 305 1902 Dei
336 1855 709 1910 benevolentiam,
748 1870 835 1914 qua
860 1869 950 1897 non
983 1854 1134 1897 merita
1164 1853 1383 1912 sequitur,
1423 1849 1500 1895 sed

109 1928 222 1972 bona
243 1927 438 1972 indebita
455 1928 641 1986 gratuita
660 1926 853 1970 bonitate
867 1924 1063 1982 largitur,
1086 1923 1225 1967 fatum
1250 1923 1392 1982 potius
1409 1934 1501 1965 esse

107 1999 345 2044 dicendum
371 2019 379 2044 :
410 2014 511 2044 cum
539 1999 653 2042 hanc
680 1996 914 2056 Apostolus
944 1996 1124 2054 gratiam
1154 2005 1301 2048 vocet,
1331 1992 1496 2046 dicens,

111 2089 132 2113 «
151 2070 299 2114 Gratia
314 2069 421 2114 salvi
437 2068 541 2114 facti
558 2068 656 2112 estis
672 2082 748 2127 per
763 2066 911 2120 fidem,
931 2075 975 2110 et
988 2066 1070 2109 hoc
1086 2080 1176 2109 non
1194 2080 1245 2108 ex
1263 2063 1403 2117 vobis,
1424 2059 1503 2105 sed

114 2159 135 2183 »
158 2141 236 2186 Dei
258 2141 426 2185 donum
449 2148 535 2195 est,
564 2154 654 2183 non
673 2152 723 2181 ex
743 2137 971 2196 operibus,
996 2150 1051 2179 ne
1073 2134 1187 2179 forte
1209 2134 1304 2194 quis
1325 2130 1503 2177 extolla-

113 2231 133 2254 »
159 2214 246 2256 tur¹
269 2231 278 2257 ε
307 2230 326 2253 »
349 2225 496 2255 nonne
510 2207 750 2262 attenditis,
771 2221 917 2251 nonne
936 2206 1194 2265 perspicitis,
1223 2219 1312 2247 non
1335 2220 1357 2246 a
1377 2201 1508 2246 nobis

111 2282 270 2328 divinae
293 2282 442 2341 gratiae
464 2280 641 2325 nomine
664 2278 803 2322 fatum
825 2277 967 2329 asseri,
989 2275 1064 2319 sed
1082 2291 1105 2319 a
1124 2275 1245 2321 vobis
1268 2273 1411 2333 potius
1434 2271 1502 2316 di-

113 2353 259 2398 vinam
282 2353 464 2412 gratiam
482 2349 558 2395 fati
580 2349 757 2394 nomine
776 2345 1048 2406 nuncupari?

172 2426 299 2468 xm.
334 2426 554 2482 Itemque,
581 2419 775 2478 acceptio
800 2429 1080 2477 personarum
1102 2414 1164 2458 ibi
1188 2422 1303 2458 recte
1325 2412 1502 2467 dicitur,

115 2496 194 2542 ubi
218 2495 290 2540 ille
310 2495 388 2556 qui
403 2493 574 2556 judicat
595 2491 846 2551 relinquens
866 2503 1007 2535 causae
1028 2486 1234 2533 meritum
1255 2485 1310 2530 de
1331 2499 1418 2545 qua
1433 2485 1508 2544 Ju-

167 2587 179 2604 ι
194 2571 312 2624 Ephee'.
328 2582 365 2623 u,
383 2579 419 2614 8.

1256 2622 1326 2664 29.
