1804 3205
348 252 401 280 nn
432 249 569 283 ΑΝῙΜΛ
602 255 654 284 131·
686 256 782 285 Esus
814 258 1009 298 oneum,
1043 261 1125 289 nn.
1163 264 1192 290 ι,
1377 257 1456 297 311

81 316 328 362 defensores
343 320 592 378 propaginis
605 323 847 368 animarum
867 360 877 378 ,
897 326 998 385 quia
1011 324 1178 371 dictum
1191 337 1276 384 est,
1299 349 1318 372 «
1335 346 1466 378 omne

80 402 216 446 genus
237 388 464 434 hominum
480 405 531 434 ex
549 407 638 437 uno
654 394 884 452 sanguine,
906 404 1112 474 tanquam
1131 409 1358 458 propterea
1374 404 1463 449 sola

76 472 178 504 caro
207 460 418 517 pertineat
455 462 509 505 ad
532 464 864 522 propaginem.»
893 466 936 511 Si
953 468 1067 511 enim
1092 469 1175 513 hoc
1198 479 1262 515 est
1278 486 1460 529 verum,

76 528 197 588 quod
214 531 282 574 isti
303 535 523 576 asserunt²
542 568 553 588 ‚
578 544 733 579 utnon
754 537 807 581 sit
824 538 964 583 anima
996 554 1047 582 ex
1070 539 1233 597 anima,
1255 542 1331 587 sed
1362 560 1463 590 earo

76 615 128 645 ex
149 616 278 646 carne
299 604 352 647 sit
377 612 578 651 tantum:
598 607 654 650 ita
677 606 842 652 dictum
865 618 943 664 est,
969 628 988 651 «
1013 625 1063 654 ex
1081 627 1169 656 uno
1190 616 1423 673 sanguine,
1439 636 1458 658 ι)

74 681 124 717 ut
141 687 231 717 non
247 682 361 718 totus
376 675 508 721 homo
525 678 838 736 significaretur
854 696 876 725 a
895 690 1037 740 parte,
1055 683 1129 727 sed
1147 692 1319 730 tantum
1334 689 1462 733 unius

73 743 261 787 hominis
283 759 382 790 caro
406 765 415 790 ;
439 746 549 791 illud
567 763 669 794 vero
686 750 805 809 quod
828 751 995 796 dictum
1016 762 1106 808 est,
1130 755 1175 799 in
1196 771 1285 815 quo
1311 772 1461 803 omnes

72 826 387 872 peccaverunt,
423 817 514 862 sola
543 820 740 864 omnium
776 822 1005 867 hominum
1043 840 1143 870 caro
1179 826 1461 887 intelligenda

71 893 166 939 est,
199 901 299 945 quae
327 888 430 933 inde
452 890 666 935 transfusa
701 901 785 947 est,
820 909 843 937 a
874 902 964 938 toto
997 904 1164 953 partem
1189 898 1461 956 significante

71 956 307 1015 Sciiptula.
335 960 378 1003 Si
401 969 547 1004 autem
568 960 677 1006 illud
693 972 757 1007 est
779 978 928 1007 verum
940 965 1092 1023 ‚quod
1114 975 1230 1011 totus
1252 969 1385 1014 homo
1406 985 1457 1014 ex

70 1034 163 1072 toto
191 1029 369 1074 homine
392 1041 682 1091 propagatur,
709 1034 753 1078 id
784 1043 874 1090 est,
901 1050 1086 1095 corpus,
1119 1039 1262 1083 anima
1289 1049 1331 1085 et
1368 1042 1457 1101 spi-

68 1098 174 1143 ritus
207 1115 216 1141 ε
251 1100 310 1144 ibi
347 1104 521 1161 proprie
553 1104 722 1149 dictum
753 1115 839 1161 est,
879 1107 924 1150 in
956 1123 1045 1167 quo
1074 1124 1223 1154 omnes
1260 1110 1458 1158 homines

67 1180 386 1229 peccaverunt3
419 1173 489 1218 hic
520 1185 666 1220 autem
702 1177 887 1236 tropice,
923 1197 942 1220 «
973 1193 1023 1222 ex
1054 1195 1143 1224 uno
1175 1183 1405 1239 sanguine,
1435 1204 1453 1226 »

66 1249 209 1287 totum
237 1244 506 1302 significatur
527 1263 550 1291 a
574 1257 720 1307 par,te
753 1250 798 1293 id
827 1259 917 1305 est,
953 1260 1070 1296 totus
1103 1253 1261 1310 homo,
1295 1256 1370 1315 qui
1403 1271 1455 1300 ex

66 1312 209 1356 anima
231 1323 401 1360 constat
418 1325 461 1360 et
483 1332 632 1373 carne,
654 1318 722 1363 vel
744 1320 909 1377 potius,
932 1330 981 1366 ut
1000 1321 1079 1367 iste
1099 1332 1212 1368 amat
1233 1324 1382 1385 loqui,
1403 1341 1454 1370 ex

64 1382 207 1427 anima
229 1393 272 1428 et
293 1385 447 1444 spiritu
469 1396 512 1432 et
536 1404 679 1434 carne.
706 1392 814 1435 Nam
837 1401 880 1436 et
911 1407 961 1436 ex
982 1403 1104 1452 parte
1126 1404 1296 1451 totum,
1327 1406 1370 1441 et
1403 1413 1453 1442 ex

66 1461 158 1497 toto
180 1464 347 1512 partem
379 1456 526 1503 divina
549 1459 720 1519 eloquia
747 1462 984 1519 significare
1018 1475 1352 1510 consueverunt.
1388 1470 1452 1512 Ex

67 1533 191 1582 parte
212 1527 327 1570 enim
356 1535 499 1572 totum
522 1530 811 1588 significatum
835 1542 919 1588 est,
954 1535 1031 1578 ubi
1063 1535 1249 1594 legitur,
1276 1555 1295 1578 «
1321 1538 1391 1582 Ad
1412 1547 1455 1582 te

63 1611 84 1635 »
111 1596 252 1640 omnis
283 1611 382 1642 caro
405 1599 576 1644 veniet2
606 1619 614 1645 :
643 1619 662 1643 »
699 1603 800 1662 quia
825 1618 875 1647 ex
898 1619 1026 1648 carne
1049 1605 1306 1664 intelligitur
1337 1616 1455 1653 totus

60 1665 209 1711 homo.
231 1669 296 1712 Ex
312 1677 406 1714 toto
423 1679 568 1715 autem
583 1687 680 1730 pars
692 1708 704 1727 ,
723 1688 823 1718 cum
842 1674 1002 1720 dicitur
1015 1676 1213 1721 Christus
1231 1678 1448 1736 sepultUS‚

60 1750 161 1780 cum
189 1736 278 1782 sola
307 1740 399 1797 ejus
428 1755 528 1785 caro
560 1743 729 1801 sepulta
762 1744 829 1789 sit.
869 1747 965 1789 Jam
994 1745 1105 1790 illud
1133 1746 1255 1806 quod
1287 1747 1333 1791 in
1366 1749 1450 1792 hoc

63 1808 256 1863 Apostoli
280 1811 527 1856 testimonio
548 1813 738 1870 positum
760 1823 844 1869 est,
871 1816 973 1875 quia
997 1834 1018 1858 «
1040 1819 1137 1875 Ipse
1154 1816 1230 1861 dat
1245 1818 1450 1862 omnibus

62 1893 83 1917 »
102 1877 233 1921 vitam
247 1888 289 1922 et
306 1881 523 1937 spiritum,
538 1901 557 1924 n
576 1886 817 1929 secundum
828 1887 1093 1945 superiorem
1111 1887 1448 1947 disputationem

59 1956 168 2006 puto
201 1949 320 2009 quod
343 1951 562 1997 neminem
585 1964 770 1999 moveat.
799 1959 896 2014 Ipse
917 1957 1035 2000 enim
1061 1957 1136 2001 dat
1163 1977 1172 2002 :
1196 1958 1272 2002 sed
1304 1957 1447 2003 adhuc

59 2020 294 2078 quaerimus
315 2021 435 2066 unde
458 2022 554 2078 det,
589 2033 738 2070 utrum
761 2040 811 2069 ex
832 2041 945 2071 nova
974 2027 1291 2084 insufflatione,
1317 2045 1373 2074 an
1398 2044 1448 2073 ex

58 2091 312 2149 propagine.
350 2094 447 2151 Ipse
485 2095 647 2154 quippe
684 2096 788 2140 dare
818 2097 949 2142 etiam
983 2099 1123 2143 carnis
1159 2101 1446 2145 substantiam

59 2161 292 2206 rectissime
326 2162 512 2221 dicitur,
542 2181 673 2226 quam
698 2176 843 2212 tamen
877 2168 981 2213 dare
1012 2184 1065 2214 ex
1092 2171 1329 2230 propagine
1355 2187 1445 2231 non

58 2242 257 2292 negatur.

116 2305 282 2349 XXIX.
307 2307 434 2350 Nunc
462 2306 686 2353 videamus
713 2309 825 2354 illud
853 2309 908 2354 de
935 2312 1092 2356 Genesi
1119 2313 1413 2357 testimonium
1431 2349 1442 2369 ‚

58 2374 137 2418 ubi
157 2373 271 2420 facta
299 2375 456 2421 mulier
485 2378 540 2423 de
568 2379 702 2424 latere
726 2381 829 2436 viri,
865 2381 1052 2427 adducta
1084 2392 1147 2428 est
1174 2384 1230 2428 ad
1252 2400 1376 2441 eum,
1402 2395 1444 2430 et

59 2442 195 2500 dixit,
224 2464 245 2487 «
271 2448 364 2492 Hoc
386 2463 505 2493 nunc
530 2464 578 2494 os
607 2464 658 2493 ex
686 2451 854 2496 ossibus
874 2452 980 2496 meis
997 2487 1008 2507 ,
1041 2462 1085 2497 et
1112 2469 1212 2499 caro
1233 2454 1289 2499 de
1315 2471 1444 2500 carne

65 2531 86 2554 »
107 2528 218 2558 mea.
247 2533 268 2556 »
295 2518 388 2561 Hoc
410 2519 574 2578 quippe
600 2529 725 2578 putat
751 2521 853 2576 iste,
894 2541 914 2565 «
939 2524 1058 2583 quod
1081 2523 1224 2569 dicere
1246 2524 1445 2569 debuerit

109 2605 116 2620 ¹
139 2599 243 2631 For-te
263 2600 324 2632 iste
341 2602 464 2635 asserit.
481 2621 520 2627 -
536 2611 547 2626 ²
570 2603 647 2636 Psal.
668 2615 753 2647 niv,
775 2606 803 2638 3.
