1784 3205
293 225 376 264 450
717 237 750 261 s.
788 233 1019 260 Aucusmm
1052 232 1234 259 nuscum

284 300 380 344 filiis
402 300 631 344 hominum
652 298 700 342 in
714 298 790 342 Dei
804 296 912 340 filios
935 310 1026 340 non
1047 295 1237 353 negatis,
1260 294 1347 338 imo
1362 294 1492 338 etiam
1515 293 1674 352 praedi-

283 370 402 415 catis.
432 368 567 413 Dicite
590 382 691 426 ergo
719 367 864 420 nobis,
897 366 1164 426 quicumque
1196 364 1403 424 baptizati
1431 364 1477 408 in
1501 364 1674 410 Christo

282 440 451 501 parvuli
469 440 524 484 de
548 455 727 499 corpore
740 441 968 495 exierunt,
988 437 1071 482 hoc
1090 446 1179 481 tam
1198 434 1383 480 sublime
1395 435 1561 480 donum
1582 435 1675 495 qui-

283 510 365 557 bus
388 511 734 572 praecedentibus
766 508 927 552 meritis
951 508 1241 566 acceperunt?
1270 506 1312 551 Si
1340 505 1533 550 dixeritis
1550 541 1560 559 ‚
1593 506 1677 550 hoc

283 597 354 626 eos
371 591 599 641 parentum
618 582 776 640 pietate
795 579 998 622 meruisse
1020 595 1030 623 :
1048 576 1401 637 Respondebitur
1428 576 1565 630 vobiS,
1587 577 1677 620 Cur

281 653 517 712 aliquando
536 653 707 712 piorum
724 650 822 695 liliis
841 659 1023 708 negatur
1039 649 1124 693 hoc
1140 649 1325 701 bonum,
1346 656 1389 691 et
1407 647 1503 691 liliis
1517 646 1676 690 tribui-

280 732 351 767 tur
373 724 634 783 impiorum?
656 725 985 781 Nonnunquam
1010 720 1127 764 enim
1155 718 1209 763 de
1232 718 1441 777 religiosis
1458 727 1552 762 orta
1574 731 1678 776 pro-

278 794 339 837 les
361 793 407 836 in
429 802 575 838 tenera
600 802 727 837 aetate
748 802 879 852 atque
904 791 959 835 ab
986 799 1111 835 utero
1140 790 1433 834 recentissima
1459 787 1676 848 praeveni-

278 873 350 907 tur
373 874 532 918 morte,
557 874 657 908 ante
676 879 809 924 quam
826 862 998 907 lavacro
1025 860 1363 919 regenerationis
1386 858 1615 916 abluatur,
1636 866 1680 902 et

278 932 419 978 infans
444 942 569 978 natus
597 949 646 977 ex
678 933 861 977 inimicis
888 932 1048 977 Christi
1083 929 1372 974 misericordia
1398 929 1678 975 Christiano-

280 1018 376 1048 rum
400 1003 644 1061 baptizatur
673 1003 718 1046 in
740 1003 911 1048 Christo
939 1021 946 1046 :
982 1000 1148 1059 plangit
1170 1001 1390 1059 baptizata
1419 1009 1556 1043 mater
1586 1013 1676 1042 non

280 1074 546 1132 baptizatum
566 1075 814 1133 proprium,
834 1084 876 1117 et
904 1064 959 1117 ab
987 1072 1207 1131 impudica
1227 1071 1500 1130 expositum,
1530 1070 1679 1128 bapti-

280 1144 467 1188 zandum
484 1153 599 1186 casta
616 1141 773 1186 foetum
787 1143 950 1200 colligit
966 1142 1174 1186 alienum.
1196 1142 1276 1186 Hic
1301 1151 1417 1185 certe
1436 1140 1589 1184 merita
1605 1155 1681 1199 pa-

282 1223 454 1257 rentum
476 1222 645 1268 vacant,
661 1222 817 1257 vacant
832 1213 954 1257 vobis
963 1212 1199 1255 fatentibus
1216 1213 1358 1270 ipsum
1375 1212 1504 1254 etiam
1515 1226 1674 1270 parvu-

279 1282 437 1327 lorum.
472 1283 637 1327 Scimus
660 1282 774 1326 enim
800 1297 873 1326 vos
896 1297 985 1325 non
1008 1282 1090 1326 hoc
1114 1280 1168 1325 de
1191 1282 1336 1325 anima
1359 1281 1557 1324 humana
1583 1294 1682 1323 cre-

282 1352 532 1414 dere,quod
550 1362 650 1396 ante
677 1368 834 1411 corpus
851 1361 1071 1396 terrenum
1084 1351 1244 1395 alicubi
1267 1350 1435 1404 vixerit,
1459 1358 1502 1393 et
1516 1349 1682 1409 aliquid

283 1424 514 1483 operatasit
532 1423 598 1467 vel
620 1423 723 1467 boni
748 1422 814 1467 vel
840 1422 956 1477 mali,
987 1421 1103 1465 unde
1119 1423 1245 1466 istam
1268 1422 1315 1465 in
1329 1436 1457 1465 carne
1470 1419 1682 1464 differen-

285 1494 387 1537 tiam
402 1504 653 1538 mereretur.
675 1497 783 1547 Quae
801 1494 934 1552 igitur
953 1508 1080 1537 causa
1094 1492 1196 1536 huic
1215 1490 1396 1551 parvulo
1415 1491 1680 1549 baptismum

287 1564 554 1622 procuravit,
580 1563 641 1606 illi
656 1564 856 1621 negavit?
872 1566 940 1606 An
954 1563 1035 1621 ipsi
1054 1562 1194 1607 fatum
1214 1562 1376 1606 habent
1393 1596 1403 1615 ,
1424 1560 1525 1620 quia
1548 1560 1680 1603 meri-

292 1642 385 1676 tum
409 1649 497 1677 non
516 1634 705 1677 habent?
729 1642 803 1677 aut
824 1633 870 1676 in
890 1633 956 1676 his
980 1642 1043 1676 est
1062 1633 1254 1690 acceptio
1276 1648 1300 1676 a
1321 1632 1505 1676 Domino
1532 1645 1680 1690 perso-

286 1704 467 1746 narum?
487 1706 596 1748 Nam
619 1713 855 1763 utrumque
874 1702 1053 1757 dixistis,
1074 1702 1192 1761 prius
1207 1702 1363 1754 fatum,
1382 1701 1680 1760 acceptionem

288 1782 434 1832 postea
465 1788 747 1831 personarum
782 1792 790 1817 ε
818 1782 866 1816 ut
888 1772 1096 1832 quoniam
1132 1782 1369 1831 utrumque
1398 1769 1680 1814 refutandum

288 1854 372 1897 est,
405 1853 623 1887 remaneat
643 1843 764 1902 quod
798 1842 929 1888 vultis
953 1842 1157 1887 adversus
1187 1844 1369 1901 gratiam
1402 1841 1678 1886 introducere

288 1915 505 1958 meritum.
532 1913 808 1973 Respondete
830 1914 962 1972 igitur
990 1912 1045 1957 de
1079 1913 1242 1957 meritis
1266 1912 1549 1972 parvulorum
1566 1946 1578 1967 ,
1603 1927 1680 1956 cur

289 1982 359 2027 alii
380 1983 602 2042 baptizati,
626 1983 698 2027 alii
721 1999 811 2027 non
828 1983 1036 2042 baptizati
1052 1983 1106 2027 de
1121 1983 1376 2042 corporibus
1392 1990 1573 2035 exeant,
1599 1996 1679 2026 nec

288 2063 519 2111 parentum
545 2054 706 2097 meritis
736 2053 805 2098 vel
829 2053 1022 2112 polleant
1052 2052 1120 2098 vel
1144 2063 1315 2098 careant
1337 2064 1425 2097 tam
1449 2051 1679 2097 excellenti

288 2122 420 2177 bono,
442 2133 489 2166 ut
512 2124 619 2166 fiant
637 2122 714 2166 filii
733 2123 809 2166 Dei
823 2140 873 2166 ex
885 2124 1116 2167 hominum
1137 2123 1253 2179 filiis,
1276 2122 1406 2168 nullis
1421 2132 1672 2184 parentum,

286 2192 416 2236 nullis
440 2193 600 2236 meritis
622 2193 723 2236 suis.
748 2194 913 2251 Nempe
937 2193 1147 2250 reticetis,
1172 2202 1215 2237 et
1235 2209 1310 2238 vos
1333 2194 1445 2252 ipsos
1467 2193 1612 2252 potius
1628 2192 1677 2236 in

286 2277 336 2306 eo
359 2263 479 2322 quod
506 2263 631 2307 nobis
649 2262 850 2322 objicitis,
879 2263 1097 2306 invenitis.
1119 2266 1229 2308 Nam
1254 2263 1287 2307 si
1310 2263 1387 2306 ubi
1405 2279 1493 2307 non
1508 2272 1571 2307 est
1590 2277 1676 2306 me-

285 2336 438 2389 ritum,
466 2344 783 2396 consequenter
807 2350 895 2378 esse
915 2335 1053 2379 dicitis
1071 2334 1210 2378 fatum
1228 2370 1239 2390 ,
1265 2343 1308 2377 et
1329 2335 1386 2378 ob
1409 2335 1493 2378 hoc
1515 2334 1558 2378 in
1577 2349 1675 2391 gra-

285 2404 342 2448 tia
366 2406 442 2448 Dei
462 2406 666 2449 meritum
702 2405 889 2450 hominis
915 2405 1044 2449 vultis
1067 2404 1273 2464 intelligi,
1299 2420 1353 2448 nc
1372 2403 1513 2449 fatum
1545 2418 1675 2462 cogam

292 2476 396 2519 mini
419 2476 637 2534 confiteri,
668 2492 765 2521 ecce
787 2492 862 2521 vos
890 2477 1033 2536 potius
1064 2476 1245 2521 asseritis
1274 2474 1415 2520 fatum
1448 2476 1492 2519 in
1515 2475 1672 2534 baptis-

291 2555 405 2589 mate
424 2545 720 2604 parvulorum,
739 2561 925 2605 quorum
943 2545 1113 2591 nullum
1129 2562 1219 2591 esse
1234 2544 1427 2591 fatemini
1449 2545 1668 2590 meritum.
1718 2566 1724 2569 κ
