<?xml version="1.0" encoding="UTF-8"?>
<!DOCTYPE html PUBLIC "-//W3C//DTD XHTML 1.0 Transitional//EN"
    "http://www.w3.org/TR/xhtml1/DTD/xhtml1-transitional.dtd">
<html xmlns="http://www.w3.org/1999/xhtml" xml:lang="en" lang="en">
 <head>
  <title>
</title>
<meta http-equiv="Content-Type" content="text/html;charset=utf-8" />
  <meta name='ocr-system' content='tesseract 3.04.00' />
  <meta name='ocr-capabilities' content='ocr_page ocr_carea ocr_par ocr_line ocrx_word'/>
</head>
<body>
  <div class='ocr_page' id='page_1' title='image "./operaomniaaccura34auguuoft/operaomniaaccura34auguuoft_0224.png"; bbox 0 0 1784 3205; ppageno 0'>
   <div class='ocr_carea' id='block_1_1' title="bbox 310 213 1257 255">
    <p class='ocr_par' dir='ltr' id='par_1_1' title="bbox 310 213 1257 255">
     <span class='ocr_line' id='line_1_1' title="bbox 310 213 1257 255; baseline -0.005 -5"><span class='ocrx_word' id='word_1_1' title='bbox 310 213 390 250; x_wconf 65' lang='lat'>21¹³</span> <span class='ocrx_word' id='word_1_2' title='bbox 744 221 775 249; x_wconf 85' lang='lat' dir='ltr'>s.</span> <span class='ocrx_word' id='word_1_3' title='bbox 816 222 1043 255; x_wconf 57' lang='lat' dir='ltr'>ancifls‘rmi</span> <span class='ocrx_word' id='word_1_4' title='bbox 1081 221 1257 251; x_wconf 60' lang='lat' dir='ltr'>eviscovi</span> 
     </span>
    </p>
   </div>
   <div class='ocr_carea' id='block_1_2' title="bbox 206 283 1709 2540">
    <p class='ocr_par' dir='ltr' id='par_1_2' title="bbox 303 283 1696 487">
     <span class='ocr_line' id='line_1_2' title="bbox 306 283 1695 339; baseline -0.003 -8"><span class='ocrx_word' id='word_1_5' title='bbox 306 287 555 339; x_wconf 80' lang='lat' dir='ltr'>faciendum</span> <span class='ocrx_word' id='word_1_6' title='bbox 580 301 690 330; x_wconf 83' lang='lat' dir='ltr'>essse</span> <span class='ocrx_word' id='word_1_7' title='bbox 710 285 959 331; x_wconf 82' lang='lat' dir='ltr'>censebant.</span> <span class='ocrx_word' id='word_1_8' title='bbox 991 283 1112 328; x_wconf 86' lang='lat' dir='ltr'>Unde</span> <span class='ocrx_word' id='word_1_9' title='bbox 1135 285 1288 329; x_wconf 83' lang='lat' dir='ltr'>merito</span> <span class='ocrx_word' id='word_1_10' title='bbox 1317 283 1591 333; x_wconf 79' lang='lat' dir='ltr'>immunditia</span> <span class='ocrx_word' id='word_1_11' title='bbox 1612 284 1695 328; x_wconf 84' lang='lat' dir='ltr'>hu-</span> 
     </span>
     <span class='ocr_line' id='line_1_3' title="bbox 303 355 1696 420; baseline -0.003 -18"><span class='ocrx_word' id='word_1_12' title='bbox 303 361 375 420; x_wconf 84' lang='lat' dir='ltr'>jus</span> <span class='ocrx_word' id='word_1_13' title='bbox 403 357 687 417; x_wconf 82' lang='lat' dir='ltr'>impudentiae</span> <span class='ocrx_word' id='word_1_14' title='bbox 709 357 916 401; x_wconf 87' lang='lat' dir='ltr'>caninum</span> <span class='ocrx_word' id='word_1_15' title='bbox 938 369 1098 399; x_wconf 89' lang='lat' dir='ltr'>nomen</span> <span class='ocrx_word' id='word_1_16' title='bbox 1126 356 1292 415; x_wconf 88' lang='lat' dir='ltr'>accepit</span> <span class='ocrx_word' id='word_1_17' title='bbox 1317 374 1326 400; x_wconf 88' lang='lat'><strong>:</strong></span> <span class='ocrx_word' id='word_1_18' title='bbox 1347 370 1400 399; x_wconf 79' lang='lat' dir='ltr'>cx</span> <span class='ocrx_word' id='word_1_19' title='bbox 1423 356 1505 400; x_wconf 92' lang='lat' dir='ltr'>hoc</span> <span class='ocrx_word' id='word_1_20' title='bbox 1535 355 1696 415; x_wconf 84' lang='lat' dir='ltr'>quippe</span> 
     </span>
     <span class='ocr_line' id='line_1_4' title="bbox 308 427 859 487; baseline -0.011 -13"><span class='ocrx_word' id='word_1_21' title='bbox 308 428 460 487; x_wconf 89' lang='lat' dir='ltr'>Cynici</span> <span class='ocrx_word' id='word_1_22' title='bbox 477 427 719 487; x_wconf 86' lang='lat' dir='ltr'>nuncupati</span> <span class='ocrx_word' id='word_1_23' title='bbox 742 434 859 470; x_wconf 85' lang='lat' dir='ltr'>sunt.</span> 
     </span>
    </p>

    <p class='ocr_par' dir='ltr' id='par_1_3' title="bbox 306 493 1704 982">
     <span class='ocr_line' id='line_1_5' title="bbox 365 493 1697 554; baseline -0.003 -12"><span class='ocrx_word' id='word_1_24' title='bbox 365 500 505 543; x_wconf 70' lang='lat' dir='ltr'><strong>XXV,</strong></span> <span class='ocrx_word' id='word_1_25' title='bbox 539 500 641 542; x_wconf 85' lang='lat' dir='ltr'>Haec</span> <span class='ocrx_word' id='word_1_26' title='bbox 673 496 852 541; x_wconf 91' lang='lat' dir='ltr'>omnino</span> <span class='ocrx_word' id='word_1_27' title='bbox 885 495 1259 554; x_wconf 81' lang='lat' dir='ltr'>concupiscentia,</span> <span class='ocrx_word' id='word_1_28' title='bbox 1297 495 1391 538; x_wconf 85' lang='lat' dir='ltr'>haec</span> <span class='ocrx_word' id='word_1_29' title='bbox 1428 493 1496 538; x_wconf 77' lang='lat' dir='ltr'>lex</span> <span class='ocrx_word' id='word_1_30' title='bbox 1532 495 1697 554; x_wconf 89' lang='lat' dir='ltr'>peccati</span> 
     </span>
     <span class='ocr_line' id='line_1_6' title="bbox 306 564 1699 625; baseline -0.004 -11"><span class='ocrx_word' id='word_1_31' title='bbox 306 571 506 615; x_wconf 87' lang='lat' dir='ltr'>habitans</span> <span class='ocrx_word' id='word_1_32' title='bbox 527 570 571 612; x_wconf 84' lang='lat' dir='ltr'>in</span> <span class='ocrx_word' id='word_1_33' title='bbox 595 568 821 622; x_wconf 81' lang='lat' dir='ltr'><strong>membris,</strong></span> <span class='ocrx_word' id='word_1_34' title='bbox 847 566 918 611; x_wconf 95' lang='lat' dir='ltr'>cui</span> <span class='ocrx_word' id='word_1_35' title='bbox 940 564 1009 609; x_wconf 78' lang='lat' dir='ltr'>lex</span> <span class='ocrx_word' id='word_1_36' title='bbox 1036 565 1213 625; x_wconf 83' lang='lat' dir='ltr'>justitiae</span> <span class='ocrx_word' id='word_1_37' title='bbox 1246 573 1366 611; x_wconf 90' lang='lat' dir='ltr'>vetat</span> <span class='ocrx_word' id='word_1_38' title='bbox 1397 564 1597 620; x_wconf 85' lang='lat' dir='ltr'>obedire,</span> <span class='ocrx_word' id='word_1_39' title='bbox 1632 564 1699 609; x_wconf 89' lang='lat' dir='ltr'>di-</span> 
     </span>
     <span class='ocr_line' id='line_1_7' title="bbox 306 637 1699 698; baseline -0.003 -14"><span class='ocrx_word' id='word_1_40' title='bbox 306 650 431 685; x_wconf 80' lang='lat' dir='ltr'>cente</span> <span class='ocrx_word' id='word_1_41' title='bbox 463 639 695 698; x_wconf 84' lang='lat' dir='ltr'>Apostolo‚</span> <span class='ocrx_word' id='word_1_42' title='bbox 727 657 746 680; x_wconf 88' lang='lat'>«</span> <span class='ocrx_word' id='word_1_43' title='bbox 769 640 868 684; x_wconf 90' lang='lat' dir='ltr'>Non</span> <span class='ocrx_word' id='word_1_44' title='bbox 899 652 1002 695; x_wconf 87' lang='lat' dir='ltr'>ergo</span> <span class='ocrx_word' id='word_1_45' title='bbox 1031 646 1182 695; x_wconf 82' lang='lat' dir='ltr'><strong>regnet</strong></span> <span class='ocrx_word' id='word_1_46' title='bbox 1216 641 1441 695; x_wconf 84' lang='lat' dir='ltr'>peccatum</span> <span class='ocrx_word' id='word_1_47' title='bbox 1478 637 1521 679; x_wconf 89' lang='lat' dir='ltr'>in</span> <span class='ocrx_word' id='word_1_48' title='bbox 1557 644 1699 680; x_wconf 88' lang='lat' dir='ltr'>vestro</span> 
     </span>
     <span class='ocr_line' id='line_1_8' title="bbox 310 705 1700 768; baseline -0.001 -16"><span class='ocrx_word' id='word_1_49' title='bbox 310 731 330 753; x_wconf 90' lang='lat'>»</span> <span class='ocrx_word' id='word_1_50' title='bbox 356 709 529 754; x_wconf 82' lang='lat' dir='ltr'>mortali</span> <span class='ocrx_word' id='word_1_51' title='bbox 553 724 733 768; x_wconf 85' lang='lat' dir='ltr'>corpore</span> <span class='ocrx_word' id='word_1_52' title='bbox 767 708 821 753; x_wconf 89' lang='lat' dir='ltr'>ad</span> <span class='ocrx_word' id='word_1_53' title='bbox 853 706 1147 751; x_wconf 81' lang='lat' dir='ltr'>obediendum</span> <span class='ocrx_word' id='word_1_54' title='bbox 1179 705 1399 751; x_wconf 84' lang='lat' dir='ltr'>desideriis</span> <span class='ocrx_word' id='word_1_55' title='bbox 1421 707 1533 766; x_wconf 90' lang='lat' dir='ltr'>ejus,</span> <span class='ocrx_word' id='word_1_56' title='bbox 1557 721 1700 767; x_wconf 90' lang='lat' dir='ltr'>neque</span> 
     </span>
     <span class='ocr_line' id='line_1_9' title="bbox 313 776 1697 837; baseline -0.004 -13"><span class='ocrx_word' id='word_1_57' title='bbox 313 802 330 823; x_wconf 89' lang='lat'>»</span> <span class='ocrx_word' id='word_1_58' title='bbox 352 780 636 824; x_wconf 74' lang='lat' dir='ltr'>exhibueritis</span> <span class='ocrx_word' id='word_1_59' title='bbox 655 779 850 823; x_wconf 84' lang='lat' dir='ltr'>membra</span> <span class='ocrx_word' id='word_1_60' title='bbox 866 786 1005 822; x_wconf 80' lang='lat' dir='ltr'>vestra</span> <span class='ocrx_word' id='word_1_61' title='bbox 1024 792 1141 821; x_wconf 85' lang='lat' dir='ltr'>arma</span> <span class='ocrx_word' id='word_1_62' title='bbox 1159 776 1400 837; x_wconf 85' lang='lat' dir='ltr'>iniquitatis</span> <span class='ocrx_word' id='word_1_63' title='bbox 1416 780 1620 836; x_wconf 79' lang='lat' dir='ltr'>peccato²</span> <span class='ocrx_word' id='word_1_64' title='bbox 1644 796 1653 821; x_wconf 82' lang='lat'>2</span> <span class='ocrx_word' id='word_1_65' title='bbox 1677 794 1697 817; x_wconf 72' lang='lat' dir='ltr'>n</span> 
     </span>
     <span class='ocr_line' id='line_1_10' title="bbox 307 848 1702 910; baseline -0.002 -15"><span class='ocrx_word' id='word_1_66' title='bbox 307 852 425 907; x_wconf 75' lang='lat' dir='ltr'>haec,</span> <span class='ocrx_word' id='word_1_67' title='bbox 452 851 654 910; x_wconf 86' lang='lat' dir='ltr'>inquam,</span> <span class='ocrx_word' id='word_1_68' title='bbox 695 849 1048 910; x_wconf 88' lang='lat' dir='ltr'>concupiscentia</span> <span class='ocrx_word' id='word_1_69' title='bbox 1064 884 1075 904; x_wconf 81' lang='lat'>‚</span> <span class='ocrx_word' id='word_1_70' title='bbox 1102 865 1201 909; x_wconf 84' lang='lat' dir='ltr'>quae</span> <span class='ocrx_word' id='word_1_71' title='bbox 1226 848 1318 893; x_wconf 89' lang='lat' dir='ltr'>solo</span> <span class='ocrx_word' id='word_1_72' title='bbox 1341 857 1608 893; x_wconf 87' lang='lat' dir='ltr'>sacramento</span> <span class='ocrx_word' id='word_1_73' title='bbox 1633 863 1702 892; x_wconf 93' lang='lat' dir='ltr'>re-</span> 
     </span>
     <span class='ocr_line' id='line_1_11' title="bbox 310 919 1704 982; baseline -0.003 -16"><span class='ocrx_word' id='word_1_74' title='bbox 310 923 597 982; x_wconf 83' lang='lat' dir='ltr'>generationis</span> <span class='ocrx_word' id='word_1_75' title='bbox 619 921 818 981; x_wconf 84' lang='lat' dir='ltr'>expiatur</span> <span class='ocrx_word' id='word_1_76' title='bbox 834 919 1064 981; x_wconf 68' lang='lat' dir='ltr'>,sprosecto</span> <span class='ocrx_word' id='word_1_77' title='bbox 1086 921 1253 980; x_wconf 86' lang='lat' dir='ltr'>peccati</span> <span class='ocrx_word' id='word_1_78' title='bbox 1274 919 1500 965; x_wconf 90' lang='lat' dir='ltr'>vinculum</span> <span class='ocrx_word' id='word_1_79' title='bbox 1523 933 1704 978; x_wconf 86' lang='lat' dir='ltr'>regene-</span> 
     </span>
    </p>

    <p class='ocr_par' dir='ltr' id='par_1_4' title="bbox 266 986 1704 1052">
     <span class='ocr_line' id='line_1_12' title="bbox 308 986 1704 1052; baseline -0.002 -15.088"><span class='ocrx_word' id='word_1_80' title='bbox 308 994 475 1037; x_wconf 81' lang='lat' dir='ltr'>ratione</span> <span class='ocrx_word' id='word_1_81' title='bbox 499 993 657 1052; x_wconf 83' lang='lat' dir='ltr'>trajicit</span> <span class='ocrx_word' id='word_1_82' title='bbox 683 993 729 1036; x_wconf 89' lang='lat' dir='ltr'>in</span> <span class='ocrx_word' id='word_1_83' title='bbox 755 986 971 1052; x_wconf 72' lang='lat' dir='ltr'>posteros,</span> <span class='ocrx_word' id='word_1_84' title='bbox 1006 992 1087 1035; x_wconf 88' lang='lat' dir='ltr'>nisi</span> <span class='ocrx_word' id='word_1_85' title='bbox 1115 992 1170 1036; x_wconf 85' lang='lat' dir='ltr'>ab</span> <span class='ocrx_word' id='word_1_86' title='bbox 1203 991 1278 1036; x_wconf 86' lang='lat' dir='ltr'>illo</span> <span class='ocrx_word' id='word_1_87' title='bbox 1301 1001 1344 1036; x_wconf 90' lang='lat' dir='ltr'>et</span> <span class='ocrx_word' id='word_1_88' title='bbox 1372 991 1452 1051; x_wconf 86' lang='lat' dir='ltr'>ipsi</span> <span class='ocrx_word' id='word_1_89' title='bbox 1472 1005 1704 1050; x_wconf 87' lang='lat' dir='ltr'>regenera-</span> 
     </span>
    </p>

    <p class='ocr_par' dir='ltr' id='par_1_5' title="bbox 310 1062 1706 1124">
     <span class='ocr_line' id='line_1_13' title="bbox 310 1062 1706 1124; baseline -0.003 -15"><span class='ocrx_word' id='word_1_90' title='bbox 310 1065 428 1109; x_wconf 85' lang='lat' dir='ltr'>tione</span> <span class='ocrx_word' id='word_1_91' title='bbox 466 1064 706 1109; x_wconf 83' lang='lat' dir='ltr'>solvantur.</span> <span class='ocrx_word' id='word_1_92' title='bbox 748 1067 858 1110; x_wconf 87' lang='lat' dir='ltr'>Nam</span> <span class='ocrx_word' id='word_1_93' title='bbox 889 1064 980 1123; x_wconf 88' lang='lat' dir='ltr'>ipsa</span> <span class='ocrx_word' id='word_1_94' title='bbox 1019 1064 1197 1124; x_wconf 89' lang='lat' dir='ltr'>quidem</span> <span class='ocrx_word' id='word_1_95' title='bbox 1237 1062 1590 1123; x_wconf 85' lang='lat' dir='ltr'>concupiscentia</span> <span class='ocrx_word' id='word_1_96' title='bbox 1616 1062 1706 1121; x_wconf 86' lang='lat' dir='ltr'>jam</span> 
     </span>
    </p>

    <p class='ocr_par' dir='ltr' id='par_1_6' title="bbox 310 1131 1706 1194">
     <span class='ocr_line' id='line_1_14' title="bbox 310 1131 1706 1194; baseline -0.002 -16"><span class='ocrx_word' id='word_1_97' title='bbox 310 1151 399 1179; x_wconf 87' lang='lat' dir='ltr'>non</span> <span class='ocrx_word' id='word_1_98' title='bbox 428 1144 491 1179; x_wconf 85' lang='lat' dir='ltr'>est</span> <span class='ocrx_word' id='word_1_99' title='bbox 525 1144 755 1194; x_wconf 81' lang='lat' dir='ltr'>peccatum</span> <span class='ocrx_word' id='word_1_100' title='bbox 787 1135 833 1178; x_wconf 85' lang='lat' dir='ltr'>in</span> <span class='ocrx_word' id='word_1_101' title='bbox 863 1135 1147 1194; x_wconf 81' lang='lat' dir='ltr'>1·egeneratiS‚</span> <span class='ocrx_word' id='word_1_102' title='bbox 1180 1133 1358 1194; x_wconf 85' lang='lat' dir='ltr'>quando</span> <span class='ocrx_word' id='word_1_103' title='bbox 1388 1134 1449 1177; x_wconf 87' lang='lat' dir='ltr'>illi</span> <span class='ocrx_word' id='word_1_104' title='bbox 1479 1132 1534 1177; x_wconf 85' lang='lat' dir='ltr'>ad</span> <span class='ocrx_word' id='word_1_105' title='bbox 1557 1131 1706 1176; x_wconf 84' lang='lat' dir='ltr'>illicita</span> 
     </span>
    </p>

    <p class='ocr_par' dir='ltr' id='par_1_7' title="bbox 206 1202 1706 1265">
     <span class='ocr_line' id='line_1_15' title="bbox 206 1202 1706 1265; baseline -0.003 -15"><span class='ocrx_word' id='word_1_106' title='bbox 206 1224 225 1250; x_wconf 52' lang='grc' dir='ltr'>ς</span> <span class='ocrx_word' id='word_1_107' title='bbox 311 1221 440 1265; x_wconf 84' lang='lat' dir='ltr'>opera</span> <span class='ocrx_word' id='word_1_108' title='bbox 462 1221 551 1249; x_wconf 88' lang='lat' dir='ltr'>non</span> <span class='ocrx_word' id='word_1_109' title='bbox 571 1206 858 1260; x_wconf 84' lang='lat' dir='ltr'>consentitur,</span> <span class='ocrx_word' id='word_1_110' title='bbox 885 1214 1017 1265; x_wconf 82' lang='lat' dir='ltr'>atque</span> <span class='ocrx_word' id='word_1_111' title='bbox 1042 1214 1090 1248; x_wconf 89' lang='lat' dir='ltr'>ut</span> <span class='ocrx_word' id='word_1_112' title='bbox 1119 1220 1167 1249; x_wconf 84' lang='lat' dir='ltr'>ea</span> <span class='ocrx_word' id='word_1_113' title='bbox 1201 1214 1475 1264; x_wconf 75' lang='lat' dir='ltr'>perpetrent,</span> <span class='ocrx_word' id='word_1_114' title='bbox 1513 1220 1534 1247; x_wconf 88' lang='lat' dir='ltr'>a</span> <span class='ocrx_word' id='word_1_115' title='bbox 1558 1202 1706 1261; x_wconf 86' lang='lat' dir='ltr'>regina</span> 
     </span>
    </p>

    <p class='ocr_par' dir='ltr' id='par_1_8' title="bbox 285 1270 1702 1335">
     <span class='ocr_line' id='line_1_16' title="bbox 285 1270 1702 1335; baseline 0 -19"><span class='ocrx_word' id='word_1_116' title='bbox 285 1270 297 1318; x_wconf 68' lang='lat' dir='ltr'>i}</span> <span class='ocrx_word' id='word_1_117' title='bbox 311 1287 457 1320; x_wconf 87' lang='lat' dir='ltr'>mente</span> <span class='ocrx_word' id='word_1_118' title='bbox 481 1276 676 1319; x_wconf 84' lang='lat' dir='ltr'>membra</span> <span class='ocrx_word' id='word_1_119' title='bbox 696 1291 785 1319; x_wconf 88' lang='lat' dir='ltr'>non</span> <span class='ocrx_word' id='word_1_120' title='bbox 806 1275 967 1319; x_wconf 89' lang='lat' dir='ltr'>dantur</span> <span class='ocrx_word' id='word_1_121' title='bbox 994 1294 1002 1318; x_wconf 74' lang='grc' dir='ltr'>ε</span> <span class='ocrx_word' id='word_1_122' title='bbox 1030 1285 1079 1318; x_wconf 89' lang='lat' dir='ltr'>ut</span> <span class='ocrx_word' id='word_1_123' title='bbox 1100 1277 1135 1318; x_wconf 90' lang='lat' dir='ltr'>si</span> <span class='ocrx_word' id='word_1_124' title='bbox 1160 1291 1248 1319; x_wconf 90' lang='lat' dir='ltr'>non</span> <span class='ocrx_word' id='word_1_125' title='bbox 1274 1275 1322 1319; x_wconf 90' lang='lat' dir='ltr'>fit</span> <span class='ocrx_word' id='word_1_126' title='bbox 1350 1275 1470 1335; x_wconf 81' lang='lat' dir='ltr'>quod</span> <span class='ocrx_word' id='word_1_127' title='bbox 1492 1274 1702 1333; x_wconf 87' lang='lat' dir='ltr'>scriptum</span> 
     </span>
    </p>

    <p class='ocr_par' dir='ltr' id='par_1_9' title="bbox 256 1340 1699 1405">
     <span class='ocr_line' id='line_1_17' title="bbox 256 1340 1699 1405; baseline -0.003 -15"><span class='ocrx_word' id='word_1_128' title='bbox 256 1348 261 1351; x_wconf 71' lang='grc'><strong>’</strong></span> <span class='ocrx_word' id='word_1_129' title='bbox 284 1340 395 1405; x_wconf 45' lang='lat' dir='ltr'>sest,</span> <span class='ocrx_word' id='word_1_130' title='bbox 424 1365 444 1387; x_wconf 89' lang='lat'>«</span> <span class='ocrx_word' id='word_1_131' title='bbox 463 1348 561 1391; x_wconf 88' lang='lat' dir='ltr'>Non</span> <span class='ocrx_word' id='word_1_132' title='bbox 584 1346 917 1404; x_wconf 78' lang='lat' dir='ltr'>concupiscas²P</span> <span class='ocrx_word' id='word_1_133' title='bbox 939 1365 957 1387; x_wconf 90' lang='lat'>»</span> <span class='ocrx_word' id='word_1_134' title='bbox 985 1346 1059 1388; x_wconf 83' lang='lat' dir='ltr'>fiat</span> <span class='ocrx_word' id='word_1_135' title='bbox 1081 1345 1233 1390; x_wconf 87' lang='lat' dir='ltr'>saltem</span> <span class='ocrx_word' id='word_1_136' title='bbox 1258 1344 1377 1405; x_wconf 85' lang='lat' dir='ltr'>quod</span> <span class='ocrx_word' id='word_1_137' title='bbox 1400 1344 1503 1389; x_wconf 85' lang='lat' dir='ltr'>alibi</span> <span class='ocrx_word' id='word_1_138' title='bbox 1520 1344 1699 1403; x_wconf 84' lang='lat' dir='ltr'>legitur,</span> 
     </span>
    </p>

    <p class='ocr_par' dir='ltr' id='par_1_10' title="bbox 240 1413 1705 1479">
     <span class='ocr_line' id='line_1_18' title="bbox 240 1413 1705 1479; baseline -0.001 -20"><span class='ocrx_word' id='word_1_139' title='bbox 240 1416 245 1420; x_wconf 66' lang='grc'>’</span> <span class='ocrx_word' id='word_1_140' title='bbox 278 1419 297 1449; x_wconf 45' lang='grc' dir='ltr'>’κ</span> <span class='ocrx_word' id='word_1_141' title='bbox 315 1437 335 1459; x_wconf 85' lang='grc'>«</span> <span class='ocrx_word' id='word_1_142' title='bbox 359 1421 461 1461; x_wconf 84' lang='lat' dir='ltr'>Post</span> <span class='ocrx_word' id='word_1_143' title='bbox 483 1417 855 1476; x_wconf 81' lang='lat' dir='ltr'>concupiscentias</span> <span class='ocrx_word' id='word_1_144' title='bbox 890 1426 984 1479; x_wconf 76' lang='lat' dir='ltr'>tuas</span> <span class='ocrx_word' id='word_1_145' title='bbox 1014 1432 1103 1461; x_wconf 86' lang='lat' dir='ltr'>non</span> <span class='ocrx_word' id='word_1_146' title='bbox 1123 1418 1217 1460; x_wconf 74' lang='lat' dir='ltr'>eas3</span> <span class='ocrx_word' id='word_1_147' title='bbox 1248 1435 1257 1461; x_wconf 88' lang='lat'>:</span> <span class='ocrx_word' id='word_1_148' title='bbox 1288 1435 1306 1458; x_wconf 92' lang='lat'>»</span> <span class='ocrx_word' id='word_1_149' title='bbox 1336 1417 1420 1461; x_wconf 85' lang='lat' dir='ltr'>Sed</span> <span class='ocrx_word' id='word_1_150' title='bbox 1447 1417 1549 1476; x_wconf 87' lang='lat' dir='ltr'>quia</span> <span class='ocrx_word' id='word_1_151' title='bbox 1571 1413 1705 1459; x_wconf 92' lang='lat' dir='ltr'>modo</span> 
     </span>
    </p>

    <p class='ocr_par' dir='ltr' id='par_1_11' title="bbox 238 1478 1707 1550">
     <span class='ocr_line' id='line_1_19' title="bbox 238 1478 1707 1550; baseline -0.001 -16"><span class='ocrx_word' id='word_1_152' title='bbox 238 1496 242 1498; x_wconf 73' lang='grc'>’</span> <span class='ocrx_word' id='word_1_153' title='bbox 276 1486 298 1528; x_wconf 59' lang='lat'>2³³</span> <span class='ocrx_word' id='word_1_154' title='bbox 311 1490 502 1550; x_wconf 81' lang='lat' dir='ltr'>quodam</span> <span class='ocrx_word' id='word_1_155' title='bbox 534 1489 743 1550; x_wconf 88' lang='lat' dir='ltr'>loquendi</span> <span class='ocrx_word' id='word_1_156' title='bbox 786 1478 1016 1549; x_wconf 67' lang='lat' dir='ltr'>peccatiim</span> <span class='ocrx_word' id='word_1_157' title='bbox 1055 1498 1256 1546; x_wconf 85' lang='lat' dir='ltr'>vocatur,</span> <span class='ocrx_word' id='word_1_158' title='bbox 1296 1479 1416 1549; x_wconf 73' lang='lat' dir='ltr'>quod</span> <span class='ocrx_word' id='word_1_159' title='bbox 1449 1498 1491 1533; x_wconf 89' lang='lat' dir='ltr'>et</span> <span class='ocrx_word' id='word_1_160' title='bbox 1532 1496 1707 1548; x_wconf 86' lang='lat' dir='ltr'>peccato</span> 
     </span>
    </p>

    <p class='ocr_par' dir='ltr' id='par_1_12' title="bbox 311 1558 1708 1620">
     <span class='ocr_line' id='line_1_20' title="bbox 311 1558 1708 1620; baseline -0.002 -15"><span class='ocrx_word' id='word_1_161' title='bbox 311 1561 424 1605; x_wconf 85' lang='lat' dir='ltr'>facta</span> <span class='ocrx_word' id='word_1_162' title='bbox 447 1571 532 1616; x_wconf 86' lang='lat' dir='ltr'>est,</span> <span class='ocrx_word' id='word_1_163' title='bbox 566 1571 609 1605; x_wconf 93' lang='lat' dir='ltr'>et</span> <span class='ocrx_word' id='word_1_164' title='bbox 636 1571 862 1620; x_wconf 83' lang='lat' dir='ltr'>peccatum</span> <span class='ocrx_word' id='word_1_165' title='bbox 884 1562 916 1605; x_wconf 89' lang='lat' dir='ltr'>si</span> <span class='ocrx_word' id='word_1_166' title='bbox 941 1562 1090 1605; x_wconf 85' lang='lat' dir='ltr'>vicerit</span> <span class='ocrx_word' id='word_1_167' title='bbox 1117 1560 1248 1619; x_wconf 78' lang='lat' dir='ltr'>facit3</span> <span class='ocrx_word' id='word_1_168' title='bbox 1289 1570 1431 1605; x_wconf 86' lang='lat' dir='ltr'>reatus</span> <span class='ocrx_word' id='word_1_169' title='bbox 1465 1561 1556 1620; x_wconf 85' lang='lat' dir='ltr'>ejus</span> <span class='ocrx_word' id='word_1_170' title='bbox 1592 1558 1708 1603; x_wconf 86' lang='lat' dir='ltr'>valet</span> 
     </span>
    </p>

    <p class='ocr_par' dir='ltr' id='par_1_13' title="bbox 314 1630 1708 1692">
     <span class='ocr_line' id='line_1_21' title="bbox 314 1630 1708 1692; baseline -0.001 -17"><span class='ocrx_word' id='word_1_171' title='bbox 314 1633 359 1676; x_wconf 91' lang='lat' dir='ltr'>in</span> <span class='ocrx_word' id='word_1_172' title='bbox 384 1641 589 1691; x_wconf 88' lang='lat' dir='ltr'>generato</span> <span class='ocrx_word' id='word_1_173' title='bbox 619 1651 627 1677; x_wconf 93' lang='lat'>:</span> <span class='ocrx_word' id='word_1_174' title='bbox 658 1648 789 1692; x_wconf 85' lang='lat' dir='ltr'>quem</span> <span class='ocrx_word' id='word_1_175' title='bbox 828 1642 997 1676; x_wconf 88' lang='lat' dir='ltr'>reatum</span> <span class='ocrx_word' id='word_1_176' title='bbox 1027 1632 1187 1677; x_wconf 85' lang='lat' dir='ltr'>Christi</span> <span class='ocrx_word' id='word_1_177' title='bbox 1218 1632 1353 1690; x_wconf 86' lang='lat' dir='ltr'>gratia</span> <span class='ocrx_word' id='word_1_178' title='bbox 1384 1646 1461 1690; x_wconf 85' lang='lat' dir='ltr'>per</span> <span class='ocrx_word' id='word_1_179' title='bbox 1495 1630 1708 1674; x_wconf 86' lang='lat' dir='ltr'>remissio-</span> 
     </span>
    </p>

    <p class='ocr_par' dir='ltr' id='par_1_14' title="bbox 315 1701 1706 1763">
     <span class='ocr_line' id='line_1_22' title="bbox 315 1701 1706 1763; baseline -0.002 -16"><span class='ocrx_word' id='word_1_180' title='bbox 315 1720 414 1747; x_wconf 89' lang='lat' dir='ltr'>nem</span> <span class='ocrx_word' id='word_1_181' title='bbox 439 1704 636 1747; x_wconf 88' lang='lat' dir='ltr'>omnium</span> <span class='ocrx_word' id='word_1_182' title='bbox 653 1713 930 1763; x_wconf 83' lang='lat' dir='ltr'>peccatorum</span> <span class='ocrx_word' id='word_1_183' title='bbox 948 1704 993 1747; x_wconf 88' lang='lat' dir='ltr'>in</span> <span class='ocrx_word' id='word_1_184' title='bbox 1016 1712 1283 1761; x_wconf 73' lang='lat' dir='ltr'>regenerato,</span> <span class='ocrx_word' id='word_1_185' title='bbox 1310 1703 1342 1746; x_wconf 89' lang='lat' dir='ltr'>si</span> <span class='ocrx_word' id='word_1_186' title='bbox 1367 1701 1422 1746; x_wconf 89' lang='lat' dir='ltr'>ad</span> <span class='ocrx_word' id='word_1_187' title='bbox 1444 1701 1557 1746; x_wconf 90' lang='lat' dir='ltr'>mala</span> <span class='ocrx_word' id='word_1_188' title='bbox 1576 1716 1706 1761; x_wconf 88' lang='lat' dir='ltr'>opera</span> 
     </span>
    </p>

    <p class='ocr_par' dir='ltr' id='par_1_15' title="bbox 315 1772 1708 1835">
     <span class='ocr_line' id='line_1_23' title="bbox 315 1772 1708 1835; baseline -0.001 -17"><span class='ocrx_word' id='word_1_189' title='bbox 315 1776 353 1818; x_wconf 89' lang='lat' dir='ltr'>ei</span> <span class='ocrx_word' id='word_1_190' title='bbox 368 1775 558 1835; x_wconf 86' lang='lat' dir='ltr'>quodam</span> <span class='ocrx_word' id='word_1_191' title='bbox 579 1775 712 1819; x_wconf 87' lang='lat' dir='ltr'>modo</span> <span class='ocrx_word' id='word_1_192' title='bbox 726 1775 900 1835; x_wconf 87' lang='lat' dir='ltr'>jubenti</span> <span class='ocrx_word' id='word_1_193' title='bbox 918 1791 1006 1819; x_wconf 90' lang='lat' dir='ltr'>non</span> <span class='ocrx_word' id='word_1_194' title='bbox 1030 1774 1222 1829; x_wconf 83' lang='lat' dir='ltr'>obediat,</span> <span class='ocrx_word' id='word_1_195' title='bbox 1238 1773 1381 1818; x_wconf 85' lang='lat' dir='ltr'>valere</span> <span class='ocrx_word' id='word_1_196' title='bbox 1400 1789 1487 1818; x_wconf 91' lang='lat' dir='ltr'>non</span> <span class='ocrx_word' id='word_1_197' title='bbox 1504 1773 1619 1818; x_wconf 87' lang='lat' dir='ltr'>sinit.</span> <span class='ocrx_word' id='word_1_198' title='bbox 1642 1772 1708 1817; x_wconf 85' lang='lat' dir='ltr'>Sic</span> 
     </span>
    </p>

    <p class='ocr_par' dir='ltr' id='par_1_16' title="bbox 314 1844 1706 1906">
     <span class='ocr_line' id='line_1_24' title="bbox 314 1844 1706 1906; baseline -0.003 -17"><span class='ocrx_word' id='word_1_199' title='bbox 314 1855 460 1890; x_wconf 85' lang='lat' dir='ltr'>autem</span> <span class='ocrx_word' id='word_1_200' title='bbox 477 1855 659 1890; x_wconf 86' lang='lat' dir='ltr'>vocatur</span> <span class='ocrx_word' id='word_1_201' title='bbox 676 1855 922 1906; x_wconf 75' lang='lat' dir='ltr'>peccatum,</span> <span class='ocrx_word' id='word_1_202' title='bbox 943 1846 1047 1906; x_wconf 87' lang='lat' dir='ltr'>quia</span> <span class='ocrx_word' id='word_1_203' title='bbox 1063 1855 1242 1905; x_wconf 85' lang='lat' dir='ltr'>peccato</span> <span class='ocrx_word' id='word_1_204' title='bbox 1262 1844 1374 1889; x_wconf 83' lang='lat' dir='ltr'>facta</span> <span class='ocrx_word' id='word_1_205' title='bbox 1398 1854 1477 1899; x_wconf 82' lang='lat' dir='ltr'>est,</span> <span class='ocrx_word' id='word_1_206' title='bbox 1503 1859 1604 1888; x_wconf 89' lang='lat' dir='ltr'>cum</span> <span class='ocrx_word' id='word_1_207' title='bbox 1616 1844 1706 1903; x_wconf 86' lang='lat' dir='ltr'>jam</span> 
     </span>
    </p>

    <p class='ocr_par' dir='ltr' id='par_1_17' title="bbox 314 1910 1709 1976">
     <span class='ocr_line' id='line_1_25' title="bbox 314 1910 1709 1976; baseline -0.001 -18"><span class='ocrx_word' id='word_1_208' title='bbox 314 1916 357 1959; x_wconf 86' lang='lat' dir='ltr'>in</span> <span class='ocrx_word' id='word_1_209' title='bbox 392 1917 653 1974; x_wconf 82' lang='lat' dir='ltr'>regeneratis</span> <span class='ocrx_word' id='word_1_210' title='bbox 688 1932 778 1960; x_wconf 91' lang='lat' dir='ltr'>non</span> <span class='ocrx_word' id='word_1_211' title='bbox 800 1917 853 1960; x_wconf 89' lang='lat' dir='ltr'>sit</span> <span class='ocrx_word' id='word_1_212' title='bbox 880 1917 970 1976; x_wconf 81' lang='lat' dir='ltr'>ipsa</span> <span class='ocrx_word' id='word_1_213' title='bbox 994 1924 1220 1975; x_wconf 87' lang='lat' dir='ltr'>peccatum</span> <span class='ocrx_word' id='word_1_214' title='bbox 1248 1910 1394 1959; x_wconf 66' lang='lat' dir='ltr'>:sicut</span> <span class='ocrx_word' id='word_1_215' title='bbox 1414 1923 1594 1958; x_wconf 86' lang='lat' dir='ltr'>vocatur</span> <span class='ocrx_word' id='word_1_216' title='bbox 1624 1912 1709 1956; x_wconf 84' lang='lat' dir='ltr'>lin-</span> 
     </span>
    </p>

    <p class='ocr_par' dir='ltr' id='par_1_18' title="bbox 280 1977 1708 2047">
     <span class='ocr_line' id='line_1_26' title="bbox 280 1977 1708 2047; baseline -0.001 -18"><span class='ocrx_word' id='word_1_217' title='bbox 280 2012 295 2021; x_wconf 27' lang='lat' dir='ltr'>t,</span> <span class='ocrx_word' id='word_1_218' title='bbox 317 2001 401 2044; x_wconf 89' lang='lat' dir='ltr'>gua</span> <span class='ocrx_word' id='word_1_219' title='bbox 423 1985 587 2031; x_wconf 89' lang='lat' dir='ltr'>locutio</span> <span class='ocrx_word' id='word_1_220' title='bbox 603 2022 613 2041; x_wconf 84' lang='lat'>‚</span> <span class='ocrx_word' id='word_1_221' title='bbox 647 2002 780 2047; x_wconf 87' lang='lat' dir='ltr'>quam</span> <span class='ocrx_word' id='word_1_222' title='bbox 802 1986 905 2031; x_wconf 84' lang='lat' dir='ltr'>facit</span> <span class='ocrx_word' id='word_1_223' title='bbox 926 1986 1101 2045; x_wconf 81' lang='lat' dir='ltr'>lingua3</span> <span class='ocrx_word' id='word_1_224' title='bbox 1126 1995 1170 2030; x_wconf 88' lang='lat' dir='ltr'>et</span> <span class='ocrx_word' id='word_1_225' title='bbox 1191 1977 1346 2030; x_wconf 68' lang='lat' dir='ltr'>manus</span> <span class='ocrx_word' id='word_1_226' title='bbox 1368 1994 1548 2034; x_wconf 87' lang='lat' dir='ltr'>vocatur</span> <span class='ocrx_word' id='word_1_227' title='bbox 1570 1985 1708 2044; x_wconf 89' lang='lat' dir='ltr'>scrip-</span> 
     </span>
    </p>

    <p class='ocr_par' dir='ltr' id='par_1_19' title="bbox 316 2056 1705 2116">
     <span class='ocr_line' id='line_1_27' title="bbox 316 2056 1705 2116; baseline 0 -18"><span class='ocrx_word' id='word_1_228' title='bbox 316 2065 414 2099; x_wconf 84' lang='lat' dir='ltr'>tura</span> <span class='ocrx_word' id='word_1_229' title='bbox 429 2091 440 2111; x_wconf 85' lang='lat'>,</span> <span class='ocrx_word' id='word_1_230' title='bbox 466 2072 597 2116; x_wconf 86' lang='lat' dir='ltr'>quam</span> <span class='ocrx_word' id='word_1_231' title='bbox 619 2056 724 2101; x_wconf 87' lang='lat' dir='ltr'>facit</span> <span class='ocrx_word' id='word_1_232' title='bbox 747 2072 916 2100; x_wconf 86' lang='lat' dir='ltr'>manus.</span> <span class='ocrx_word' id='word_1_233' title='bbox 943 2059 1143 2116; x_wconf 82' lang='lat' dir='ltr'>Itemque</span> <span class='ocrx_word' id='word_1_234' title='bbox 1165 2056 1224 2100; x_wconf 89' lang='lat' dir='ltr'>sic</span> <span class='ocrx_word' id='word_1_235' title='bbox 1252 2065 1433 2100; x_wconf 87' lang='lat' dir='ltr'>vocatur</span> <span class='ocrx_word' id='word_1_236' title='bbox 1455 2063 1705 2115; x_wconf 84' lang='lat' dir='ltr'>peccatum,</span> 
     </span>
    </p>

    <p class='ocr_par' dir='ltr' id='par_1_20' title="bbox 317 2126 1705 2256">
     <span class='ocr_line' id='line_1_28' title="bbox 317 2126 1705 2186; baseline 0 -17"><span class='ocrx_word' id='word_1_237' title='bbox 317 2126 418 2186; x_wconf 84' lang='lat' dir='ltr'>quia</span> <span class='ocrx_word' id='word_1_238' title='bbox 436 2135 665 2185; x_wconf 85' lang='lat' dir='ltr'>peccatum</span> <span class='ocrx_word' id='word_1_239' title='bbox 686 2128 719 2171; x_wconf 90' lang='lat' dir='ltr'>si</span> <span class='ocrx_word' id='word_1_240' title='bbox 737 2127 872 2171; x_wconf 86' lang='lat' dir='ltr'>vincit</span> <span class='ocrx_word' id='word_1_241' title='bbox 884 2126 990 2170; x_wconf 82' lang='lat' dir='ltr'>facit</span> <span class='ocrx_word' id='word_1_242' title='bbox 1008 2145 1016 2171; x_wconf 75' lang='grc' dir='ltr'>ε</span> <span class='ocrx_word' id='word_1_243' title='bbox 1038 2127 1151 2170; x_wconf 85' lang='lat' dir='ltr'>sicut</span> <span class='ocrx_word' id='word_1_244' title='bbox 1168 2135 1348 2170; x_wconf 85' lang='lat' dir='ltr'>vocatur</span> <span class='ocrx_word' id='word_1_245' title='bbox 1366 2126 1501 2184; x_wconf 84' lang='lat' dir='ltr'>frigus</span> <span class='ocrx_word' id='word_1_246' title='bbox 1518 2127 1705 2186; x_wconf 83' lang='lat' dir='ltr'>pigrum,</span> 
     </span>
     <span class='ocr_line' id='line_1_29' title="bbox 317 2194 1437 2256; baseline -0.001 -17"><span class='ocrx_word' id='word_1_247' title='bbox 317 2211 406 2240; x_wconf 81' lang='lat' dir='ltr'>non</span> <span class='ocrx_word' id='word_1_248' title='bbox 429 2195 550 2255; x_wconf 86' lang='lat' dir='ltr'>quod</span> <span class='ocrx_word' id='word_1_249' title='bbox 573 2212 596 2239; x_wconf 86' lang='lat' dir='ltr'>a</span> <span class='ocrx_word' id='word_1_250' title='bbox 619 2197 751 2255; x_wconf 86' lang='lat' dir='ltr'>pigris</span> <span class='ocrx_word' id='word_1_251' title='bbox 776 2197 866 2251; x_wconf 82' lang='lat' dir='ltr'>fiat,</span> <span class='ocrx_word' id='word_1_252' title='bbox 892 2196 968 2240; x_wconf 82' lang='lat' dir='ltr'>sed</span> <span class='ocrx_word' id='word_1_253' title='bbox 990 2196 1111 2256; x_wconf 88' lang='lat' dir='ltr'>quod</span> <span class='ocrx_word' id='word_1_254' title='bbox 1132 2195 1276 2255; x_wconf 87' lang='lat' dir='ltr'>pigros</span> <span class='ocrx_word' id='word_1_255' title='bbox 1297 2194 1437 2238; x_wconf 87' lang='lat' dir='ltr'>faciat.</span> 
     </span>
    </p>

    <p class='ocr_par' dir='ltr' id='par_1_21' title="bbox 315 2264 1707 2540">
     <span class='ocr_line' id='line_1_30' title="bbox 375 2264 1702 2324; baseline 0.001 -16"><span class='ocrx_word' id='word_1_256' title='bbox 375 2267 537 2309; x_wconf 79' lang='lat' dir='ltr'>XXVI.</span> <span class='ocrx_word' id='word_1_257' title='bbox 562 2268 654 2310; x_wconf 92' lang='lat' dir='ltr'>Hoc</span> <span class='ocrx_word' id='word_1_258' title='bbox 679 2266 825 2324; x_wconf 82' lang='lat' dir='ltr'>generi</span> <span class='ocrx_word' id='word_1_259' title='bbox 846 2266 1040 2309; x_wconf 85' lang='lat' dir='ltr'>humano</span> <span class='ocrx_word' id='word_1_260' title='bbox 1057 2265 1271 2309; x_wconf 78' lang='lat' dir='ltr'>inflictum</span> <span class='ocrx_word' id='word_1_261' title='bbox 1291 2264 1449 2310; x_wconf 90' lang='lat' dir='ltr'>vulnus</span> <span class='ocrx_word' id='word_1_262' title='bbox 1469 2281 1492 2309; x_wconf 85' lang='lat' dir='ltr'>a</span> <span class='ocrx_word' id='word_1_263' title='bbox 1511 2264 1702 2320; x_wconf 85' lang='lat' dir='ltr'>diabolo,</span> 
     </span>
     <span class='ocr_line' id='line_1_31' title="bbox 315 2336 1705 2398; baseline 0 -18"><span class='ocrx_word' id='word_1_264' title='bbox 315 2336 537 2398; x_wconf 79' lang='lat' dir='ltr'>quidquid</span> <span class='ocrx_word' id='word_1_265' title='bbox 572 2353 649 2397; x_wconf 85' lang='lat' dir='ltr'>per</span> <span class='ocrx_word' id='word_1_266' title='bbox 671 2337 784 2381; x_wconf 90' lang='lat' dir='ltr'>illud</span> <span class='ocrx_word' id='word_1_267' title='bbox 804 2337 1012 2392; x_wconf 79' lang='lat' dir='ltr'>nascitur,</span> <span class='ocrx_word' id='word_1_268' title='bbox 1035 2336 1150 2394; x_wconf 81' lang='lat' dir='ltr'>cogit</span> <span class='ocrx_word' id='word_1_269' title='bbox 1172 2352 1261 2380; x_wconf 87' lang='lat' dir='ltr'>esse</span> <span class='ocrx_word' id='word_1_270' title='bbox 1283 2337 1365 2381; x_wconf 87' lang='lat' dir='ltr'>sub</span> <span class='ocrx_word' id='word_1_271' title='bbox 1388 2336 1581 2392; x_wconf 80' lang='lat' dir='ltr'>diabolo,</span> <span class='ocrx_word' id='word_1_272' title='bbox 1607 2345 1705 2380; x_wconf 83' lang='lat' dir='ltr'>tan-</span> 
     </span>
     <span class='ocr_line' id='line_1_32' title="bbox 316 2406 1707 2469; baseline 0.001 -19"><span class='ocrx_word' id='word_1_273' title='bbox 316 2423 449 2468; x_wconf 84' lang='lat' dir='ltr'>quam</span> <span class='ocrx_word' id='word_1_274' title='bbox 471 2407 525 2451; x_wconf 84' lang='lat' dir='ltr'>de</span> <span class='ocrx_word' id='word_1_275' title='bbox 548 2424 626 2452; x_wconf 88' lang='lat' dir='ltr'>suo</span> <span class='ocrx_word' id='word_1_276' title='bbox 644 2408 801 2452; x_wconf 88' lang='lat' dir='ltr'>frutice</span> <span class='ocrx_word' id='word_1_277' title='bbox 817 2407 1119 2468; x_wconf 83' lang='lat' dir='ltr'>fructumjure</span> <span class='ocrx_word' id='word_1_278' title='bbox 1141 2406 1346 2467; x_wconf 87' lang='lat' dir='ltr'>decerpat</span> <span class='ocrx_word' id='word_1_279' title='bbox 1373 2427 1381 2453; x_wconf 77' lang='grc' dir='ltr'>ε</span> <span class='ocrx_word' id='word_1_280' title='bbox 1406 2424 1495 2453; x_wconf 88' lang='lat' dir='ltr'>non</span> <span class='ocrx_word' id='word_1_281' title='bbox 1514 2406 1635 2469; x_wconf 90' lang='lat' dir='ltr'>quod</span> <span class='ocrx_word' id='word_1_282' title='bbox 1653 2407 1707 2452; x_wconf 86' lang='lat' dir='ltr'>ab</span> 
     </span>
     <span class='ocr_line' id='line_1_33' title="bbox 315 2478 1705 2540; baseline 0.001 -18"><span class='ocrx_word' id='word_1_283' title='bbox 315 2478 391 2523; x_wconf 87' lang='lat' dir='ltr'>illo</span> <span class='ocrx_word' id='word_1_284' title='bbox 412 2478 466 2521; x_wconf 83' lang='lat' dir='ltr'>sit</span> <span class='ocrx_word' id='word_1_285' title='bbox 486 2488 641 2524; x_wconf 82' lang='lat' dir='ltr'>natura</span> <span class='ocrx_word' id='word_1_286' title='bbox 663 2480 874 2536; x_wconf 81' lang='lat' dir='ltr'>humana,</span> <span class='ocrx_word' id='word_1_287' title='bbox 907 2495 1007 2540; x_wconf 80' lang='lat' dir='ltr'>quae</span> <span class='ocrx_word' id='word_1_288' title='bbox 1029 2495 1119 2524; x_wconf 89' lang='lat' dir='ltr'>non</span> <span class='ocrx_word' id='word_1_289' title='bbox 1141 2488 1203 2523; x_wconf 89' lang='lat' dir='ltr'>est</span> <span class='ocrx_word' id='word_1_290' title='bbox 1226 2479 1305 2523; x_wconf 88' lang='lat' dir='ltr'>nisi</span> <span class='ocrx_word' id='word_1_291' title='bbox 1331 2495 1380 2523; x_wconf 82' lang='lat' dir='ltr'>ex</span> <span class='ocrx_word' id='word_1_292' title='bbox 1409 2483 1514 2536; x_wconf 87' lang='lat' dir='ltr'>Deo,</span> <span class='ocrx_word' id='word_1_293' title='bbox 1540 2479 1615 2524; x_wconf 85' lang='lat' dir='ltr'>sed</span> <span class='ocrx_word' id='word_1_294' title='bbox 1637 2479 1705 2524; x_wconf 82' lang='lat' dir='ltr'>vi-</span> 
     </span>
    </p>
   </div>
   <div class='ocr_carea' id='block_1_3' title="bbox 368 2561 1361 2603">
    <p class='ocr_par' dir='ltr' id='par_1_22' title="bbox 368 2561 1361 2603">
     <span class='ocr_line' id='line_1_34' title="bbox 368 2561 1361 2603; baseline 0.003 -12"><span class='ocrx_word' id='word_1_295' title='bbox 368 2569 375 2583; x_wconf 90' lang='lat'>¹</span> <span class='ocrx_word' id='word_1_296' title='bbox 401 2564 489 2593; x_wconf 75' lang='lat' dir='ltr'>nom.</span> <span class='ocrx_word' id='word_1_297' title='bbox 512 2573 555 2599; x_wconf 70' lang='lat' dir='ltr'>vr,</span> <span class='ocrx_word' id='word_1_298' title='bbox 577 2571 685 2593; x_wconf 72' lang='lat'>12.---</span> <span class='ocrx_word' id='word_1_299' title='bbox 702 2570 714 2583; x_wconf 72' lang='lat'><strong>²</strong></span> <span class='ocrx_word' id='word_1_300' title='bbox 737 2561 1361 2603; x_wconf 67' lang='lat' dir='ltr'>Ex0‹1.xx‚17.-3Eccli.xv111,30.</span> 
     </span>
    </p>
   </div>
  </div>
 </body>
</html>
