1804 3205
297 211 348 236 or,
382 212 548 238 mii-‘riis
584 214 626 240 ι·;·ι
665 217 1033 252 ωΜιιιΡιεειςΜιΛ,
1072 222 1154 248 Lux.
1192 225 1237 249 u.
1379 215 1461 253 253

75 288 204 330 quain
237 275 291 317 al)
314 276 520 334 Apostolo
551 280 687 323 media
718 281 785 325 illa
816 298 916 342 qum
944 289 1216 344 prmtcrtnisit
1243 290 1335 340 istc,
1376 307 1460 334 nou

74 342 188 387 dicta
212 344 295 388 siut
318 364 324 388 :
347 356 478 406 atquc
496 348 551 391 ita
573 365 616 392 se
637 350 793 396 habeat
811 355 901 413 ejus
917 358 1144 412 sententia,
1167 358 1288 403 velut
1305 360 1358 404 de,
1379 363 1461 405 liu-

75 428 204 457 mano
218 416 380 459 semine
395 416 667 477 loqueretur:
685 440 702 461 «
727 425 935 483 insipiens
955 436 1016 481 tu,
1038 429 1158 488 quod
1173 430 1356 474 seminas
1375 447 1463 476 non

75 500 95 523 »
123 484 379 540 vivificatur,
398 491 507 532 Deus
528 500 672 534 autem
692 491 750 535 illi
769 492 843 538 dat
860 511 1016 556 corpus
1035 508 1164 557 prout
1182 500 1293 555 vult,
1307 510 1349 544 ct
1370 503 1464 546 uni-

76 572 96 595 »
123 556 281 615 cuique
299 560 511 604 seminum
538 564 759 622 proprium
785 581 956 626 corpus.
988 587 1006 609 ι»
1036 571 1230 631 Denique
1251 581 1348 632 post
1372 573 1464 617 haec

71 628 268 686 Apostoli
293 630 421 674 verba
445 634 503 676 sic
531 634 658 677 infert
682 652 755 679 sua
780 656 787 681 ς
813 657 831 679 «
862 640 902 683 Si
926 655 1027 698 ergo
1049 645 1176 697 Deus,
1195 645 1352 704 inquit,
1378 645 1463 688 hu-

72 712 201 742 mano
211 701 379 753 semini,
392 704 511 762 quod
528 720 656 750 nemo
668 717 796 766 negat
809 709 876 752 vel
891 712 1172 769 prudentium
1188 714 1257 759 vel
1270 715 1459 775 piorum,

71 771 294 829 proprium
324 773 435 817 sicut
465 777 666 821 omnibus
698 780 827 824 rebus
851 796 1008 842 corpus
1033 785 1228 829 attribuit
1256 806 1263 831 :
1295 805 1313 827 »
1341 789 1462 848 quasi

69 842 302 899 Apostolus
320 842 373 887 de
391 844 585 890 humano
598 849 761 893 semine
779 851 822 894 in
841 851 917 896 illo
935 856 1183 901 testimonio
1201 857 1255 901 sit
1273 857 1458 904 locutus.

129 914 291 956 xxlx.
330 916 390 958 De
412 932 498 975 qua
523 917 673 962 fraude
697 921 802 979 quid
826 923 1106 982 adjuvaretur
1128 929 1220 987 ejus
1251 929 1457 984 intentio,

67 998 166 1026 cum
191 983 415 1044 aliquanto
444 990 650 1034 attentius
680 993 936 1049 cogitarem,
965 997 1073 1040 nihil
1097 999 1219 1058 potui
1250 1002 1458 1059 reperire,

66 1055 146 1098 nisi
169 1057 269 1115 quia
285 1052 443 1118 §testem
464 1060 601 1105 voluit
622 1063 830 1107 adhibere
853 1068 1124 1126 Apostolum,
1149 1086 1238 1129 quo
1257 1073 1462 1131 probaret

66 1128 222 1182 Deum,
248 1129 367 1188 quod
391 1140 432 1173 ct
456 1147 534 1176 nos
556 1133 756 1190 dicimus,
791 1135 845 1180 de
868 1138 1070 1184 humanis
1103 1131 1340 1187 seminibus
1377 1145 1460 1188 ho-

64 1197 226 1241 minem
249 1201 432 1258 operari.
467 1204 522 1247 Et
551 1219 649 1247 cum
679 1206 716 1248 ei
743 1207 1041 1254 testimonium
1065 1211 1235 1256 nullum
1259 1228 1460 1258 occurre-

65 1276 146 1321 ret,
172 1267 255 1312 isto
276 1270 435 1314 abusus
461 1281 523 1316 est
546 1274 866 1333 fraudulenter,
893 1280 1049 1324 timens
1075 1282 1244 1342 utique,
1270 1299 1324 1327 ne
1348 1283 1460 1328 forte
1492 1286 1497 1326 ἐ

63 1338 97 1382 si
131 1350 357 1399 appareret
381 1344 637 1402 Apostolum
668 1361 756 1402 non
786 1347 840 1391 de
871 1350 1073 1395 humanis
1095 1354 1356 1410 seminibus,
1383 1356 1458 1400 sed

64 1406 118 1452 de
140 1410 372 1456 frumentis
393 1412 465 1457 illa
491 1414 671 1471 dixisse,
692 1417 807 1475 jthinc
829 1418 1181 1479 admoneremur,
1204 1425 1320 1470 unde
1341 1426 1458 1470 refu-

62 1489 243 1537 taretur,
265 1498 354 1528 non
378 1484 587 1544 religiosae
611 1487 864 1545 voluntatis,
892 1493 965 1536 sed
986 1493 1230 1540 libidinosae
1250 1498 1456 1558 volupta-
1489 1522 1493 1532 ψ

66 1552 116 1596 tis
142 1552 310 1612 pudens
343 1555 607 1612 nominator,
641 1568 685 1602 et
712 1560 942 1619 impudens
967 1562 1331 1627 praedicat01·,]l)e
1358 1570 1457 1628 ipsis

63 1623 227 1683 quippe
243 1626 495 1682 seminibus,
516 1644 615 1688 quae
633 1629 677 1673 in
701 1631 811 1689 agris
834 1634 1034 1692 agricolae
1058 1638 1288 1693 seminant,
1315 1649 1457 1698 potest

63 1694 153 1753 ipse
176 1695 392 1756 redargui.
419 1700 508 1743 Cur
531 1700 645 1744 enim
667 1717 757 1746 non
779 1703 1024 1761 credamus,
1049 1710 1184 1751 Deum
1204 1710 1394 1768 potuisse
1412 1712 1455 1755 in

62 1766 260 1824 paradiso
288 1769 529 1813 concedere
556 1771 721 1815 homini
753 1773 881 1818 beato
911 1774 966 1818 de
1003 1792 1081 1821 suo
1114 1779 1302 1834 semine,
1336 1781 1455 1840 quod

63 1851 315 1882 concessum
333 1839 529 1884 videmus
547 1843 742 1899 agricolis
757 1843 812 1887 de
829 1845 959 1889 tritici
978 1848 1141 1891 semine
1158 1839 1236 1913 ,siit
1254 1865 1305 1893 eo
1325 1851 1455 1895 modo

62 1905 174 1951 illud
193 1918 407 1953 sereretur
440 1910 530 1954 sinc
560 1911 648 1955 ulla
673 1914 878 1971 pudenda
906 1914 1114 1973 libidine,
1141 1922 1195 1963 ad
1216 1920 1454 1966 voluntatis

62 1987 220 2022 nutum
244 1980 450 2024 membris
471 1981 816 2042 obsequentibus
834 1987 1093 2043 genitalibus
1111 2009 1120 2045 3
1145 1990 1256 2034 sicut
1278 1992 1361 2036 hoc
1383 2008 1452 2036 se-

61 2050 171 2093 ritur
205 2049 295 2094 sine
325 2050 413 2095 ulla
445 2051 650 2111 pudenda
676 2052 885 2111 libidine,
919 2058 974 2102 ad
1007 2059 1244 2106 voluntatis
1295 2072 1453 2107 nutum

62 2119 349 2178 agricolarum
369 2121 711 2182 obsequentibus
724 2126 947 2186 manibus3
968 2129 1215 2175 honestiore
1233 2134 1276 2175 in
1293 2148 1449 2192 paren-

62 2190 179 2235 tibus
203 2192 520 2250 gignendorum
542 2194 756 2240 desiderio
779 2196 968 2243 filiorum
983 2235 993 2254 ,
1020 2217 1153 2261 quam
1178 2212 1241 2248 est
1261 2204 1451 2264 implen-

62 2261 219 2306 dorum
238 2262 284 2306 in
306 2264 527 2307 arantibus
549 2265 805 2310 horreorum
829 2289 836 2311 ;
863 2284 910 2312 ac
930 2270 1089 2315 deinde
1105 2274 1285 2317 Creator
1308 2276 1453 2318 omni-

61 2341 215 2391 potens
237 2333 610 2379 incontaminabili
636 2336 802 2396 ubique
821 2340 1049 2397 praeseutia
1068 2350 1111 2385 et
1139 2344 1346 2389 creatrice
1371 2360 1450 2404 po·

62 2403 196 2447 tentia
218 2402 272 2447 de
294 2405 531 2450 seminibus
552 2407 780 2451 hominum
803 2419 934 2468 prout
958 2411 1105 2468 vellet,
1132 2414 1250 2474 quod
1273 2425 1315 2460 et
1334 2432 1451 2461 nunc

62 2472 192 2528 facit,
218 2485 469 2533 operaretur
491 2478 535 2521 in
551 2476 732 2522 foemina
748 2480 858 2524 sicut
883 2480 938 2525 dc
960 2484 1198 2529 seminibus
1215 2485 1450 2531 frumento·
1496 2521 1499 2523 -

63 2559 160 2589 rum
184 2555 315 2605 prout
335 2547 430 2592 vult
447 2559 651 2607 operatur
675 2550 718 2594 iu
744 2559 875 2607 terra,
900 2553 1033 2600 beatis
1054 2557 1265 2602 matribus
1287 2558 1376 2602 sine
1396 2558 1450 2602 li-
