1804 3205
291 247 344 274 nn
376 247 544 275 ivimus
571 248 622 274 ET
653 244 1020 282 conciriscziwm,
1057 246 1137 271 Lm.
1176 247 1221 271 11.
1367 233 1448 272 247

68 313 150 358 bus
173 309 355 357 reddita.
396 313 534 372 Hujus
557 328 635 356 nos
659 312 814 371 pudet,
840 321 883 355 ct
905 311 1058 355 merito
1092 309 1241 369 pudet.
1269 312 1375 355 Nam
1422 312 1454 354 si

68 386 151 430 hoc
178 399 268 428 non
289 392 398 428 esset
417 417 428 439 ‚
458 383 566 444 quid
589 384 714 428 nobis
739 393 848 427 esset
866 381 1092 441 ingratiu5‚
1111 381 1219 441 quid
1242 381 1452 440 irreligio-

67 455 170 510 sius,
193 454 227 499 si
261 454 305 498 in
324 454 530 499 membris
553 455 723 510 nostris,
744 470 834 499 non
856 453 911 498 dc
926 453 1030 499 vitio
1046 451 1114 498 vel
1133 452 1187 497 de
1206 467 1334 512 poena
1359 467 1455 497 nos-

69 536 148 581 tra,
172 526 248 570 sed
271 524 325 570 de
346 526 421 570 Dei
437 524 808 571 confunderemur
830 525 1060 584 operibus?

126 597 294 640 XXIII.
328 596 439 641 Dicit
465 596 594 641 etiam
624 597 701 640 iste
735 596 873 641 multa
898 595 1057 641 frustra
1083 595 1139 639 de
1168 594 1388 639 Abraham
1410 603 1454 640 et

67 668 168 712 Sara
190 701 201 721 ,
231 665 454 726 quomodo
485 683 536 710 cx
567 667 898 727 repromissione
930 665 1174 725 acceperint
1209 663 1380 721 filium3
1412 674 1455 709 et

51 726 241 809 [tandem
265 738 661 797 concupiscentiam
684 739 879 784 nominat
905 757 914 783 :
941 753 1030 782 non
1054 746 1199 781 tamen
1221 734 1343 780 addit
1366 751 1456 780 car·
1488 742 1491 754 ”

65 824 131 853 nis
149 843 160 864 ,
183 809 284 868 quia
302 809 392 868 ipsa
415 807 619 869 pudenda
640 819 718 855 est.
751 813 802 854 In
821 808 1184 868 concupiscentiae
1210 816 1355 851 autem
1380 823 1455 852 no·
1520 831 1522 835 ·
1552 801 1554 805 ⁸
1574 847 1579 854 t

65 879 182 923 mine
203 878 438 939 aliquando
462 878 738 939 gloriandum
761 889 824 924 est
843 900 852 925 ;
868 880 969 939 quia
983 879 1062 941 *est
1085 886 1128 922 et
1149 877 1457 936 concupiscen-

65 950 120 996 tia
142 951 315 1010 spiritus
337 950 539 995 adversus
556 966 727 996 carnem
743 954 771 1004 ¹,
792 961 855 996 est
873 960 915 994 et
929 939 1277 1008 concupiscentia
1293 948 1458 1007 sapien-

66 1021 135 1065 tiae
160 1008 205 1081 Q]
218 1021 291 1066 Ait
317 1037 420 1080 ergo
447 1041 455 1066 :
483 1041 502 1063 «
527 1023 654 1067 Certe
687 1023 799 1066 hanc
831 1020 1230 1079 concupiscentiam
1254 1020 1345 1063 sine
1371 1035 1456 1078 qua

64 1091 184 1137 nulla
218 1091 480 1136 foecunditas
510 1102 589 1147 est,
617 1092 775 1137 malam
809 1091 1064 1136 naturaliter
1086 1091 1275 1135 definisti
1303 1109 1311 1135 ε
1337 1089 1456 1134 unde

63 1177 164 1220 ergo
186 1178 262 1222 per
287 1163 454 1208 donum
476 1161 652 1208 coeleste
675 1163 720 1207 in
746 1163 920 1207 senibus
943 1163 1171 1206 excitatur?
1195 1164 1351 1205 Astrue
1365 1161 1454 1219 jam

62 1233 161 1286 hoc,
193 1233 226 1277 si
264 1242 402 1293 pote3‚
442 1232 497 1277 ad
534 1249 643 1293 opus
680 1233 845 1278 diaboli
882 1233 1116 1292 pertinere,
1155 1231 1276 1291 quod
1317 1234 1453 1275 Deum

62 1303 182 1348 vides
205 1304 404 1348 conferre
426 1319 504 1363 pro
527 1320 723 1349 munere.
754 1323 774 1346 »
798 1307 862 1349 Ita
883 1305 968 1349 hoc
991 1303 1116 1359 dicit,
1145 1303 1266 1363 quasi
1289 1318 1450 1347 concu-

61 1375 272 1434 piscentia
297 1376 436 1420 carnis
463 1375 546 1420 illis
570 1386 669 1420 ante
698 1375 887 1421 defuerit
904 1411 914 1431 ,
941 1386 984 1420 et
1007 1376 1120 1419 hanc
1149 1375 1206 1419 eis
1228 1374 1456 1419 donaverit

60 1448 176 1490 Deus
199 1465 206 1491 :
232 1462 331 1506 quae
356 1446 506 1505 procul
531 1446 669 1491 dubio
692 1446 830 1490 inerat
853 1447 898 1490 in
919 1461 1101 1505 corpore
1122 1445 1272 1490 mortis
1294 1446 1422 1505 hujus
1441 1466 1453 1503 3

60 1516 135 1560 sed
167 1515 432 1561 foecunditas
461 1517 632 1572 defuit,
663 1519 786 1577 cujus
813 1526 963 1562 auctor
994 1526 1058 1561 est
1099 1519 1239 1571 Deus,
1283 1524 1326 1560 et
1361 1516 1453 1574 ipsa

60 1587 221 1633 donata
245 1598 309 1632 est
330 1588 508 1649 quando
531 1587 669 1634 voluit
693 1592 823 1634 Deus.
849 1588 976 1633 Absit
997 1598 1143 1632 autem
1165 1596 1214 1634 ut
1236 1587 1448 1641 dicamus,
1484 1645 1487 1650 ‚

59 1659 180 1720 quod
201 1675 280 1704 nos
302 1660 472 1719 putavit
493 1675 583 1706 esse
605 1661 813 1716 dicturos,
839 1663 958 1705 Isaac
982 1660 1073 1705 sine
1095 1659 1356 1705 concubitus
1379 1674 1452 1703 ca-
1478 1651 1485 1658 ³

58 1730 150 1776 lore
167 1740 438 1789 generatum.

118 1803 281 1846 XXIV.
315 1802 399 1847 Sed
426 1802 517 1861 ipse
539 1803 631 1862 jam
657 1801 794 1856 dicat,
819 1816 954 1860 quare
975 1801 1173 1845 interiret
1194 1800 1339 1844 anima
1360 1801 1451 1859 ejus

59 1872 114 1917 de
139 1887 294 1930 genere
318 1888 397 1916 suo
411 1907 423 1927 ‚
447 1874 480 1916 si
502 1872 780 1917 circumcisus
801 1872 872 1916 die
893 1887 981 1916 non
1003 1880 1112 1916 esset
1139 1880 1292 1916 octavo
1314 1890 1322 1915 :
1343 1869 1452 1930 quid

59 1944 150 2003 ipse
172 1954 416 2003 peccasset,
442 1943 550 2003 quid
573 1942 825 1988 offendisset
847 1946 1004 1997 Deum,
1028 1951 1077 1987 ut
1100 1942 1154 1986 de
1176 1941 1316 1986 aliena
1338 1942 1382 1985 in
1406 1957 1451 1986 se

59 2014 320 2074 negligentia
347 2024 434 2059 tam
458 2030 603 2059 severa
625 2015 836 2058 sententia
859 2015 1105 2074 puniretur,
1135 2014 1169 2058 si
1190 2013 1364 2057 nullum
1387 2027 1452 2056 es-

59 2095 125 2131 set
147 2085 354 2143 originale
375 2087 632 2145 peecatum?
654 2088 716 2129 De
732 2084 1093 2130 circumcidendis
1117 2084 1235 2128 enim
1258 2087 1372 2127 Deus
1393 2083 1452 2128 sic

60 2155 282 2201 mandavit
302 2154 546 2200 infantibus
569 2172 580 2199 .·
609 2175 630 2198 «
654 2156 874 2200 Masculus
900 2156 977 2215 qui
1000 2171 1089 2200 non
1113 2153 1451 2199 circumcidetur

64 2245 83 2269 »
118 2241 292 2271 carnem
316 2226 518 2286 praeputii
537 2226 602 2270 sui
622 2235 776 2271 octavo
796 2225 883 2281 die,
905 2225 1108 2285 disperiet
1129 2225 1273 2268 anima
1290 2225 1381 2284 ejus
1396 2223 1452 2268 de

63 2315 84 2339 »
119 2312 275 2356 genere
294 2313 389 2352 suo,
411 2298 514 2356 quia
535 2307 845 2342 testamentum
862 2312 1007 2341 meum
1027 2296 1249 2355 dissipavit
1266 2297 1296 2339 3.
1328 2314 1347 2336 η
1374 2296 1450 2339 Di-

60 2377 131 2413 cat
159 2368 254 2423 iste,
282 2368 316 2412 si
343 2376 501 2427 potest,
539 2367 764 2428 quomodo
798 2383 905 2426 puer
938 2366 1012 2410 ille
1042 2375 1349 2411 testamentum
1373 2366 1453 2410 Dei

61 2437 309 2498 dissipavit,
335 2448 434 2483 octo
455 2439 643 2493 dierum,
670 2448 886 2497 quantum
910 2437 964 2482 ad
986 2438 1128 2496 ipsum
1154 2439 1324 2497 proprie
1348 2437 1451 2480 atti-

62 2518 153 2563 net,
175 2508 384 2553 innocens
402 2509 546 2553 infans
560 2528 567 2553 :
581 2518 623 2552 et
639 2517 785 2552 tamen
804 2506 927 2552 nullo
945 2508 1077 2553 modo
1096 2511 1208 2552 Deus
1224 2506 1290 2550 vel
1307 2515 1450 2550 saneta

114 2599 120 2614 ¹
140 2591 208 2624 Gal.
229 2604 262 2630 v,
284 2603 333 2634 17·
349 2598 413 2615 —2
432 2594 506 2634 Sap.
527 2603 572 2628 vi,
592 2600 699 2624 21.-
718 2590 732 2613 ³
755 2594 835 2625 Gen.
856 2591 1008 2632 xv11‚14.
