1804 3205
505 227 559 253 1)ss
591 227 731 254 οεςτῐε
763 223 951 255 rumix.
1365 215 1421 254 69

93 294 231 337 XXV.
264 293 338 336 His
362 301 505 336 autem
530 293 844 353 qumstionibus
863 330 873 349 ,
910 302 953 337 et
985 294 1165 338 istarum
1191 294 1429 338 sententia-

33 378 131 408 .1um
155 363 552 407 contentiosissimis
571 364 878 408 assertionibus
892 366 981 424 jam
1001 378 1314 424 usquequaque
1340 363 1428 405 fer-

34 434 257 488 ventibus,
294 432 532 479 multorum
571 435 757 478 fratrum
801 434 1140 494 perturbabatur
1183 433 1425 477 infirmitas.

36 505 159 548 Unde
176 506 311 548 coacti
331 519 479 548 sumus
497 503 795 549 sollicitudine
813 506 1049 559 charitatis,
1073 519 1203 564 quain
1227 519 1327 563 erga
1344 506 1428 548 Ec-

33 574 205 618 clesiam
227 575 385 620 Christi
415 591 491 634 per
514 576 693 633 gratiam
723 575 881 620 Christi
907 591 984 620 nos
1009 574 1166 620 habere
1189 575 1427 627 convenit,

35 645 163 688 etiam
194 644 249 689 ad
274 645 410 689 beatae
434 646 653 690 memoriae
676 645 979 690 Marcellinum
995 681 1005 700 ,
1032 646 1107 705 qui
1130 660 1203 690 eos
1234 642 1431 704 quotidie

34 715 323 774 disputatores
354 716 678 760 molestissimos
709 717 972 775 patiabatur,
999 726 1041 761 et
1072 731 1140 760 me
1171 731 1245 774 per
1267 715 1432 759 litteras

35 787 305 840 consulebat,
332 788 386 831 de
402 787 665 847 quibusdam
684 788 863 832 istarum
887 788 1201 848 quaestionibus
1223 787 1428 840 scribere,

35 867 77 901 et
95 858 278 901 maxime
296 858 350 901 (le
369 859 581 917 baptismo
601 857 885 917 parvulorum
909 877 917 902 ε
939 858 993 902 de
1012 873 1100 917 quo
1117 858 1246 901 etiam
1264 864 1429 915 postea,

38 938 78 972 te
92 929 293 987 jubente,
316 930 360 971 in
382 928 552 972 basilica
576 931 808 987 Mnjorum,
833 938 1004 987 gestans
1026 943 1207 988 quoque
1230 929 1274 971 in
1293 927 1435 971 mani-

38 999 117 1042 bus
147 998 373 1057 epistolam
397 998 686 1056 gloriosissimi
712 1000 914 1055 martyris
945 999 1176 1058 Cypriani,
1204 1007 1247 1042 et
1274 997 1329 1041 de
1352 999 1435 1041 hac

37 1084 81 1112 re
102 1069 233 1113 verba
256 1070 346 1128 ejus
366 1071 549 1113 recitans
573 1078 703 1129 atque
727 1078 1012 1128 pertractans,
1039 1079 1088 1113 ut
1111 1084 1232 1113 error
1254 1069 1334 1113 iste
1357 1083 1437 1112 ne-

39 1140 169 1184 farius
184 1139 239 1183 de
253 1140 546 1199 quorumdam
561 1140 767 1184 cordibus
780 1139 1044 1196 auferretur,
1059 1140 1221 1200 quibus
1233 1153 1436 1199 persuasa

38 1210 226 1265 fuerant,
252 1227 351 1270 quae
373 1212 416 1254 in
437 1211 500 1255 his
523 1212 650 1269 gestis
668 1211 868 1255 videmus
890 1210 1114 1266 damnata,
1142 1211 1318 1271 adjutus
1340 1226 1438 1254 ora-

42 1281 232 1325 tionibus
256 1282 355 1335 tuis,
388 1290 603 1341 quantum
630 1281 781 1341 potui,
807 1280 1017 1325 laboravi.
1054 1284 1159 1324 Haec
1181 1289 1282 1324 sunt
1299 1315 1309 1334 ,
1338 1294 1439 1339 quae

41 1350 262 1395 nonnullis
276 1351 499 1407 fratribus,
518 1352 698 1411 quidam
718 1349 819 1394 talia
834 1351 1084 1405 sentientes,
1103 1351 1161 1394 ita
1177 1349 1440 1409 persuadere

39 1422 329 1474 conabantur,
356 1430 404 1464 ut
423 1420 477 1464 de
497 1420 779 1464 orientalibus
803 1420 1180 1464 comminarentur
1207 1419 1411 1463 Ecclesiis
1427 1453 1438 1473 ,

39 1491 159 1550 quod
185 1491 264 1534 nisi
288 1491 381 1535 haec
410 1500 630 1545 tenerent,
665 1505 811 1534 earum
839 1499 1015 1549 possent
1037 1491 1205 1550 judicio
1228 1489 1442 1534 condem-

40 1562 148 1605 nari.
179 1563 292 1605 Ecce
314 1560 645 1620 quatuordecim
673 1560 883 1604 antistites
907 1560 1129 1604 orientalis
1153 1558 1375 1614 Ecclesiae,
1397 1559 1443 1602 in

40 1646 88 1675 ea
111 1640 222 1675 terra
240 1631 312 1676 cui
327 1631 537 1676 Dominus
554 1632 830 1690 praesentiam
850 1646 939 1675 suae
956 1631 1096 1674 carnis
1120 1630 1336 1685 exhibuit,
1357 1632 1443 1673 Pe-

41 1702 203 1761 lagium
232 1717 321 1747 non
351 1702 643 1756 absolverent,
669 1702 751 1746 nisi
781 1717 830 1746 ea
853 1710 1064 1762 tanquam
1086 1701 1188 1745 fidei
1215 1700 1445 1745 catholicae

44 1771 219 1817 adversa
243 1773 486 1816 damnaret.
516 1772 658 1826 Unde,
688 1773 722 1816 si
751 1781 979 1831 propterea
1003 1780 1066 1816 est
1096 1772 1176 1815 iste
1200 1770 1442 1824 absolutus,

43 1843 164 1903 quod
194 1843 623 1888 anathematizaverit
646 1843 745 1887 talia
768 1863 778 1899 3
804 1843 958 1901 procul
981 1842 1119 1886 dubio
1139 1841 1213 1885 illa
1241 1841 1445 1884 damnata

44 1922 146 1957 sunt
172 1932 180 1957 :
206 1913 326 1972 quod
346 1912 486 1956 multo
509 1911 776 1956 cumulatius
795 1920 926 1970 atque
943 1911 1100 1954 clarius
1114 1910 1160 1953 in
1178 1923 1447 1968 consequen-

45 1984 160 2028 tibus
187 1983 428 2042 apparebit.

105 2055 267 2098 XXVI.
306 2052 431 2097 Unde
452 2067 571 2096 nune
594 2051 684 2095 duo
702 2050 774 2094 illa
792 2049 1033 2105 videamus,
1057 2065 1158 2109 quae
1178 2050 1321 2095 noluit
1339 2065 1444 2094 ana-

50 2124 329 2169 thematizare
352 2122 543 2182 Plagius,
568 2123 644 2182 qui
666 2122 794 2166 etiam
820 2137 897 2165 sua
924 2136 1015 2179 esse
1044 2120 1280 2179 cognovit,
1304 2119 1380 2164 sed
1398 2129 1448 2163 ut

49 2193 173 2249 illud,
195 2192 317 2254 quod
339 2193 383 2236 in
401 2193 460 2237 eis
482 2191 753 2246 offendebat,
782 2190 992 2246 auferret,
1017 2192 1242 2250 quomodo
1270 2206 1318 2234 ea
1344 2205 1445 2233 sen-

51 2264 148 2308 tiret
162 2262 374 2322 exposuit.
400 2281 420 2304 «
442 2265 570 2307 Posse
587 2260 782 2321 quidem,
807 2261 967 2320 inquit,
987 2262 1210 2305 hominem
1230 2261 1322 2303 sine
1343 2274 1448 2318 pec-

51 2343 148 2379 cato
170 2348 277 2388 esse,
303 2332 472 2377 dictum
492 2341 556 2376 est
578 2331 788 2390 superius.
821 2349 840 2371 »
866 2332 1041 2375 Dictum
1060 2345 1176 2384 sane,
1197 2339 1241 2373 et
1258 2345 1336 2375 nos
1352 2345 1448 2373 me-

53 2405 258 2449 minimus
279 2404 354 2448 sed
378 2403 477 2448 ideo
498 2403 765 2462 mitigatum,
791 2411 835 2446 et
853 2417 876 2445 a
892 2400 1113 2461 judicibus
1132 2401 1441 2460 approbatum,

54 2477 174 2535 quod
197 2474 344 2519 addita
373 2483 435 2518 est
461 2475 538 2518 Dei
562 2474 716 2533 gratia,
744 2489 844 2533 quae
866 2473 911 2516 in
933 2472 1017 2515 illis
1047 2471 1246 2531 capitulis
1271 2471 1446 2515 taceba-

58 2555 142 2591 tur.
159 2549 222 2590 De
245 2547 326 2590 hoc
346 2555 491 2591 autem
523 2545 659 2590 altero
679 2543 1050 2605 quemadmodum
1072 2542 1359 2602 responderit,
1382 2540 1445 2583 di-
