1784 3205
335 191 390 230 26
759 201 792 230 s.
829 202 1058 232 Avocs‘nm
1092 204 1271 232 Ensoom

337 287 357 309 «
385 266 497 310 mala
512 268 542 310 ¹.
565 284 584 308 »
605 266 739 312 Miror
757 267 877 327 quod
900 283 1028 312 ausus
1048 277 1112 312 est
1129 282 1290 327 ponere
1306 267 1390 312 hoe
1405 264 1714 320 testimonium,

332 336 409 381 ubi
431 335 597 380 dictum
625 345 712 392 est,
743 354 762 378 «
784 337 1015 381 Abstinens
1036 353 1080 381 se
1101 338 1156 382 ab
1185 338 1305 382 omni
1328 351 1373 380 re
1400 335 1539 389 mala,
1568 352 1588 375 »
1617 349 1718 379 cum

332 409 415 452 hoc
438 409 492 452 ab
519 408 637 451 omni
663 417 838 466 peccato
869 407 999 452 vellet
1020 408 1230 467 intelligi3
1253 422 1355 452 cum
1376 406 1572 465 superius
1595 405 1718 449 dixe-

332 479 408 530 rit,
444 487 671 538 peccatum
703 487 848 522 aetum
880 493 989 533 esse,
1022 493 1110 523 non
1133 493 1240 523 rem.
1272 477 1593 522 Reminiscatur
1616 490 1719 534 ergo

332 549 434 608 quia
453 549 580 592 etiam
602 549 636 592 si
658 558 777 593 actus
798 549 865 603 sit,
892 564 957 592 res
979 558 1120 608 potest
1150 549 1249 592 dici.
1286 547 1486 592 Abstinet
1507 561 1551 590 se
1573 554 1719 589 autem

333 620 388 662 ab
410 620 527 663 omni
549 635 593 663 re
609 620 741 675 mala,
763 621 837 679 qui
856 629 1033 679 peceato
1047 655 1057 675 ,
1079 621 1168 664 sine
1195 635 1283 679 quo
1301 634 1390 663 non
1407 627 1486 673 est,
1512 617 1582 661 vel
1603 631 1721 661 nun-

333 705 462 747 quam
486 692 663 734 omnino
697 691 934 746 consentit,
959 690 1028 734 vel
1057 691 1092 734 si
1113 689 1348 750 aliquando
1377 688 1604 748 premitur,
1630 701 1719 732 non

331 760 618 817 opprimitur,
652 761 762 804 sicut
781 760 967 804 luctator
990 761 1167 814 tortior,
1201 769 1245 804 et
1272 760 1306 803 si
1338 758 1573 818 aliquando
1598 767 1719 801 tene-

332 838 427 884 tur,
453 845 541 874 non
564 829 662 875 ideo
687 830 828 889 perdit
845 845 934 890 quo
951 831 1147 888 superior
1165 830 1400 875 invenitur.
1425 829 1602 887 Legitur
1619 843 1720 873 sane

332 901 463 944 homo
481 900 571 943 sine
593 901 797 955 crimine,
830 900 989 959 legitur
1015 900 1105 944 sine
1135 898 1311 960 querela
1338 919 1346 945 :
1376 908 1419 944 at
1446 914 1535 944 non
1564 898 1721 956 legitur

332 970 421 1013 sine
449 980 644 1029 peccato,
676 971 757 1015 nisi
797 970 934 1015 Filius
967 971 1182 1026 hominis,
1221 986 1334 1015 unus
1363 971 1477 1014 idem
1506 970 1581 1014 Dei
1606 968 1721 1015 filius

332 1042 502 1085 unicus.

388 1113 529 1156 XXX.
561 1130 581 1153 «
602 1114 736 1167 Item,
761 1112 919 1172 inquit,
941 1112 1059 1171 apud
1075 1113 1219 1171 ipsum
1236 1112 1321 1156 Job
1349 1129 1357 1156 :
1383 1113 1440 1155 Et
1461 1109 1721 1155 miraculum

330 1182 472 1225 tenuit
493 1182 654 1226 veracis
673 1182 875 1226 hominis.
898 1185 1007 1226 Item
1023 1183 1139 1242 apud
1165 1182 1442 1227 Salomonem
1463 1180 1517 1225 de
1539 1181 1721 1240 Sapien-

330 1252 387 1296 tia
416 1272 424 1297 :
449 1271 467 1293 «
491 1254 579 1296 Viri
598 1254 828 1297 mendaces
845 1269 934 1298 non
951 1263 1081 1298 erunt
1094 1253 1207 1298 illius
1225 1268 1453 1308 memores,
1473 1253 1554 1297 viri
1574 1262 1721 1298 autem

333 1340 352 1363 »
379 1337 549 1366 veraces
567 1322 1034 1367 inver1ienturinilla2.
1059 1342 1079 1365 »
1102 1326 1214 1367 Item
1234 1323 1280 1366 in
1297 1322 1559 1382 Apocalypsi
1586 1341 1595 1368 ε
1620 1341 1641 1365 «
1664 1325 1722 1369 Et

332 1411 352 1434 »
379 1393 423 1436 in
446 1409 520 1437 ore
541 1395 734 1452 ipsorum
754 1410 843 1439 non
862 1404 925 1439 est
945 1395 1171 1439 inventum
1194 1394 1498 1450 mendacium,
1518 1393 1608 1438 sine
1623 1409 1718 1439 ma-

333 1482 352 1505 »
374 1463 471 1509 cula
493 1475 594 1509 sunt
613 1468 644 1509 3.
673 1485 692 1508 »
720 1466 787 1510 Ad
806 1467 899 1510 haec
922 1475 964 1510 et
987 1482 1064 1511 nos
1087 1467 1415 1526 respondemus,
1437 1464 1722 1511 admonentes

329 1535 553 1594 quomodo
575 1535 788 1580 dicendus
813 1537 866 1581 sit
883 1537 1014 1581 homo
1036 1552 1164 1582 verax
1185 1552 1261 1596 per
1277 1536 1354 1580 Dei
1371 1536 1570 1594 gratiam,
1590 1545 1723 1596 atque

328 1606 570 1661 veritatem,
595 1608 671 1667 qui
692 1623 769 1666 per
793 1622 836 1651 se
857 1608 998 1666 ipsum
1021 1608 1111 1652 sine
1134 1608 1271 1652 dubio
1290 1607 1474 1652 mendax
1491 1616 1571 1652 est.
1595 1607 1722 1652 Unde

328 1674 603 1722 dictumest:
633 1695 653 1719 «
683 1678 833 1722 Omnis
859 1679 991 1722 homo
1013 1677 1249 1722 mandax&
1280 1696 1299 1719 >›
1326 1680 1419 1723 Hoc
1445 1687 1489 1722 et
1522 1678 1723 1723 testimo-

329 1746 448 1790 nium
469 1747 659 1791 sonatde
684 1748 916 1807 Sapientia,
937 1748 1057 1808 quod
1087 1749 1178 1808 ipse
1203 1749 1350 1809 posuit
1372 1768 1380 1794 ε
1405 1768 1425 1792 «
1455 1749 1547 1792 Viri
1576 1757 1722 1793 autem

331 1835 350 1857 »
372 1832 542 1861 veraces
562 1818 841 1862 invenientur
863 1820 907 1861 in
929 1819 1002 1862 illa
1028 1838 1047 1860 n
1078 1838 1087 1863 ι
1111 1821 1188 1879 qui
1218 1819 1371 1878 procul
1399 1819 1536 1863 dubio
1556 1835 1646 1863 non
1677 1819 1723 1863 in

328 1887 416 1941 illa,
442 1887 515 1932 sed
537 1889 582 1932 in
604 1904 648 1933 se
665 1889 766 1949 ipsis
794 1890 1071 1935 invenientur
1093 1905 1184 1935 esse
1203 1889 1446 1935 mendaces.
1477 1891 1613 1936 Sicuti
1634 1899 1716 1945 est,

332 1975 351 1998 «
379 1957 537 2001 Fuistis
570 1958 808 2018 aliquando
844 1960 1038 2004 tenebrae
1059 1995 1069 2015 ‚
1111 1976 1229 2006 nunc
1263 1970 1410 2005 autem
1446 1961 1521 2006 lux
1552 1962 1598 2005 in
1636 1964 1723 2006 Do-

334 2046 350 2067 »
374 2027 492 2072 mino
510 2030 539 2072 ⁵.
562 2046 581 2068 n
607 2030 718 2073 Cum
753 2030 939 2084 diceret,
975 2031 1190 2089 tenebrae3
1217 2047 1306 2075 non
1327 2031 1525 2087 addidit,
1558 2033 1603 2079 in
1630 2035 1722 2078 Do-

328 2098 477 2143 mino:
513 2115 615 2144 cum
649 2109 793 2144 autem
823 2101 957 2156 dixit,
991 2101 1090 2160 lux,
1123 2102 1292 2146 addidit
1324 2103 1505 2162 utique,
1546 2104 1593 2147 in
1628 2105 1721 2150 Do-

329 2169 464 2224 mino,
491 2170 592 2229 quia
616 2171 661 2214 in
679 2186 722 2214 se
742 2171 841 2230 ipsis
869 2171 945 2215 lux
967 2187 1056 2216 esse
1078 2188 1168 2217 non
1200 2182 1400 2231 possent,
1422 2192 1442 2215 «
1468 2183 1518 2218 ut
1538 2174 1615 2233 qui
1633 2174 1724 2233 glo-

331 2257 351 2279 »
377 2240 535 2294 riatur,
564 2242 606 2284 in
625 2242 809 2286 Domino
833 2241 1038 2300 glorietur
1051 2246 1082 2287 ⁶.
1121 2262 1140 2284 n
1166 2243 1235 2288 Illi
1261 2260 1363 2290 vero
1392 2245 1437 2288 in
1461 2245 1722 2306 Apocalypsi

329 2319 555 2369 propterea
583 2312 684 2356 tales
710 2312 814 2357 dicti
846 2323 970 2368 sunt,
1008 2333 1027 2356 «
1053 2316 1182 2367 Quod
1211 2331 1299 2360 non
1335 2316 1388 2359 sit
1422 2316 1650 2361 inventum
1673 2317 1720 2362 in

333 2398 352 2421 »
372 2396 444 2425 ore
463 2398 612 2426 eorum
626 2384 904 2429 mendacium
931 2387 962 2428 ⁷:
983 2404 1001 2426 »
1025 2386 1126 2444 quia
1144 2401 1233 2430 non
1249 2385 1453 2431 dixerunt
1475 2402 1519 2432 se
1536 2403 1625 2432 non
1641 2388 1720 2432 ha—

377 2489 385 2504 ¹
406 2483 486 2523 Job,
512 2496 536 2525 r,
568 2496 596 2516 1.
618 2502 654 2507 —
669 2492 681 2508 2
702 2486 800 2517 Eecli.
822 2497 875 2525 xv,
907 2486 940 2518 8.
963 2503 1004 2510 -
1023 2485 1036 2509 3
1055 2489 1157 2529 Apoc.
1182 2499 1246 2529 xrv,
1271 2487 1319 2520 15.
1338 2506 1378 2511 —
1396 2487 1412 2517 4
1435 2488 1515 2521 Psai.
1535 2500 1609 2527 cxv,
1628 2497 1661 2521 2.
1678 2505 1719 2513 -

332 2539 344 2559 ³7
364 2540 478 2580 Ephes.
504 2551 536 2580 v,
558 2540 697 2573 8.·—01
725 2544 838 2582 Cor.1‚
863 2544 965 2574 31.-
980 2551 991 2573 7
1017 2545 1115 2585 ΑροοΚ
1144 2555 1209 2584 xlv,
1230 2543 1259 2575 5.
