1784 3205
326 235 378 272 36
751 242 784 268 s.
822 238 1051 269 intersum
1086 239 1265 267 firiscori

321 318 466 354 autem
489 307 610 368 quod
636 307 690 350 de
720 306 896 350 homine
918 304 994 350 illo
1016 304 1107 348 nati
1136 305 1326 359 sumus1,
1357 317 1434 361 per
1456 315 1585 360 quem
1603 316 1705 360 pec-

318 389 467 426 catum
486 378 664 423 intravit
681 378 725 422 in
747 375 963 421 mundum
981 411 991 431 ,
1018 384 1060 419 et
1082 390 1159 434 per
1180 382 1407 434 peccatum
1425 387 1563 426 mors,
1584 380 1628 415 et
1648 372 1707 416 ita

317 452 362 496 in
382 466 532 497 omnes
554 450 752 494 homines
775 447 1026 508 pertransiit
1038 450 1071 501 2,
1097 447 1188 490 sine
1210 454 1388 505 peccato
1416 458 1505 487 non
1528 458 1704 501 sumus,

315 522 419 582 quia
446 522 536 566 sine
550 520 664 565 illius
681 520 929 564 infirmitate
958 517 1155 562 nondum
1186 531 1357 571 sumus,
1382 514 1521 559 donec
1544 513 1616 557 illa
1638 529 1708 557 re-

315 593 571 647 novatione,
596 606 695 651 quae
718 591 766 633 fit
786 588 841 634 de
869 588 939 633 die
976 589 1020 632 in
1052 588 1192 642 diem,
1217 586 1425 647 quoniam
1463 583 1707 628 seeundum

315 662 453 721 ipsam
473 678 523 706 ex
543 665 632 706 Deo
654 661 744 705 nati
768 675 939 715 sumus,
967 659 1194 702 infirmitas
1216 666 1305 702 tota
1326 665 1501 701 sanetur
1516 690 1526 710 ,
1552 655 1596 698 in
1616 671 1704 715 qua

316 747 367 776 ex
389 734 529 791 primo
552 732 729 776 homine
747 732 837 775 nati
860 745 1031 784 sumus,
1057 739 1099 773 et
1127 730 1169 772 in
1197 744 1284 788 qua
1307 728 1398 771 sine
1422 735 1599 785 peccato
1617 741 1706 770 non

313 817 463 846 sumus
489 820 496 845 :
524 802 648 860 cujus
678 800 870 859 reliquiis
892 802 937 844 in
965 799 1144 844 homine
1170 799 1375 842 interiore
1399 797 1702 850 manentibus,

313 871 511 932 quamvis
533 870 587 914 de
611 870 682 914 die
699 871 743 913 in
761 869 878 914 diem
905 869 1160 912 minuantur
1182 868 1227 911 in
1254 866 1602 928 proficientibus,
1622 885 1641 907 «
1663 866 1704 911 Si

319 961 336 983 »
364 941 597 986 dixerimus
618 940 720 1000 quia
744 950 971 1000 peccatum
994 955 1082 983 non
1100 939 1328 994 habemus,
1351 938 1558 996 nosipsos
1576 937 1706 981 sedu-

314 1030 335 1052 »
361 1013 522 1067 cimus,
555 1021 599 1056 et
631 1011 787 1056 veritas
818 1012 864 1055 in
892 1010 1019 1055 nobis
1049 1025 1137 1053 non
1175 1019 1252 1054 est.
1289 1028 1308 1050 »
1334 1007 1567 1062 Quomodo
1590 1008 1706 1051 enim

310 1096 461 1126 verum
482 1091 546 1126 est
572 1100 580 1126 ε
608 1101 626 1123 (ι
653 1082 803 1125 Omnis
821 1081 896 1141 qui
918 1089 1083 1140 peccat,
1110 1095 1201 1123 non
1224 1080 1336 1123 vidit
1353 1094 1476 1134 eum,
1498 1093 1578 1122 nec
1601 1093 1706 1137 cog-

313 1168 335 1192 »
361 1153 484 1196 novit
501 1167 601 1195 eum
620 1153 663 1193 3?
685 1171 704 1192 »
727 1168 826 1196 cum
855 1151 1094 1195 secundum
1116 1151 1323 1195 visionem
1348 1159 1389 1194 et
1411 1150 1705 1208 cognitionem

310 1238 410 1280 quae
433 1223 513 1266 erit
545 1223 589 1265 in
612 1223 768 1281 specie,
799 1237 927 1267 nemo
957 1237 1057 1265 eum
1085 1223 1131 1264 in
1165 1222 1245 1265 hac
1280 1222 1366 1266 vita
1397 1221 1544 1265 videat
1576 1229 1707 1280 atque

311 1301 565 1349 cognoscat·⁷
591 1291 832 1335 secundum
858 1301 1000 1335 autem
1024 1291 1236 1334 visionem
1260 1300 1391 1350 atque
1409 1291 1707 1349 cognitionem

313 1377 413 1420 quae
436 1371 500 1405 est
522 1361 565 1404 in
589 1361 693 1414 fide,
719 1360 846 1404 multi
865 1361 950 1404 sint
967 1360 1043 1419 qui
1064 1369 1261 1418 peccent,
1288 1370 1403 1404 certe
1430 1362 1507 1419 ipsi
1532 1369 1705 1419 aposta—

312 1440 384 1485 tae,
407 1432 482 1490 qui
505 1440 650 1475 tamen
670 1431 714 1474 in
738 1446 836 1475 eum
862 1430 1096 1490 aliquando
1120 1431 1423 1484 crediderunt,
1444 1441 1491 1475 ut
1506 1431 1561 1474 de
1584 1429 1707 1476 nullo

313 1516 464 1545 eorum
498 1501 582 1544 dici
609 1502 765 1559 possit,
804 1499 1047 1544 secundum
1083 1501 1289 1544 visionem
1329 1512 1371 1544 et
1410 1502 1706 1559 cognitionem

314 1587 414 1632 quae
430 1571 573 1615 adhuc
588 1572 632 1615 in
652 1571 738 1615 fide
756 1580 834 1626 est,
856 1587 944 1615 non
962 1571 1070 1614 vidit
1084 1586 1183 1615 eum
1204 1587 1348 1631 neque
1367 1572 1570 1631 cognovit
1585 1587 1701 1616 eum.

316 1641 401 1686 Sed
438 1640 771 1699 intelligendum
809 1640 1021 1695 arbitror,
1057 1641 1157 1700 quia
1192 1642 1416 1686 renovatio
1445 1642 1706 1700 perficienda

315 1710 437 1755 videt
459 1720 501 1754 et
517 1710 739 1767 cognoscit
766 1729 774 1753 :
795 1710 1023 1754 infirmitas
1043 1725 1142 1754 vero
1173 1711 1439 1755 absumenda
1462 1728 1549 1756 non
1569 1714 1702 1767 videt,

316 1795 396 1824 nec
419 1781 638 1839 cognoscit
665 1795 766 1824 eum
789 1800 796 1824 2
823 1781 868 1824 in
890 1781 1011 1840 cujus
1035 1781 1400 1841 quantiscumque
1421 1782 1614 1842 reliquiis
1636 1782 1706 1826 in-

315 1851 449 1895 terius
470 1850 731 1904 constitutis,
762 1868 781 1891 «
810 1850 852 1894 Si
874 1850 1110 1894 dixerimus
1133 1852 1234 1910 quia
1259 1861 1485 1911 peccatum
1511 1868 1601 1897 non
1624 1854 1703 1898 ha-

319 1937 340 1960 »
369 1919 543 1973 bemus,
577 1934 656 1963 nos
680 1920 793 1977 ipsos
825 1919 1097 1975 seducimus,
1128 1930 1171 1964 et
1204 1922 1358 1966 veritas
1389 1923 1434 1966 in
1465 1924 1589 1967 nobis
1615 1938 1705 1968 non

320 2007 341 2031 »
367 1998 445 2033 est.
470 2007 491 2030 »
517 1991 629 2034 Cum
658 2004 761 2047 ergo
794 2005 870 2047 per
901 1990 1083 2047 gratiam
1114 1993 1406 2037 renovationis
1430 1993 1505 2037 filii
1539 1995 1615 2037 Dei
1647 1995 1706 2038 si-

318 2075 414 2103 mus
429 2094 440 2114 ,
465 2069 610 2103 tamen
643 2068 821 2118 propter
844 2059 1045 2118 reliquias
1066 2060 1328 2106 infirmitatis
1359 2082 1378 2105 «
1404 2064 1601 2108 nondum
1624 2080 1703 2124 ap—

322 2148 343 2171 »
370 2130 514 2189 paruit
535 2128 641 2189 quid
663 2129 822 2172 erimus
844 2148 852 2173 z
875 2130 1033 2173 scimus
1058 2132 1262 2190 quoniam
1282 2168 1296 2188 ,
1319 2149 1418 2177 cum
1437 2137 1699 2193 apparuerit,

322 2218 343 2240 »
369 2199 528 2244 similes
545 2199 584 2243 ei
607 2199 786 2253 erimus,
814 2200 1018 2258 quoniam
1042 2202 1289 2247 videbimus
1306 2219 1404 2247 eum
1426 2206 1550 2248 sicuti
1571 2215 1647 2250 est.
1678 2223 1699 2247 »

317 2273 439 2314 Tunc
460 2279 685 2329 peccatum
707 2269 876 2313 nullum
899 2271 993 2325 erit,
1020 2272 1121 2331 quia
1153 2272 1379 2318 infirmitas
1413 2290 1493 2319 nec
1524 2277 1702 2322 interior

315 2355 395 2384 nec
424 2341 607 2384 exterior
628 2340 717 2384 nlla
740 2341 995 2384 remanebit.
1026 2361 1044 2383 «
1078 2344 1133 2386 Et
1156 2345 1296 2387 omnis
1326 2346 1402 2404 qui
1435 2346 1567 2390 habet
1590 2348 1701 2392 hanc

316 2428 338 2452 n
359 2424 477 2469 spem
500 2410 545 2452 in
567 2425 685 2465 eum,
710 2410 950 2454 sanctificat
973 2426 1016 2453 se
1033 2446 1043 2465 ,
1067 2412 1176 2455 sicut
1199 2421 1242 2456 et
1263 2413 1353 2471 ipse
1381 2425 1554 2460 sanctus
1571 2427 1648 2461 est.
1676 2437 1696 2459 »ι

314 2480 560 2526 sanctificat
577 2495 638 2534 se,
664 2495 752 2525 non
776 2495 853 2539 per
867 2496 911 2524 se
932 2482 1091 2540 ipsum,
1113 2484 1188 2527 sed
1208 2484 1428 2531 credendo
1451 2487 1637 2533 initium
1655 2499 1698 2534 et

352 2569 368 2605 ξ
388 2570 407 2596 2
426 2564 500 2597 Cor.
523 2573 569 2605 iv,
592 2562 642 2597 16.
659 2578 699 2587 --
715 2570 726 2587 ²
746 2566 882 2607 R01n.v‚
908 2574 1011 2597 12.—
1031 2565 1042 2590 3
1071 2574 1081 2596 ι
1103 2568 1192 2600 Joan.
1213 2580 1262 2607 ιιι,
1282 2569 1315 2602 6.
