1804 3205
342 217 396 245 nz
429 214 568 244 ΛΜΜΛ
605 217 656 245 ιτ
691 216 787 244 mis
818 218 1012 257 orimum,
1049 220 1130 246 un.
1169 221 1213 245 11.
1387 210 1468 248 327

79 283 270 328 sectione
290 316 302 337 ‚
328 296 417 326 non
441 289 584 325 tecum
607 316 618 336 ,
639 282 716 326 sed
733 297 833 327 cum
864 282 941 328 illo
966 284 1111 342 potius
1133 298 1258 341 agere
1290 283 1431 330 debeo
1462 306 1470 330 ;

78 352 141 398 illi
157 354 322 414 quippe
339 352 636 398 insudandum
659 363 740 409 est,
768 363 816 398 ut
839 354 1050 399 rationem
1081 353 1236 398 reddat
1255 354 1473 400 dictorum

76 439 256 470 suorum
289 446 300 481 3
338 439 393 468 ne
430 423 486 468 de
520 439 650 483 opere
685 426 859 484 juvenis
897 424 1006 470 velle
1036 425 1217 484 fatigare
1251 424 1477 470 videamur

77 496 335 554 gravitatem
359 495 487 540 senis.
518 496 647 549 Quod
683 505 831 540 autem
864 495 1167 541 similitudines
1199 511 1372 540 morum
1400 498 1475 556 qui

77 568 356 627 reperiuntur
368 568 414 611 in
431 567 529 612 filiis
540 601 550 622 ,
563 582 653 612 non
668 582 719 612 ex
736 568 893 612 animae
911 568 1074 613 semine
1090 567 1239 612 venire
1255 566 1471 627 disputat:

77 652 349 698 consequens
367 647 431 683 est
448 638 644 698 quidem,
659 648 709 683 ut
726 639 808 684 hoc
825 640 1015 683 sentiant
1033 638 1302 699 quicumque
1319 638 1475 682 animae

75 708 358 768 propaginem
381 709 614 754 destruunt
644 729 656 766 3
691 709 766 754 sed
789 725 869 753 nec
898 709 961 753 illi
990 709 1066 769 qui
1094 710 1209 753 hanc
1243 718 1471 764 astruunt,

75 777 136 822 ibi
170 779 447 824 constituunt
482 778 655 838 pondus
689 779 934 824 assertionis
964 795 1069 824 suae.
1092 779 1256 823 Vident
1283 779 1401 822 enim
1434 787 1477 822 et

75 847 186 894 filios
218 859 452 909 parentum
483 849 710 894 dissimiles
743 850 970 895 moribus:
996 848 1116 910 quod
1147 850 1247 894 ideo
1271 850 1365 893 fieri
1394 864 1477 908 pu-

75 928 199 976 tant,
230 922 333 981 quia
357 930 400 966 et
432 923 523 980 ipse
556 937 670 966 unus
702 922 835 967 homo
868 921 1129 981 plerumque
1158 921 1247 965 suis
1279 921 1476 965 moribus

73 991 181 1037 alios
218 1008 361 1038 mores
398 993 628 1038 dissimiles
668 994 802 1038 habet
824 1027 835 1048 ,
871 1008 961 1037 non
990 993 1145 1050 utique
1174 992 1316 1035 anima
1345 991 1479 1035 altera

73 1072 268 1123 accepta,
292 1064 368 1109 sed
393 1065 481 1109 vita
499 1064 545 1107 in
562 1063 718 1107 melius
733 1063 807 1107 vel
823 1063 867 1108 in
888 1062 1079 1107 deterius
1101 1071 1384 1107 commutata.
1413 1064 1480 1106 lta

73 1133 251 1190 dicunt,
283 1150 373 1180 non
400 1149 490 1179 esse
526 1134 822 1194 impossibile,
847 1143 896 1178 ut
929 1135 1073 1180 anima
1101 1149 1190 1178 non
1218 1133 1378 1176 habeat
1404 1147 1477 1177 eos

71 1218 240 1260 mores,
264 1220 376 1265 quos
398 1205 531 1249 habet
557 1204 631 1249 ille
653 1221 675 1249 a
698 1220 788 1265 quo
812 1214 1047 1264 propagata
1067 1212 1131 1248 est
1160 1224 1170 1260 3
1197 1202 1477 1263 quandoqui-

71 1274 175 1320 dem
195 1276 289 1335 ipsa
317 1290 404 1320 una
427 1291 546 1320 nunc
562 1275 666 1320 alios
682 1309 693 1331 ‚
715 1275 819 1320 alias
841 1275 947 1320 alios
971 1275 1131 1319 habere
1150 1289 1293 1318 mores
1314 1282 1470 1333 potest.

70 1347 214 1400 Quare
235 1347 270 1391 si
291 1346 375 1391 hoc
399 1354 441 1390 te
463 1346 601 1390 credis
624 1346 679 1390 ab
702 1347 784 1390 isto
803 1345 1034 1402 didicisse,
1064 1346 1185 1405 quod
1208 1346 1353 1390 anima
1383 1360 1474 1390 non

69 1416 124 1461 sit
146 1432 198 1461 ex
216 1416 396 1462 traduce
416 1435 424 1462 :
450 1417 620 1461 utinam
649 1416 694 1460 id
710 1432 812 1461 vere
830 1415 1051 1462 didicisses
1073 1437 1084 1474 3
1112 1431 1181 1461 me
1206 1416 1287 1460 tibi
1309 1414 1475 1459 docen-

71 1486 179 1532 dum
211 1487 496 1532 libentissime
519 1486 749 1532 traderem.
782 1488 868 1532 Sed
903 1487 1024 1531 aliud
1056 1496 1118 1532 est
1138 1486 1330 1542 discere,
1355 1485 1475 1530 aliud

70 1557 208 1603 videri
234 1558 314 1602 sibi
346 1557 563 1603 didicisse.
592 1559 634 1603 Si
667 1572 771 1617 ergo
800 1566 841 1601 te
870 1556 1072 1602 didicisse
1097 1556 1319 1601 arbitraris
1353 1555 1474 1616 quod

68 1629 214 1673 adhuc
243 1629 381 1674 nescis
407 1650 419 1688 3
449 1644 539 1674 non
572 1628 702 1687 plane
724 1628 939 1683 didicisti,
959 1628 1035 1672 sed
1058 1638 1223 1673 temere
1250 1627 1472 1672 credidisti

66 1699 189 1758 quod
210 1698 399 1744 libenter
421 1698 607 1754 audisti,
642 1707 686 1743 et
710 1698 927 1758 subrepsit
956 1699 1037 1742 tibi
1067 1697 1366 1757 falsiloquium
1394 1712 1472 1757 per

67 1770 409 1830 suaviloquium.
433 1770 563 1823 Quod
596 1784 686 1814 non
707 1770 807 1814 ideo
828 1769 926 1814 dico
943 1803 954 1823 ‚
974 1769 1078 1829 quia
1095 1768 1256 1813 falsum
1275 1783 1365 1812 esse
1378 1769 1470 1828 jam

68 1849 213 1885 certus
227 1840 324 1895 sim,
343 1840 507 1885 animas
523 1840 667 1899 potius
683 1840 894 1883 insusslari
917 1855 1068 1895 novas,
1080 1854 1215 1898 quam
1231 1838 1286 1882 de
1305 1838 1469 1896 origine

67 1920 303 1971 parentum
339 1911 451 1956 trahi
484 1932 496 1969 3
524 1911 610 1955 hoc
639 1910 753 1954 enim
786 1910 930 1955 adhuc
960 1910 1016 1955 ab
1044 1910 1104 1954 eis
1134 1911 1211 1970 qui
1239 1908 1396 1953 docere
1423 1908 1470 1954 id

67 1991 268 2043 possunt,
290 1982 489 2027 existimo
515 1981 829 2042 requirendum
857 2001 866 2026 z
901 1980 977 2026 sed
1000 1982 1102 2041 quia
1124 1981 1202 2025 iste
1226 1979 1282 2024 de
1310 1981 1392 2024 hac
1420 1994 1466 2024 re

62 2052 127 2097 ita
150 2051 376 2108 disseruit,
402 2061 452 2097 ut
473 2068 564 2098 non
588 2050 731 2098 solum
749 2068 866 2108 eam,
897 2068 996 2112 quae
1020 2052 1165 2097 adhuc
1194 2049 1467 2095 discutienda

66 2132 131 2168 est
145 2157 157 2177 ‚
178 2138 269 2168 non
298 2122 486 2168 solveret
505 2124 790 2183 quaestionem
817 2144 828 2181 3
853 2124 1139 2168 verumetiam
1162 2122 1263 2166 talia
1282 2121 1463 2176 diceret,

67 2209 169 2253 quae
186 2193 384 2239 falsitatis
399 2210 491 2239 non
511 2194 704 2239 habeant
721 2194 1060 2240 dubitationem.
1073 2196 1187 2240 Cum
1202 2193 1319 2238 enim
1334 2191 1465 2238 vellet

66 2265 252 2324 probare
273 2265 431 2321 dubia,
455 2280 585 2310 ausus
603 2274 667 2310 est
689 2266 834 2310 dicere
851 2266 943 2310 sine
959 2265 1096 2310 dubio
1110 2263 1400 2324 reprobanda.

123 2338 205 2381 XI.
250 2339 319 2380 An
349 2351 453 2381 vero
484 2345 534 2380 tu
567 2336 802 2395 reprobare
840 2334 1086 2391 dubitabis,
1118 2333 1240 2395 quod
1267 2349 1370 2380 cum
1407 2334 1462 2378 de

66 2406 211 2450 anima
240 2405 495 2465 loqueretur
527 2425 536 2451 :
565 2425 586 2449 «
611 2408 710 2452 Non
740 2406 804 2450 vis
824 2440 835 2460 ,
856 2406 999 2466 inquit
1016 2440 1028 2461 ,
1049 2406 1239 2450 animam
1262 2420 1312 2449 ex
1334 2419 1464 2448 carne

68 2476 235 2534 peccati
254 2477 512 2521 contrahere
527 2474 826 2520 valetudinem
839 2510 849 2530 ,
871 2475 926 2520 ad
947 2490 1079 2536 quam
1099 2475 1285 2520 vicissim
1307 2474 1462 2518 sancti-

70 2546 320 2591 ficationem
341 2546 487 2592 videas
509 2546 690 2591 transire
714 2562 792 2605 per
815 2561 987 2591 carnem
1005 2581 1016 2600 ,
1036 2555 1085 2590 ut
1120 2561 1197 2604 per
1226 2547 1361 2603 ipsam
1395 2558 1460 2586 re-
