1804 3205
330 246 384 274 uz
416 243 554 274 Arima
588 247 641 274 nr
673 246 768 273 mus
801 245 994 284 orimum,
1029 246 1110 273 un.
1145 247 1209 273 ιιι.
1380 235 1457 274 361

80 320 123 355 ct
147 312 411 370 germanitus
435 312 478 355 in
498 313 629 356 corde
650 313 844 370 sensisti,
867 313 911 356 in
936 321 1022 357 tuae
1043 312 1320 357 correctionis
1345 322 1467 358 tanto

79 382 198 427 bono
223 382 353 427 etiam
376 397 517 428 moras
537 382 680 428 odisti.
710 387 868 428 Parum
891 383 1054 444 quippe
1077 384 1155 427 tibi
1185 383 1268 428 fuit
1292 383 1436 428 dicere
1451 419 1462 440 ‚

83 471 103 495 «
128 453 317 513 improbi
336 453 628 514 obstinatique
646 468 733 498 esse
749 454 919 514 judicii,
947 453 1063 499 nolle
1084 454 1140 498 ad
1164 455 1379 499 tramitem
1398 470 1466 499 ra-

78 524 207 569 tionis
231 525 421 580 inflecti,
451 543 472 566 »
498 525 578 569 nisi
603 524 783 570 adderes
804 545 823 568 a
841 526 967 570 citius
991 544 1000 570 ε
1026 543 1047 568 »
1072 534 1121 570 ut
1135 524 1237 570 hinc
1261 527 1466 570 ostende-

78 609 144 638 res
164 610 296 655 quam
319 595 373 640 sit
395 595 683 651 execrandus,
717 596 793 655 qui
826 595 992 641 bonum
1026 596 1109 641 hoc
1137 611 1363 657 nunquam
1402 595 1468 641 fa-

78 664 166 722 cit3
191 665 371 725 quando
391 666 569 726 quidem
589 666 667 726 qui
690 665 852 711 tardius
875 665 1000 722 facit,
1028 676 1146 712 tanta
1169 667 1247 711 tibi
1269 666 1468 712 videatur

75 737 303 782 severitate
322 736 584 797 culpandus,
613 747 662 782 ut
684 739 840 783 merito
863 738 1050 799 improbi
1061 737 1216 799 judicii
1234 738 1467 784 obstinati-

76 822 164 868 que
193 808 363 853 dicatur
392 828 400 854 :
430 808 546 854 Audi
563 824 666 869 ergo
689 819 730 854 te
764 810 924 870 ipsum,
964 819 1100 870 tuque
1128 810 1398 870 potissimum
1425 819 1469 855 et

76 879 262 924 maxime
279 880 441 942 eloquii
466 882 529 925 tui
553 879 768 926 fructibus
784 892 922 938 utere,
948 891 997 927 ut
1015 883 1140 928 citius
1158 892 1200 926 te
1216 880 1271 926 ad
1290 883 1468 926 rationis

76 950 293 995 tramitem
316 952 525 1009 gravitate
549 953 705 996 mentis
727 953 945 1008 inflectas,
970 967 1102 1012 quam
1127 962 1169 996 te
1200 952 1303 996 inde
1325 953 1468 997 minus

75 1022 245 1065 erudite
268 1037 511 1083 parumque
525 1022 723 1067 consulte
740 1023 907 1068 lubrico
928 1024 1066 1067 aetatis
1087 1031 1316 1066 averteras.

134 1094 256 1136 XXI.
293 1093 426 1138 Nimis
447 1092 628 1151 longum
650 1101 737 1148 est,
765 1093 911 1136 omnia
936 1107 1035 1152 quae
1059 1092 1102 1135 in
1127 1092 1210 1136 tuis
1231 1091 1373 1146 libris,
1399 1090 1467 1135 vel

76 1163 219 1222 potius
241 1163 286 1206 in
308 1172 350 1207 te
372 1164 464 1223 ipso
484 1162 583 1208 volo
606 1162 841 1218 emendati,
866 1172 1130 1222 pertractare
1159 1172 1291 1221 atque
1320 1161 1467 1206 discu-

77 1242 181 1288 tere,
208 1243 250 1278 et
266 1233 418 1278 saltem
437 1234 613 1278 brevem
632 1235 712 1278 tibi
735 1234 789 1278 de
804 1234 985 1292 singulis
1003 1232 1268 1292 corrigendis
1287 1231 1468 1276 reddere

75 1304 303 1348 rationem.
339 1306 427 1349 Nec
448 1304 547 1348 ideo
565 1313 710 1348 tamen
733 1313 774 1348 te
796 1313 1067 1358 contemnas,
1094 1312 1142 1347 ut
1159 1303 1379 1347 arbitreris
1396 1303 1466 1346 in-

77 1374 254 1432 genium
284 1383 327 1418 et
360 1373 582 1433 eloquium
612 1383 737 1418 tuum
773 1374 895 1433 parvi
925 1389 1013 1418 esse
1050 1372 1347 1432 pendendum.
1380 1375 1468 1418 Nec

75 1454 323 1488 sanctarum
339 1445 658 1503 Scripturarum
676 1445 927 1489 memoriam
943 1445 988 1487 in
1006 1453 1046 1488 te
1065 1459 1239 1503 parvam
1257 1459 1345 1488 esse
1362 1459 1468 1502 cog-

76 1514 176 1558 novi
204 1530 212 1554 :
241 1513 315 1557 sed
346 1512 532 1557 eruditio
558 1514 699 1558 minor
720 1523 807 1569 est,
846 1529 977 1574 quam
1011 1522 1143 1557 tantae
1170 1513 1308 1557 indoli
1343 1513 1469 1557 labo-

75 1585 200 1644 rique
216 1585 503 1643 congruebat.
522 1587 676 1643 Itaque
693 1593 736 1628 te
750 1599 830 1628 nec
849 1583 1033 1642 amplius
1047 1598 1181 1642 quam
1200 1592 1372 1643 oportet
1389 1582 1470 1626 tibi

77 1654 312 1699 tribuendo
331 1669 558 1699 vanescere
578 1653 695 1708 volo,
722 1669 801 1698 nec
822 1669 969 1698 rursus
982 1662 1025 1697 te
1039 1653 1283 1713 abjiciendo
1304 1668 1352 1697 ac
1370 1653 1471 1696 des-

77 1725 272 1783 perando
295 1724 541 1783 frigescere.
570 1724 744 1768 Utinam
764 1733 837 1768 tua
860 1724 1019 1782 scripta
1042 1732 1185 1767 tecum
1211 1723 1353 1782 legere
1369 1737 1471 1781 pos-

74 1809 188 1850 sem,
219 1805 262 1840 et
284 1793 578 1854 colloquendo
601 1794 770 1853 potius,
803 1809 934 1854 quam
969 1794 1226 1848 scribendo,
1261 1809 1362 1853 quae
1384 1795 1472 1838 sint

77 1865 351 1910 emendanda
380 1873 680 1909 monstrarem.
716 1865 901 1908 Facilius
928 1865 1011 1909 hoc
1037 1865 1261 1922 negotium
1287 1879 1470 1924 perage-

78 1946 197 1981 retur
211 1945 356 1981 nostra
371 1937 483 1980 inter
511 1950 588 1980 nos
623 1935 1000 1989 sermocinatione,
1022 1950 1154 1995 quam
1170 1935 1323 1979 litteris
1342 1955 1350 1979 :
1372 1951 1473 1993 quae

79 2008 113 2052 si
135 2007 364 2052 scribenda
393 2016 518 2061 esset,
551 2006 697 2050 multis
727 2006 1022 2050 voluminibus
1051 2007 1279 2064 indigeret.
1306 2009 1472 2050 Verum

78 2088 224 2125 tamen
246 2078 325 2123 ista
345 2078 563 2136 capitalia,
584 2092 684 2136 quae
701 2085 820 2121 certo
835 2077 963 2120 etiam
986 2092 1169 2121 numero
1190 2078 1472 2136 comprehen-

78 2149 180 2193 dere
198 2149 334 2203 volui,
355 2150 565 2192 instanter
587 2146 819 2202 admoneo,
845 2161 899 2190 ne
915 2147 1130 2206 corrigere
1147 2146 1339 2202 differas,
1360 2156 1403 2191 et
1422 2162 1472 2191 ea

79 2234 254 2278 prorsus
276 2234 299 2262 a
320 2217 408 2262 fide
423 2227 466 2262 et
483 2217 791 2277 praedicatione
807 2225 882 2261 tua
897 2216 1028 2261 facias
1045 2216 1186 2260 aliena
1207 2236 1216 2261 ε
1238 2226 1285 2260 ut
1305 2225 1473 2276 quanta

79 2290 158 2334 tibi
182 2288 365 2334 facultas
388 2297 452 2332 est
473 2288 740 2347 disputandi,
766 2302 947 2330 munere
969 2287 1046 2330 Dei
1067 2287 1200 2330 utaris
1231 2287 1394 2331 utiliter
1417 2285 1472 2330 ad

81 2359 434 2413 aedificationem,
472 2374 560 2403 non
593 2358 648 2402 ad
682 2356 1021 2403 destructionem
1052 2372 1167 2401 sanae
1199 2357 1473 2417 salubrisque

79 2430 304 2474 doctrinae.

138 2501 282 2543 XXII.
320 2501 431 2544 Sunt
454 2507 599 2542 autem
622 2497 717 2552 ista,
749 2497 804 2541 de
826 2497 1001 2557 quibus,
1026 2504 1076 2540 ut
1098 2496 1242 2555 potui,
1265 2497 1355 2555 jam
1380 2497 1470 2539 dis-

79 2570 190 2613 serui
213 2588 220 2612 ε
243 2568 316 2613 sed
348 2569 535 2614 breviter
565 2582 614 2611 ea
643 2567 880 2626 repetendo
910 2581 1173 2625 percurram.
1212 2568 1356 2609 Unum
1379 2575 1466 2620 est,
