<?xml version="1.0" encoding="UTF-8"?>
<!DOCTYPE html PUBLIC "-//W3C//DTD XHTML 1.0 Transitional//EN"
    "http://www.w3.org/TR/xhtml1/DTD/xhtml1-transitional.dtd">
<html xmlns="http://www.w3.org/1999/xhtml" xml:lang="en" lang="en">
 <head>
  <title>
</title>
<meta http-equiv="Content-Type" content="text/html;charset=utf-8" />
  <meta name='ocr-system' content='tesseract 3.04.00' />
  <meta name='ocr-capabilities' content='ocr_page ocr_carea ocr_par ocr_line ocrx_word'/>
</head>
<body>
  <div class='ocr_page' id='page_1' title='image "./operaomniaaccura34auguuoft/operaomniaaccura34auguuoft_0203.png"; bbox 0 0 1804 3205; ppageno 0'>
   <div class='ocr_carea' id='block_1_1' title="bbox 291 245 1440 293">
    <p class='ocr_par' dir='ltr' id='par_1_1' title="bbox 291 245 1440 293">
     <span class='ocr_line' id='line_1_1' title="bbox 291 245 1440 293; baseline 0.016 -23"><span class='ocrx_word' id='word_1_1' title='bbox 291 245 342 271; x_wconf 72' lang='lat' dir='ltr'>nu</span> <span class='ocrx_word' id='word_1_2' title='bbox 373 247 542 281; x_wconf 47' lang='lat' dir='ltr'>neurus</span> <span class='ocrx_word' id='word_1_3' title='bbox 574 251 623 283; x_wconf 69' lang='grc' dir='ltr'>ιη·</span> <span class='ocrx_word' id='word_1_4' title='bbox 655 253 1019 293; x_wconf 69' lang='grc' dir='ltr'>εοΝευΡιεεεΝτιΑ,</span> <span class='ocrx_word' id='word_1_5' title='bbox 1055 258 1137 288; x_wconf 73' lang='grc' dir='ltr'>ιω.</span> <span class='ocrx_word' id='word_1_6' title='bbox 1174 261 1202 286; x_wconf 74' lang='grc' dir='ltr'>ι.</span> <span class='ocrx_word' id='word_1_7' title='bbox 1363 253 1440 288; x_wconf 71' lang='grc'>193</span> 
     </span>
    </p>
   </div>
   <div class='ocr_carea' id='block_1_2' title="bbox 56 307 1490 2567">
    <p class='ocr_par' dir='ltr' id='par_1_2' title="bbox 61 307 1450 1360">
     <span class='ocr_line' id='line_1_2' title="bbox 64 307 1441 383; baseline 0.016 -35"><span class='ocrx_word' id='word_1_8' title='bbox 64 307 176 352; x_wconf 88' lang='lat' dir='ltr'>inalo</span> <span class='ocrx_word' id='word_1_9' title='bbox 198 308 412 367; x_wconf 81' lang='lat' dir='ltr'>originali,</span> <span class='ocrx_word' id='word_1_10' title='bbox 437 312 556 370; x_wconf 81' lang='lat' dir='ltr'>quod</span> <span class='ocrx_word' id='word_1_11' title='bbox 585 314 685 360; x_wconf 87' lang='lat' dir='ltr'>inde</span> <span class='ocrx_word' id='word_1_12' title='bbox 709 319 916 374; x_wconf 85' lang='lat' dir='ltr'>trahitur,</span> <span class='ocrx_word' id='word_1_13' title='bbox 945 335 1032 365; x_wconf 90' lang='lat' dir='ltr'>non</span> <span class='ocrx_word' id='word_1_14' title='bbox 1060 331 1201 381; x_wconf 86' lang='lat' dir='ltr'>potest</span> <span class='ocrx_word' id='word_1_15' title='bbox 1230 328 1441 383; x_wconf 68' lang='lat' dir='ltr'>accusari,</span> 
     </span>
     <span class='ocr_line' id='line_1_3' title="bbox 64 376 1440 450; baseline 0.015 -30"><span class='ocrx_word' id='word_1_16' title='bbox 64 376 175 421; x_wconf 88' lang='lat' dir='ltr'>sicut</span> <span class='ocrx_word' id='word_1_17' title='bbox 187 379 499 426; x_wconf 82' lang='lat' dir='ltr'>adulteriorum</span> <span class='ocrx_word' id='word_1_18' title='bbox 513 392 555 428; x_wconf 91' lang='lat' dir='ltr'>et</span> <span class='ocrx_word' id='word_1_19' title='bbox 569 383 903 434; x_wconf 82' lang='lat' dir='ltr'>fornicationum</span> <span class='ocrx_word' id='word_1_20' title='bbox 922 391 1084 435; x_wconf 89' lang='lat' dir='ltr'>malum</span> <span class='ocrx_word' id='word_1_21' title='bbox 1102 392 1217 438; x_wconf 90' lang='lat' dir='ltr'>bono</span> <span class='ocrx_word' id='word_1_22' title='bbox 1234 395 1440 450; x_wconf 88' lang='lat' dir='ltr'>naturali,</span> 
     </span>
     <span class='ocr_line' id='line_1_4' title="bbox 61 448 1445 525; baseline 0.015 -34"><span class='ocrx_word' id='word_1_23' title='bbox 61 448 181 507; x_wconf 86' lang='lat' dir='ltr'>quod</span> <span class='ocrx_word' id='word_1_24' title='bbox 203 450 303 494; x_wconf 91' lang='lat' dir='ltr'>inde</span> <span class='ocrx_word' id='word_1_25' title='bbox 325 452 530 508; x_wconf 84' lang='lat' dir='ltr'>nascitur,</span> <span class='ocrx_word' id='word_1_26' title='bbox 558 471 646 500; x_wconf 91' lang='lat' dir='ltr'>non</span> <span class='ocrx_word' id='word_1_27' title='bbox 675 467 815 516; x_wconf 86' lang='lat' dir='ltr'>potest</span> <span class='ocrx_word' id='word_1_28' title='bbox 835 462 1044 507; x_wconf 79' lang='lat' dir='ltr'>excusari.</span> <span class='ocrx_word' id='word_1_29' title='bbox 1073 465 1181 509; x_wconf 84' lang='lat' dir='ltr'>Nam</span> <span class='ocrx_word' id='word_1_30' title='bbox 1210 466 1321 510; x_wconf 87' lang='lat' dir='ltr'>sicut</span> <span class='ocrx_word' id='word_1_31' title='bbox 1345 481 1445 525; x_wconf 84' lang='lat' dir='ltr'>pec-</span> 
     </span>
     <span class='ocr_line' id='line_1_5' title="bbox 61 521 1445 596; baseline 0.014 -35"><span class='ocrx_word' id='word_1_32' title='bbox 61 528 224 574; x_wconf 86' lang='lat' dir='ltr'>catum,</span> <span class='ocrx_word' id='word_1_33' title='bbox 255 521 342 565; x_wconf 89' lang='lat' dir='ltr'>sive</span> <span class='ocrx_word' id='word_1_34' title='bbox 366 523 480 578; x_wconf 85' lang='lat' dir='ltr'>hinc,</span> <span class='ocrx_word' id='word_1_35' title='bbox 504 525 593 570; x_wconf 87' lang='lat' dir='ltr'>sive</span> <span class='ocrx_word' id='word_1_36' title='bbox 614 527 715 572; x_wconf 90' lang='lat' dir='ltr'>inde</span> <span class='ocrx_word' id='word_1_37' title='bbox 737 545 759 573; x_wconf 91' lang='lat' dir='ltr'>a</span> <span class='ocrx_word' id='word_1_38' title='bbox 783 532 971 588; x_wconf 89' lang='lat' dir='ltr'>parvulis</span> <span class='ocrx_word' id='word_1_39' title='bbox 1003 534 1219 590; x_wconf 87' lang='lat' dir='ltr'>trahatur,</span> <span class='ocrx_word' id='word_1_40' title='bbox 1246 551 1354 596; x_wconf 83' lang='lat' dir='ltr'>opus</span> <span class='ocrx_word' id='word_1_41' title='bbox 1382 547 1445 582; x_wconf 85' lang='lat' dir='ltr'>est</span> 
     </span>
     <span class='ocr_line' id='line_1_6' title="bbox 62 588 1440 665; baseline 0.015 -34"><span class='ocrx_word' id='word_1_42' title='bbox 62 588 224 634; x_wconf 87' lang='lat' dir='ltr'>diaboli</span> <span class='ocrx_word' id='word_1_43' title='bbox 252 610 259 635; x_wconf 81' lang='lat' dir='ltr'><strong><em>z</em></strong></span> <span class='ocrx_word' id='word_1_44' title='bbox 283 591 342 635; x_wconf 90' lang='lat' dir='ltr'>sic</span> <span class='ocrx_word' id='word_1_45' title='bbox 361 593 505 650; x_wconf 87' lang='lat' dir='ltr'>homo,</span> <span class='ocrx_word' id='word_1_46' title='bbox 533 596 620 640; x_wconf 80' lang='lat' dir='ltr'>sive</span> <span class='ocrx_word' id='word_1_47' title='bbox 640 597 756 653; x_wconf 86' lang='lat' dir='ltr'>hinc,</span> <span class='ocrx_word' id='word_1_48' title='bbox 779 600 879 645; x_wconf 88' lang='lat' dir='ltr'>indc</span> <span class='ocrx_word' id='word_1_49' title='bbox 902 613 1118 659; x_wconf 84' lang='lat' dir='ltr'>nascatur,</span> <span class='ocrx_word' id='word_1_50' title='bbox 1135 621 1244 665; x_wconf 85' lang='lat' dir='ltr'>opus</span> <span class='ocrx_word' id='word_1_51' title='bbox 1262 617 1327 651; x_wconf 91' lang='lat' dir='ltr'>est</span> <span class='ocrx_word' id='word_1_52' title='bbox 1352 608 1440 651; x_wconf 89' lang='lat' dir='ltr'>Dei.</span> 
     </span>
     <span class='ocr_line' id='line_1_7' title="bbox 62 660 1446 734; baseline 0.016 -33"><span class='ocrx_word' id='word_1_53' title='bbox 62 660 252 704; x_wconf 78' lang='lat' dir='ltr'>Intentio</span> <span class='ocrx_word' id='word_1_54' title='bbox 276 661 406 720; x_wconf 87' lang='lat' dir='ltr'>igitur</span> <span class='ocrx_word' id='word_1_55' title='bbox 432 665 560 723; x_wconf 82' lang='lat' dir='ltr'>liujus</span> <span class='ocrx_word' id='word_1_56' title='bbox 584 667 680 711; x_wconf 86' lang='lat' dir='ltr'>libri</span> <span class='ocrx_word' id='word_1_57' title='bbox 710 670 801 714; x_wconf 76' lang='lat' dir='ltr'>haee</span> <span class='ocrx_word' id='word_1_58' title='bbox 824 681 903 726; x_wconf 87' lang='lat' dir='ltr'>cst,</span> <span class='ocrx_word' id='word_1_59' title='bbox 937 683 982 717; x_wconf 92' lang='lat' dir='ltr'>ut</span> <span class='ocrx_word' id='word_1_60' title='bbox 1012 684 1225 734; x_wconf 83' lang='lat' dir='ltr'>quantum</span> <span class='ocrx_word' id='word_1_61' title='bbox 1257 692 1334 721; x_wconf 88' lang='lat' dir='ltr'>nos</span> <span class='ocrx_word' id='word_1_62' title='bbox 1359 681 1446 722; x_wconf 88' lang='lat' dir='ltr'>Do-</span> 
     </span>
     <span class='ocr_line' id='line_1_8' title="bbox 63 730 1443 803; baseline 0.015 -31"><span class='ocrx_word' id='word_1_63' title='bbox 63 730 206 774; x_wconf 81' lang='lat' dir='ltr'>minus</span> <span class='ocrx_word' id='word_1_64' title='bbox 221 733 427 792; x_wconf 88' lang='lat' dir='ltr'>adjuvarc</span> <span class='ocrx_word' id='word_1_65' title='bbox 445 735 664 795; x_wconf 78' lang='lat' dir='ltr'>dignatur,</span> <span class='ocrx_word' id='word_1_66' title='bbox 685 740 867 785; x_wconf 77' lang='lat' dir='ltr'>earnalis</span> <span class='ocrx_word' id='word_1_67' title='bbox 885 746 1244 803; x_wconf 75' lang='lat' dir='ltr'>concupiscentioe</span> <span class='ocrx_word' id='word_1_68' title='bbox 1265 749 1443 801; x_wconf 87' lang='lat' dir='ltr'>malum,</span> 
     </span>
     <span class='ocr_line' id='line_1_9' title="bbox 62 806 1447 878; baseline 0.014 -34"><span class='ocrx_word' id='word_1_69' title='bbox 62 811 238 860; x_wconf 85' lang='lat' dir='ltr'>propter</span> <span class='ocrx_word' id='word_1_70' title='bbox 260 806 379 864; x_wconf 85' lang='lat' dir='ltr'>qnod</span> <span class='ocrx_word' id='word_1_71' title='bbox 404 807 550 862; x_wconf 87' lang='lat' dir='ltr'>homo,</span> <span class='ocrx_word' id='word_1_72' title='bbox 586 812 659 869; x_wconf 83' lang='lat' dir='ltr'>qui</span> <span class='ocrx_word' id='word_1_73' title='bbox 689 827 763 870; x_wconf 83' lang='lat' dir='ltr'>per</span> <span class='ocrx_word' id='word_1_74' title='bbox 786 813 901 858; x_wconf 88' lang='lat' dir='ltr'>illam</span> <span class='ocrx_word' id='word_1_75' title='bbox 928 817 1132 868; x_wconf 80' lang='lat' dir='ltr'>nascitur,</span> <span class='ocrx_word' id='word_1_76' title='bbox 1157 819 1287 862; x_wconf 85' lang='lat' dir='ltr'>trahit</span> <span class='ocrx_word' id='word_1_77' title='bbox 1315 820 1447 878; x_wconf 84' lang='lat' dir='ltr'>origi-</span> 
     </span>
     <span class='ocr_line' id='line_1_10' title="bbox 62 872 1449 946; baseline 0.014 -32"><span class='ocrx_word' id='word_1_78' title='bbox 62 872 160 916; x_wconf 84' lang='lat' dir='ltr'>nale</span> <span class='ocrx_word' id='word_1_79' title='bbox 183 885 427 932; x_wconf 86' lang='lat' dir='ltr'>peccatum,</span> <span class='ocrx_word' id='word_1_80' title='bbox 461 879 753 926; x_wconf 76' lang='lat' dir='ltr'>discernamus</span> <span class='ocrx_word' id='word_1_81' title='bbox 776 899 797 927; x_wconf 94' lang='lat' dir='ltr'>a</span> <span class='ocrx_word' id='word_1_82' title='bbox 824 884 1017 929; x_wconf 85' lang='lat' dir='ltr'>bonitate</span> <span class='ocrx_word' id='word_1_83' title='bbox 1045 888 1311 946; x_wconf 81' lang='lat' dir='ltr'>nuptiarum.</span> <span class='ocrx_word' id='word_1_84' title='bbox 1347 893 1449 933; x_wconf 80' lang='lat' dir='ltr'>Haec</span> 
     </span>
     <span class='ocr_line' id='line_1_11' title="bbox 62 944 1450 1019; baseline 0.014 -33"><span class='ocrx_word' id='word_1_85' title='bbox 62 944 175 988; x_wconf 89' lang='lat' dir='ltr'>enim</span> <span class='ocrx_word' id='word_1_86' title='bbox 194 980 204 1000; x_wconf 92' lang='lat'>,</span> <span class='ocrx_word' id='word_1_87' title='bbox 237 963 337 1006; x_wconf 63' lang='lat' dir='ltr'>quse</span> <span class='ocrx_word' id='word_1_88' title='bbox 366 949 420 992; x_wconf 75' lang='lat' dir='ltr'>al)</span> <span class='ocrx_word' id='word_1_89' title='bbox 452 950 780 1009; x_wconf 85' lang='lat' dir='ltr'>impudentibus</span> <span class='ocrx_word' id='word_1_90' title='bbox 807 957 1084 1014; x_wconf 84' lang='lat' dir='ltr'>impudenter</span> <span class='ocrx_word' id='word_1_91' title='bbox 1110 958 1337 1015; x_wconf 90' lang='lat' dir='ltr'>laudatur,</span> <span class='ocrx_word' id='word_1_92' title='bbox 1368 976 1450 1019; x_wconf 86' lang='lat' dir='ltr'>pu-</span> 
     </span>
     <span class='ocr_line' id='line_1_12' title="bbox 63 1013 1449 1089; baseline 0.012 -30"><span class='ocrx_word' id='word_1_93' title='bbox 63 1013 208 1060; x_wconf 88' lang='lat' dir='ltr'>denda</span> <span class='ocrx_word' id='word_1_94' title='bbox 231 1020 577 1078; x_wconf 88' lang='lat' dir='ltr'>concupiscentia</span> <span class='ocrx_word' id='word_1_95' title='bbox 605 1022 725 1067; x_wconf 88' lang='lat' dir='ltr'>nulla</span> <span class='ocrx_word' id='word_1_96' title='bbox 747 1034 869 1078; x_wconf 86' lang='lat' dir='ltr'>esset,</span> <span class='ocrx_word' id='word_1_97' title='bbox 903 1027 980 1070; x_wconf 84' lang='lat' dir='ltr'>nisi</span> <span class='ocrx_word' id='word_1_98' title='bbox 1006 1027 1136 1072; x_wconf 87' lang='lat' dir='ltr'>homo</span> <span class='ocrx_word' id='word_1_99' title='bbox 1159 1039 1259 1073; x_wconf 86' lang='lat' dir='ltr'>ante</span> <span class='ocrx_word' id='word_1_100' title='bbox 1277 1045 1449 1089; x_wconf 83' lang='lat' dir='ltr'>peccas-</span> 
     </span>
     <span class='ocr_line' id='line_1_13' title="bbox 61 1090 1450 1157; baseline 0.012 -27"><span class='ocrx_word' id='word_1_101' title='bbox 61 1096 125 1131; x_wconf 87' lang='lat' dir='ltr'>set</span> <span class='ocrx_word' id='word_1_102' title='bbox 156 1108 163 1132; x_wconf 79' lang='lat' dir='ltr'>z</span> <span class='ocrx_word' id='word_1_103' title='bbox 192 1090 357 1148; x_wconf 85' lang='lat' dir='ltr'>nuptiae</span> <span class='ocrx_word' id='word_1_104' title='bbox 382 1106 484 1135; x_wconf 90' lang='lat' dir='ltr'>vero</span> <span class='ocrx_word' id='word_1_105' title='bbox 500 1103 657 1148; x_wconf 82' lang='lat' dir='ltr'>essent,</span> <span class='ocrx_word' id='word_1_106' title='bbox 684 1096 811 1139; x_wconf 86' lang='lat' dir='ltr'>etiam</span> <span class='ocrx_word' id='word_1_107' title='bbox 831 1097 862 1139; x_wconf 89' lang='lat' dir='ltr'>si</span> <span class='ocrx_word' id='word_1_108' title='bbox 886 1112 1013 1142; x_wconf 82' lang='lat' dir='ltr'>nenio</span> <span class='ocrx_word' id='word_1_109' title='bbox 1043 1110 1260 1157; x_wconf 85' lang='lat' dir='ltr'>peccasset</span> <span class='ocrx_word' id='word_1_110' title='bbox 1292 1121 1299 1146; x_wconf 80' lang='lat' dir='ltr'><strong><em>z</em></strong></span> <span class='ocrx_word' id='word_1_111' title='bbox 1328 1103 1450 1147; x_wconf 86' lang='lat' dir='ltr'>fieret</span> 
     </span>
     <span class='ocr_line' id='line_1_14' title="bbox 62 1159 1449 1231; baseline 0.012 -30"><span class='ocrx_word' id='word_1_112' title='bbox 62 1159 224 1219; x_wconf 88' lang='lat' dir='ltr'>quippe</span> <span class='ocrx_word' id='word_1_113' title='bbox 237 1160 328 1205; x_wconf 88' lang='lat' dir='ltr'>sinc</span> <span class='ocrx_word' id='word_1_114' title='bbox 346 1161 427 1206; x_wconf 87' lang='lat' dir='ltr'>isto</span> <span class='ocrx_word' id='word_1_115' title='bbox 451 1164 603 1209; x_wconf 83' lang='lat' dir='ltr'>morbo</span> <span class='ocrx_word' id='word_1_116' title='bbox 625 1166 850 1212; x_wconf 87' lang='lat' dir='ltr'>seminatio</span> <span class='ocrx_word' id='word_1_117' title='bbox 872 1168 1061 1214; x_wconf 82' lang='lat' dir='ltr'>filiorum</span> <span class='ocrx_word' id='word_1_118' title='bbox 1082 1170 1128 1215; x_wconf 90' lang='lat' dir='ltr'>in</span> <span class='ocrx_word' id='word_1_119' title='bbox 1146 1187 1327 1231; x_wconf 87' lang='lat' dir='ltr'>corpore</span> <span class='ocrx_word' id='word_1_120' title='bbox 1349 1174 1449 1218; x_wconf 77' lang='lat' dir='ltr'>vitae</span> 
     </span>
     <span class='ocr_line' id='line_1_15' title="bbox 61 1229 1449 1302; baseline 0.011 -29"><span class='ocrx_word' id='word_1_121' title='bbox 61 1229 200 1285; x_wconf 89' lang='lat' dir='ltr'>illius,</span> <span class='ocrx_word' id='word_1_122' title='bbox 236 1232 327 1276; x_wconf 90' lang='lat' dir='ltr'>sine</span> <span class='ocrx_word' id='word_1_123' title='bbox 357 1249 446 1293; x_wconf 91' lang='lat' dir='ltr'>quo</span> <span class='ocrx_word' id='word_1_124' title='bbox 479 1250 597 1280; x_wconf 88' lang='lat' dir='ltr'>nunc</span> <span class='ocrx_word' id='word_1_125' title='bbox 628 1236 719 1281; x_wconf 84' lang='lat' dir='ltr'>fieri</span> <span class='ocrx_word' id='word_1_126' title='bbox 747 1253 835 1282; x_wconf 90' lang='lat' dir='ltr'>non</span> <span class='ocrx_word' id='word_1_127' title='bbox 865 1248 1005 1297; x_wconf 89' lang='lat' dir='ltr'>potest</span> <span class='ocrx_word' id='word_1_128' title='bbox 1028 1241 1071 1285; x_wconf 92' lang='lat' dir='ltr'>in</span> <span class='ocrx_word' id='word_1_129' title='bbox 1095 1257 1276 1302; x_wconf 88' lang='lat' dir='ltr'>corpore</span> <span class='ocrx_word' id='word_1_130' title='bbox 1299 1245 1449 1289; x_wconf 85' lang='lat' dir='ltr'>mortis</span> 
     </span>
     <span class='ocr_line' id='line_1_16' title="bbox 65 1300 237 1360; baseline 0.006 -16"><span class='ocrx_word' id='word_1_131' title='bbox 65 1300 193 1360; x_wconf 89' lang='lat' dir='ltr'>hujus</span> <span class='ocrx_word' id='word_1_132' title='bbox 207 1304 237 1345; x_wconf 87' lang='lat'>¹.</span> 
     </span>
    </p>

    <p class='ocr_par' dir='ltr' id='par_1_3' title="bbox 56 1372 1490 2567">
     <span class='ocr_line' id='line_1_17' title="bbox 122 1372 1448 1435; baseline 0.011 -21"><span class='ocrx_word' id='word_1_133' title='bbox 122 1374 180 1415; x_wconf 85' lang='grc' dir='ltr'>ΙΙ.</span> <span class='ocrx_word' id='word_1_134' title='bbox 216 1372 305 1416; x_wconf 89' lang='lat' dir='ltr'>Cur</span> <span class='ocrx_word' id='word_1_135' title='bbox 326 1383 471 1419; x_wconf 88' lang='lat' dir='ltr'>autem</span> <span class='ocrx_word' id='word_1_136' title='bbox 491 1374 545 1419; x_wconf 88' lang='lat' dir='ltr'>ad</span> <span class='ocrx_word' id='word_1_137' title='bbox 567 1383 609 1419; x_wconf 90' lang='lat' dir='ltr'>te</span> <span class='ocrx_word' id='word_1_138' title='bbox 631 1378 904 1435; x_wconf 87' lang='lat' dir='ltr'>potissimum</span> <span class='ocrx_word' id='word_1_139' title='bbox 925 1379 980 1423; x_wconf 89' lang='lat' dir='ltr'>de</span> <span class='ocrx_word' id='word_1_140' title='bbox 1002 1381 1082 1425; x_wconf 87' lang='lat' dir='ltr'>hac</span> <span class='ocrx_word' id='word_1_141' title='bbox 1104 1395 1150 1425; x_wconf 80' lang='lat' dir='ltr'>rc</span> <span class='ocrx_word' id='word_1_142' title='bbox 1171 1383 1356 1428; x_wconf 87' lang='lat' dir='ltr'>scribere</span> <span class='ocrx_word' id='word_1_143' title='bbox 1376 1399 1448 1429; x_wconf 91' lang='lat' dir='ltr'>vo-</span> 
     </span>
     <span class='ocr_line' id='line_1_18' title="bbox 61 1440 1444 1508; baseline 0.01 -24"><span class='ocrx_word' id='word_1_144' title='bbox 61 1440 232 1497; x_wconf 80' lang='lat' dir='ltr'>luerim,</span> <span class='ocrx_word' id='word_1_145' title='bbox 260 1452 344 1487; x_wconf 89' lang='lat' dir='ltr'>tres</span> <span class='ocrx_word' id='word_1_146' title='bbox 368 1445 563 1489; x_wconf 74' lang='lat' dir='ltr'>niaximae</span> <span class='ocrx_word' id='word_1_147' title='bbox 584 1462 725 1491; x_wconf 87' lang='lat' dir='ltr'>causae</span> <span class='ocrx_word' id='word_1_148' title='bbox 749 1458 866 1503; x_wconf 86' lang='lat' dir='ltr'>sunt,</span> <span class='ocrx_word' id='word_1_149' title='bbox 885 1465 992 1508; x_wconf 82' lang='lat' dir='ltr'>quas</span> <span class='ocrx_word' id='word_1_150' title='bbox 1016 1451 1444 1500; x_wconf 82' lang='lat' dir='ltr'>breviterintimabo.</span> 
     </span>
     <span class='ocr_line' id='line_1_19' title="bbox 64 1514 1447 1578; baseline 0.01 -23"><span class='ocrx_word' id='word_1_151' title='bbox 64 1514 156 1556; x_wconf 86' lang='lat' dir='ltr'>Una</span> <span class='ocrx_word' id='word_1_152' title='bbox 173 1522 251 1568; x_wconf 80' lang='lat' dir='ltr'>est,</span> <span class='ocrx_word' id='word_1_153' title='bbox 272 1514 372 1574; x_wconf 86' lang='lat' dir='ltr'>quia</span> <span class='ocrx_word' id='word_1_154' title='bbox 392 1515 583 1560; x_wconf 86' lang='lat' dir='ltr'>donante</span> <span class='ocrx_word' id='word_1_155' title='bbox 601 1517 788 1572; x_wconf 86' lang='lat' dir='ltr'>Christo,</span> <span class='ocrx_word' id='word_1_156' title='bbox 816 1531 971 1578; x_wconf 84' lang='lat' dir='ltr'>magna</span> <span class='ocrx_word' id='word_1_157' title='bbox 992 1520 1073 1565; x_wconf 85' lang='lat' dir='ltr'>tibi</span> <span class='ocrx_word' id='word_1_158' title='bbox 1094 1531 1156 1566; x_wconf 91' lang='lat' dir='ltr'>est</span> <span class='ocrx_word' id='word_1_159' title='bbox 1175 1523 1447 1569; x_wconf 86' lang='lat' dir='ltr'>observantia</span> 
     </span>
     <span class='ocr_line' id='line_1_20' title="bbox 60 1583 1447 1649; baseline 0.009 -23"><span class='ocrx_word' id='word_1_160' title='bbox 60 1583 280 1642; x_wconf 72' lang='lat' dir='ltr'>pudicitiae</span> <span class='ocrx_word' id='word_1_161' title='bbox 302 1585 542 1645; x_wconf 83' lang='lat' dir='ltr'>conjugalis</span> <span class='ocrx_word' id='word_1_162' title='bbox 559 1622 569 1641; x_wconf 80' lang='lat'>,</span> <span class='ocrx_word' id='word_1_163' title='bbox 595 1587 765 1643; x_wconf 84' lang='lat' dir='ltr'>Altera,</span> <span class='ocrx_word' id='word_1_164' title='bbox 792 1590 892 1649; x_wconf 87' lang='lat' dir='ltr'>quia</span> <span class='ocrx_word' id='word_1_165' title='bbox 916 1588 1107 1649; x_wconf 86' lang='lat' dir='ltr'>profanis</span> <span class='ocrx_word' id='word_1_166' title='bbox 1128 1592 1217 1637; x_wconf 90' lang='lat' dir='ltr'>istis</span> <span class='ocrx_word' id='word_1_167' title='bbox 1239 1595 1447 1641; x_wconf 89' lang='lat' dir='ltr'>novitati-</span> 
     </span>
     <span class='ocr_line' id='line_1_21' title="bbox 61 1654 1446 1721; baseline 0.01 -23"><span class='ocrx_word' id='word_1_168' title='bbox 61 1654 157 1709; x_wconf 88' lang='lat' dir='ltr'>bus,</span> <span class='ocrx_word' id='word_1_169' title='bbox 170 1655 328 1716; x_wconf 89' lang='lat' dir='ltr'>quibus</span> <span class='ocrx_word' id='word_1_170' title='bbox 341 1656 412 1700; x_wconf 87' lang='lat' dir='ltr'>hic</span> <span class='ocrx_word' id='word_1_171' title='bbox 420 1656 684 1716; x_wconf 85' lang='lat' dir='ltr'>disputando</span> <span class='ocrx_word' id='word_1_172' title='bbox 698 1660 948 1716; x_wconf 85' lang='lat' dir='ltr'>resistimus,</span> <span class='ocrx_word' id='word_1_173' title='bbox 966 1671 1013 1706; x_wconf 88' lang='lat' dir='ltr'>tu</span> <span class='ocrx_word' id='word_1_174' title='bbox 1027 1672 1238 1721; x_wconf 85' lang='lat' dir='ltr'>potestate</span> <span class='ocrx_word' id='word_1_175' title='bbox 1251 1666 1446 1711; x_wconf 87' lang='lat' dir='ltr'>curando</span> 
     </span>
     <span class='ocr_line' id='line_1_22' title="bbox 59 1726 1445 1794; baseline 0.009 -26"><span class='ocrx_word' id='word_1_176' title='bbox 59 1735 102 1770; x_wconf 88' lang='lat' dir='ltr'>et</span> <span class='ocrx_word' id='word_1_177' title='bbox 119 1726 321 1771; x_wconf 88' lang='lat' dir='ltr'>instando</span> <span class='ocrx_word' id='word_1_178' title='bbox 344 1728 575 1772; x_wconf 79' lang='lat' dir='ltr'>efficaciter</span> <span class='ocrx_word' id='word_1_179' title='bbox 592 1729 796 1776; x_wconf 87' lang='lat' dir='ltr'>restitisti.</span> <span class='ocrx_word' id='word_1_180' title='bbox 821 1732 988 1787; x_wconf 85' lang='lat' dir='ltr'>Tertia,</span> <span class='ocrx_word' id='word_1_181' title='bbox 1010 1735 1216 1792; x_wconf 86' lang='lat' dir='ltr'>quoniam</span> <span class='ocrx_word' id='word_1_182' title='bbox 1235 1736 1445 1794; x_wconf 85' lang='lat' dir='ltr'>quiddam</span> 
     </span>
     <span class='ocr_line' id='line_1_23' title="bbox 58 1794 1445 1865; baseline 0.009 -27"><span class='ocrx_word' id='word_1_183' title='bbox 58 1794 300 1840; x_wconf 85' lang='lat' dir='ltr'>litterarum</span> <span class='ocrx_word' id='word_1_184' title='bbox 319 1797 373 1841; x_wconf 91' lang='lat' dir='ltr'>ab</span> <span class='ocrx_word' id='word_1_185' title='bbox 390 1800 449 1841; x_wconf 88' lang='lat' dir='ltr'>eis</span> <span class='ocrx_word' id='word_1_186' title='bbox 471 1799 765 1857; x_wconf 83' lang='lat' dir='ltr'>conscriptum</span> <span class='ocrx_word' id='word_1_187' title='bbox 791 1800 836 1844; x_wconf 89' lang='lat' dir='ltr'>in</span> <span class='ocrx_word' id='word_1_188' title='bbox 862 1810 959 1845; x_wconf 85' lang='lat' dir='ltr'>tuas</span> <span class='ocrx_word' id='word_1_189' title='bbox 987 1817 1139 1847; x_wconf 86' lang='lat' dir='ltr'>manus</span> <span class='ocrx_word' id='word_1_190' title='bbox 1159 1805 1323 1849; x_wconf 85' lang='lat' dir='ltr'>venisse</span> <span class='ocrx_word' id='word_1_191' title='bbox 1345 1821 1445 1865; x_wconf 84' lang='lat' dir='ltr'>cog-</span> 
     </span>
     <span class='ocr_line' id='line_1_24' title="bbox 59 1867 1444 1930; baseline 0.009 -22"><span class='ocrx_word' id='word_1_192' title='bbox 59 1867 189 1910; x_wconf 88' lang='lat' dir='ltr'>novi:</span> <span class='ocrx_word' id='word_1_193' title='bbox 212 1867 331 1925; x_wconf 80' lang='lat' dir='ltr'>quod</span> <span class='ocrx_word' id='word_1_194' title='bbox 361 1867 461 1910; x_wconf 89' lang='lat' dir='ltr'>licet</span> <span class='ocrx_word' id='word_1_195' title='bbox 500 1868 586 1911; x_wconf 83' lang='lat' dir='ltr'>fide</span> <span class='ocrx_word' id='word_1_196' title='bbox 617 1869 908 1913; x_wconf 85' lang='lat' dir='ltr'>robustissima</span> <span class='ocrx_word' id='word_1_197' title='bbox 946 1871 1154 1930; x_wconf 65' lang='lat' dir='ltr'>irriseris,</span> <span class='ocrx_word' id='word_1_198' title='bbox 1186 1873 1351 1919; x_wconf 90' lang='lat' dir='ltr'>honum</span> <span class='ocrx_word' id='word_1_199' title='bbox 1381 1885 1444 1920; x_wconf 88' lang='lat' dir='ltr'>est</span> 
     </span>
     <span class='ocr_line' id='line_1_25' title="bbox 59 1937 1442 2002; baseline 0.008 -23"><span class='ocrx_word' id='word_1_200' title='bbox 59 1945 202 1980; x_wconf 89' lang='lat' dir='ltr'>tamen</span> <span class='ocrx_word' id='word_1_201' title='bbox 221 1971 231 1989; x_wconf 88' lang='lat'>,</span> <span class='ocrx_word' id='word_1_202' title='bbox 252 1945 302 1980; x_wconf 91' lang='lat' dir='ltr'>ut</span> <span class='ocrx_word' id='word_1_203' title='bbox 318 1937 447 1980; x_wconf 88' lang='lat' dir='ltr'>etiam</span> <span class='ocrx_word' id='word_1_204' title='bbox 467 1937 713 1982; x_wconf 85' lang='lat' dir='ltr'>noverimus</span> <span class='ocrx_word' id='word_1_205' title='bbox 730 1937 920 1984; x_wconf 88' lang='lat' dir='ltr'>defendo</span> <span class='ocrx_word' id='word_1_206' title='bbox 940 1941 1144 1999; x_wconf 76' lang='lat' dir='ltr'>adjuvare</span> <span class='ocrx_word' id='word_1_207' title='bbox 1166 1944 1286 2002; x_wconf 85' lang='lat' dir='ltr'>quod</span> <span class='ocrx_word' id='word_1_208' title='bbox 1303 1947 1442 1990; x_wconf 88' lang='lat' dir='ltr'>credi-</span> 
     </span>
     <span class='ocr_line' id='line_1_26' title="bbox 59 2008 1442 2076; baseline 0.007 -24"><span class='ocrx_word' id='word_1_209' title='bbox 59 2023 168 2052; x_wconf 90' lang='lat' dir='ltr'>mus.</span> <span class='ocrx_word' id='word_1_210' title='bbox 198 2008 430 2066; x_wconf 78' lang='lat' dir='ltr'>Apostolus</span> <span class='ocrx_word' id='word_1_211' title='bbox 453 2008 566 2052; x_wconf 86' lang='lat' dir='ltr'>cnim</span> <span class='ocrx_word' id='word_1_212' title='bbox 594 2012 760 2063; x_wconf 86' lang='lat' dir='ltr'>Petrus,</span> <span class='ocrx_word' id='word_1_213' title='bbox 790 2029 808 2051; x_wconf 91' lang='lat'>«</span> <span class='ocrx_word' id='word_1_214' title='bbox 839 2014 1012 2057; x_wconf 86' lang='lat' dir='ltr'>Paratos</span> <span class='ocrx_word' id='word_1_215' title='bbox 1035 2028 1112 2058; x_wconf 89' lang='lat' dir='ltr'>nos</span> <span class='ocrx_word' id='word_1_216' title='bbox 1135 2030 1224 2058; x_wconf 85' lang='lat' dir='ltr'>esse</span> <span class='ocrx_word' id='word_1_217' title='bbox 1246 2017 1442 2076; x_wconf 83' lang='lat' dir='ltr'>praecipit</span> 
     </span>
     <span class='ocr_line' id='line_1_27' title="bbox 62 2077 1490 2138; baseline 0.011 -20"><span class='ocrx_word' id='word_1_218' title='bbox 62 2096 80 2118; x_wconf 89' lang='lat'>»</span> <span class='ocrx_word' id='word_1_219' title='bbox 104 2077 158 2122; x_wconf 82' lang='lat' dir='ltr'>ad</span> <span class='ocrx_word' id='word_1_220' title='bbox 174 2078 507 2123; x_wconf 81' lang='lat' dir='ltr'>satisfactionem</span> <span class='ocrx_word' id='word_1_221' title='bbox 529 2081 647 2122; x_wconf 90' lang='lat' dir='ltr'>omni</span> <span class='ocrx_word' id='word_1_222' title='bbox 672 2081 865 2138; x_wconf 86' lang='lat' dir='ltr'>poscenti</span> <span class='ocrx_word' id='word_1_223' title='bbox 886 2097 963 2126; x_wconf 87' lang='lat' dir='ltr'>nos</span> <span class='ocrx_word' id='word_1_224' title='bbox 986 2083 1198 2128; x_wconf 87' lang='lat' dir='ltr'>rationem</span> <span class='ocrx_word' id='word_1_225' title='bbox 1215 2086 1270 2130; x_wconf 90' lang='lat' dir='ltr'>de</span> <span class='ocrx_word' id='word_1_226' title='bbox 1290 2086 1377 2132; x_wconf 89' lang='lat' dir='ltr'>fide</span> <span class='ocrx_word' id='word_1_227' title='bbox 1399 2098 1442 2133; x_wconf 89' lang='lat' dir='ltr'>et</span> <span class='ocrx_word' id='word_1_228' title='bbox 1488 2110 1490 2113; x_wconf 49' lang='lat'><strong>⁴</strong></span> 
     </span>
     <span class='ocr_line' id='line_1_28' title="bbox 60 2149 1437 2217; baseline 0.009 -27"><span class='ocrx_word' id='word_1_229' title='bbox 60 2166 80 2187; x_wconf 71' lang='grc' dir='ltr'>υ</span> <span class='ocrx_word' id='word_1_230' title='bbox 100 2163 174 2207; x_wconf 86' lang='lat' dir='ltr'>spe</span> <span class='ocrx_word' id='word_1_231' title='bbox 197 2157 341 2192; x_wconf 84' lang='lat' dir='ltr'>nostra</span> <span class='ocrx_word' id='word_1_232' title='bbox 360 2152 390 2191; x_wconf 71' lang='lat'>².</span> <span class='ocrx_word' id='word_1_233' title='bbox 416 2167 434 2188; x_wconf 77' lang='grc' dir='ltr'><strong>υ</strong></span> <span class='ocrx_word' id='word_1_234' title='bbox 467 2151 521 2192; x_wconf 86' lang='lat' dir='ltr'>Et</span> <span class='ocrx_word' id='word_1_235' title='bbox 552 2149 767 2205; x_wconf 81' lang='lat' dir='ltr'>apostolus</span> <span class='ocrx_word' id='word_1_236' title='bbox 797 2151 955 2195; x_wconf 88' lang='lat' dir='ltr'>Paulus</span> <span class='ocrx_word' id='word_1_237' title='bbox 983 2172 991 2198; x_wconf 90' lang='lat'>:</span> <span class='ocrx_word' id='word_1_238' title='bbox 1022 2173 1040 2194; x_wconf 90' lang='lat'>«</span> <span class='ocrx_word' id='word_1_239' title='bbox 1079 2156 1244 2211; x_wconf 87' lang='lat' dir='ltr'>Sermo,</span> <span class='ocrx_word' id='word_1_240' title='bbox 1279 2156 1437 2217; x_wconf 88' lang='lat' dir='ltr'>inquit,</span> 
     </span>
     <span class='ocr_line' id='line_1_29' title="bbox 60 2218 1441 2287; baseline 0.009 -27"><span class='ocrx_word' id='word_1_241' title='bbox 60 2236 79 2259; x_wconf 77' lang='lat' dir='ltr'>n</span> <span class='ocrx_word' id='word_1_242' title='bbox 100 2227 239 2262; x_wconf 87' lang='lat' dir='ltr'>vester</span> <span class='ocrx_word' id='word_1_243' title='bbox 249 2218 293 2262; x_wconf 90' lang='lat' dir='ltr'>in</span> <span class='ocrx_word' id='word_1_244' title='bbox 307 2219 440 2276; x_wconf 84' lang='lat' dir='ltr'>gratia</span> <span class='ocrx_word' id='word_1_245' title='bbox 457 2219 657 2263; x_wconf 89' lang='lat' dir='ltr'>conditus</span> <span class='ocrx_word' id='word_1_246' title='bbox 670 2220 723 2263; x_wconf 89' lang='lat' dir='ltr'>sit</span> <span class='ocrx_word' id='word_1_247' title='bbox 739 2220 842 2275; x_wconf 88' lang='lat' dir='ltr'>sale,</span> <span class='ocrx_word' id='word_1_248' title='bbox 859 2230 908 2265; x_wconf 90' lang='lat' dir='ltr'>ut</span> <span class='ocrx_word' id='word_1_249' title='bbox 925 2222 1064 2267; x_wconf 89' lang='lat' dir='ltr'>sciatis</span> <span class='ocrx_word' id='word_1_250' title='bbox 1078 2227 1301 2283; x_wconf 83' lang='lat' dir='ltr'>quomodo</span> <span class='ocrx_word' id='word_1_251' title='bbox 1315 2242 1441 2287; x_wconf 87' lang='lat' dir='ltr'>opor-</span> 
     </span>
     <span class='ocr_line' id='line_1_30' title="bbox 59 2287 1440 2358; baseline 0.01 -28"><span class='ocrx_word' id='word_1_252' title='bbox 59 2307 80 2331; x_wconf 86' lang='lat'>»</span> <span class='ocrx_word' id='word_1_253' title='bbox 102 2298 190 2333; x_wconf 83' lang='lat' dir='ltr'>teat</span> <span class='ocrx_word' id='word_1_254' title='bbox 204 2305 278 2334; x_wconf 92' lang='lat' dir='ltr'>vos</span> <span class='ocrx_word' id='word_1_255' title='bbox 294 2289 529 2348; x_wconf 81' lang='lat' dir='ltr'>unicuique</span> <span class='ocrx_word' id='word_1_256' title='bbox 546 2289 804 2349; x_wconf 86' lang='lat' dir='ltr'>respondere</span> <span class='ocrx_word' id='word_1_257' title='bbox 814 2287 885 2351; x_wconf 44' lang='grc' dir='ltr'>ἓξ»</span> <span class='ocrx_word' id='word_1_258' title='bbox 909 2296 991 2337; x_wconf 84' lang='lat' dir='ltr'>Ista</span> <span class='ocrx_word' id='word_1_259' title='bbox 1011 2304 1112 2338; x_wconf 91' lang='lat' dir='ltr'>sunt</span> <span class='ocrx_word' id='word_1_260' title='bbox 1130 2312 1230 2355; x_wconf 85' lang='lat' dir='ltr'>quae</span> <span class='ocrx_word' id='word_1_261' title='bbox 1247 2312 1317 2342; x_wconf 88' lang='lat' dir='ltr'>me</span> <span class='ocrx_word' id='word_1_262' title='bbox 1333 2314 1440 2358; x_wconf 86' lang='lat' dir='ltr'>prae-</span> 
     </span>
     <span class='ocr_line' id='line_1_31' title="bbox 56 2357 1436 2425; baseline 0.008 -22"><span class='ocrx_word' id='word_1_263' title='bbox 56 2360 182 2418; x_wconf 88' lang='lat' dir='ltr'>cipue</span> <span class='ocrx_word' id='word_1_264' title='bbox 206 2357 539 2417; x_wconf 87' lang='lat' dir='ltr'>compulerunt,</span> <span class='ocrx_word' id='word_1_265' title='bbox 569 2369 617 2403; x_wconf 87' lang='lat' dir='ltr'>ut</span> <span class='ocrx_word' id='word_1_266' title='bbox 637 2361 680 2403; x_wconf 91' lang='lat' dir='ltr'>in</span> <span class='ocrx_word' id='word_1_267' title='bbox 707 2360 788 2405; x_wconf 89' lang='lat' dir='ltr'>hoc</span> <span class='ocrx_word' id='word_1_268' title='bbox 806 2361 1025 2406; x_wconf 84' lang='lat' dir='ltr'>volumine</span> <span class='ocrx_word' id='word_1_269' title='bbox 1044 2373 1186 2409; x_wconf 87' lang='lat' dir='ltr'>tecum</span> <span class='ocrx_word' id='word_1_270' title='bbox 1207 2367 1436 2425; x_wconf 87' lang='lat' dir='ltr'>haberem,</span> 
     </span>
     <span class='ocr_line' id='line_1_32' title="bbox 56 2428 1438 2489; baseline 0.009 -17"><span class='ocrx_word' id='word_1_271' title='bbox 56 2429 227 2489; x_wconf 82' lang='lat' dir='ltr'>qualem</span> <span class='ocrx_word' id='word_1_272' title='bbox 245 2428 454 2472; x_wconf 87' lang='lat' dir='ltr'>Dominus</span> <span class='ocrx_word' id='word_1_273' title='bbox 471 2429 722 2487; x_wconf 83' lang='lat' dir='ltr'>dignaretur</span> <span class='ocrx_word' id='word_1_274' title='bbox 734 2429 911 2485; x_wconf 86' lang='lat' dir='ltr'>donare,</span> <span class='ocrx_word' id='word_1_275' title='bbox 927 2447 1186 2479; x_wconf 90' lang='lat' dir='ltr'>sermonem.</span> <span class='ocrx_word' id='word_1_276' title='bbox 1207 2439 1314 2482; x_wconf 90' lang='lat' dir='ltr'>Nam</span> <span class='ocrx_word' id='word_1_277' title='bbox 1332 2440 1438 2483; x_wconf 85' lang='lat' dir='ltr'>mihi</span> 
     </span>
     <span class='ocr_line' id='line_1_33' title="bbox 59 2499 1438 2567; baseline 0.009 -25"><span class='ocrx_word' id='word_1_278' title='bbox 59 2515 283 2560; x_wconf 88' lang='lat' dir='ltr'>nunquam</span> <span class='ocrx_word' id='word_1_279' title='bbox 300 2499 460 2558; x_wconf 86' lang='lat' dir='ltr'>placuit</span> <span class='ocrx_word' id='word_1_280' title='bbox 477 2501 679 2559; x_wconf 79' lang='lat' dir='ltr'>cuiquam</span> <span class='ocrx_word' id='word_1_281' title='bbox 699 2501 856 2545; x_wconf 78' lang='lat' dir='ltr'>illustri</span> <span class='ocrx_word' id='word_1_282' title='bbox 874 2503 986 2557; x_wconf 87' lang='lat' dir='ltr'>viro,</span> <span class='ocrx_word' id='word_1_283' title='bbox 1007 2513 1048 2548; x_wconf 85' lang='lat' dir='ltr'>ct</span> <span class='ocrx_word' id='word_1_284' title='bbox 1073 2514 1188 2551; x_wconf 83' lang='lat' dir='ltr'>tauta</span> <span class='ocrx_word' id='word_1_285' title='bbox 1211 2518 1374 2567; x_wconf 84' lang='lat' dir='ltr'>quanta</span> <span class='ocrx_word' id='word_1_286' title='bbox 1395 2525 1438 2554; x_wconf 85' lang='lat' dir='ltr'>cs</span> 
     </span>
    </p>
   </div>
   <div class='ocr_carea' id='block_1_3' title="bbox 108 2586 1081 2626">
    <p class='ocr_par' dir='ltr' id='par_1_4' title="bbox 108 2586 1081 2626">
     <span class='ocr_line' id='line_1_34' title="bbox 108 2586 1081 2626; baseline 0 -8"><span class='ocrx_word' id='word_1_287' title='bbox 108 2593 113 2607; x_wconf 89' lang='lat'><strong>¹</strong></span> <span class='ocrx_word' id='word_1_288' title='bbox 134 2588 222 2620; x_wconf 76' lang='lat' dir='ltr'>Rom.</span> <span class='ocrx_word' id='word_1_289' title='bbox 243 2597 299 2622; x_wconf 75' lang='lat' dir='ltr'>vn,</span> <span class='ocrx_word' id='word_1_290' title='bbox 318 2595 371 2626; x_wconf 57' lang='grc' dir='ltr'>’.ξ-,κ</span> <span class='ocrx_word' id='word_1_291' title='bbox 391 2600 425 2609; x_wconf 81' lang='lat'>--</span> <span class='ocrx_word' id='word_1_292' title='bbox 450 2594 457 2607; x_wconf 76' lang='lat'>¹</span> <span class='ocrx_word' id='word_1_293' title='bbox 475 2598 486 2616; x_wconf 48' lang='lat' dir='ltr'>t·</span> <span class='ocrx_word' id='word_1_294' title='bbox 513 2588 594 2618; x_wconf 57' lang='lat' dir='ltr'>l&#39;etr.</span> <span class='ocrx_word' id='word_1_295' title='bbox 616 2595 663 2626; x_wconf 73' lang='lat' dir='ltr'>iti,</span> <span class='ocrx_word' id='word_1_296' title='bbox 688 2586 738 2618; x_wconf 62' lang='lat' dir='ltr'>if».</span> <span class='ocrx_word' id='word_1_297' title='bbox 756 2603 793 2609; x_wconf 92' lang='lat'>-—</span> <span class='ocrx_word' id='word_1_298' title='bbox 814 2586 825 2609; x_wconf 71' lang='lat'>³</span> <span class='ocrx_word' id='word_1_299' title='bbox 846 2587 961 2619; x_wconf 72' lang='lat' dir='ltr'>(leloss.</span> <span class='ocrx_word' id='word_1_300' title='bbox 988 2599 1034 2626; x_wconf 84' lang='lat' dir='ltr'>iv,</span> <span class='ocrx_word' id='word_1_301' title='bbox 1051 2589 1081 2620; x_wconf 87' lang='grc'>6.</span> 
     </span>
    </p>
   </div>
   <div class='ocr_carea' id='block_1_4' title="bbox 244 2647 1250 2686">
    <p class='ocr_par' dir='ltr' id='par_1_5' title="bbox 244 2647 1250 2686">
     <span class='ocr_line' id='line_1_35' title="bbox 244 2647 1250 2686; baseline 0.006 -7"><span class='ocrx_word' id='word_1_302' title='bbox 244 2648 356 2679; x_wconf 39' lang='lat' dir='ltr'>cxmv.</span> <span class='ocrx_word' id='word_1_303' title='bbox 1204 2647 1250 2686; x_wconf 73' lang='lat'>¹3</span> 
     </span>
    </p>
   </div>
  </div>
 </body>
</html>
