1784 3205
332 212 416 252 256
757 221 790 250 s.
827 218 1057 247 Aucus-rim
1090 217 1269 244 El’lscom

330 308 352 332 »
379 288 497 333 aliud
514 290 557 334 in
578 287 886 334 contumeliam
908 286 917 310 ¹
935 284 952 327 Ρ
972 301 991 323 »
1013 281 1234 341 Numquid
1256 295 1356 339 ergo
1374 296 1473 326 vasa
1492 282 1566 324 irae
1590 291 1717 339 negat

329 362 408 405 iste
423 376 511 405 esse
532 361 613 404 sub
636 358 843 404 diabolo?
865 364 939 399 aut
954 355 1051 414 quia
1069 355 1149 397 sub
1176 352 1351 397 diabolo
1375 361 1504 406 sunt,
1534 352 1642 396 alius
1669 367 1718 395 ea

327 448 459 492 quam
482 433 572 491 ipse
594 431 711 485 facit,
739 430 814 489 qui
835 442 933 472 vasa
952 423 1254 469 misericordiae
1277 424 1379 467 facit
1398 425 1415 466 P
1442 432 1517 467 aut
1543 422 1720 466 aliunde

328 512 372 546 ct
394 518 483 547 non
501 518 551 546 ex
573 501 725 546 eadem
739 513 873 543 massa
897 496 1024 541 facit.
1017 497 1034 527 9
1058 495 1136 539 Hic
1158 494 1304 571 itaque
1318 493 1581 551 dicat,E1go
1608 495 1721 536 Deus

329 589 427 617 vasa
447 572 622 617 diabolo
644 571 779 615 facit:
802 568 923 629 quasi
945 566 1105 610 nesciat
1134 568 1246 623 Deus
1269 565 1327 608 sic
1350 564 1408 607 eis
1433 563 1497 607 uti
1515 563 1568 606 ad
1591 578 1722 622 opera

328 659 404 688 sua
421 645 537 703 justa
556 652 598 687 et
620 643 757 696 bona,
780 639 891 683 sicut
908 638 1000 696 ipso
1017 635 1157 680 utitu1
1174 633 1365 678 diabolo.

388 715 577 758 XXXII.
615 715 683 757 An
703 726 806 756 vero
819 708 929 753 filios
946 705 1201 767 perditionis
1225 704 1379 749 hoedos
1396 703 1578 747 sinistrae
1594 703 1723 762 partis

306 803 311 811 ⁴
329 784 510 829 diabolo
533 784 684 844 pascit,
706 791 749 826 et
766 779 943 825 diabolo
963 778 1115 832 nutrit,
1136 785 1179 820 et
1194 776 1336 831 vestit,
1352 775 1455 835 quia
1471 773 1573 818 facit
1589 773 1722 817 solem

328 870 456 899 suum
483 855 585 899 oriri
607 869 736 913 super
762 854 897 896 bonos
921 859 963 893 et
990 847 1142 902 malos,
1166 856 1209 890 et
1225 845 1337 905 pluit
1368 860 1496 904 super
1521 846 1659 904 justos
1682 852 1725 887 et

330 927 564 986 injustos²P
590 926 658 970 Sic
680 925 828 984 itaque
853 930 970 966 creat
997 919 1148 973 malos,
1172 916 1396 978 quomodo
1418 916 1553 975 pascit
1580 924 1623 959 et
1641 931 1724 958 nu-

330 997 408 1040 trit
428 997 565 1041 malos
592 1015 600 1041 :
626 995 727 1056 quia
746 994 867 1054 quod
883 993 941 1036 eis
962 990 1152 1036 creando
1171 989 1340 1043 tribuit,
1367 987 1422 1032 ad
1440 995 1606 1031 naturae
1624 1002 1721 1045 per-

332 1067 441 1111 tinet
464 1066 754 1121 bonitatem³3
778 1073 821 1108 et
838 1062 960 1123 quod
986 1062 1043 1105 eis
1066 1060 1284 1119 pascendo
1310 1068 1353 1102 et
1386 1056 1626 1102 nutriendo
1653 1057 1726 1098 dat

330 1139 669 1194 incrementum,
685 1151 773 1180 non
789 1135 940 1194 utique
960 1131 1135 1176 malitiae
1153 1145 1320 1184 eorum,
1340 1129 1415 1173 sed
1439 1128 1578 1172 eidem
1599 1127 1726 1170 bonae

330 1218 499 1253 naturae
522 1224 656 1268 quam
681 1206 842 1251 creavit
864 1206 1022 1259 bonus,
1043 1203 1209 1247 bonum
1232 1201 1386 1245 tribuit
1405 1200 1722 1259 adjumentum.

313 1283 384 1341 ,Iu
408 1288 625 1339 quantum
645 1277 761 1321 enirn
779 1275 977 1320 homines
995 1282 1112 1327 sunt,
1135 1274 1301 1316 bonum
1322 1279 1385 1314 est
1402 1279 1583 1322 naturae,
1605 1269 1728 1327 cujus

332 1360 484 1395 auctor
504 1358 568 1394 est
592 1352 708 1392 Deus
734 1366 743 1391 :
769 1347 813 1390 in
836 1354 1050 1406 quantum
1068 1351 1212 1386 autem
1228 1356 1327 1386 cum
1346 1348 1525 1400 peccato
1543 1354 1729 1383 nascun-

331 1431 420 1476 tur,
438 1419 622 1480 perituri
645 1419 680 1463 si
702 1433 791 1462 non
819 1424 1124 1468 renascuntur,
1148 1414 1201 1457 ad
1226 1427 1372 1457 semen
1390 1411 1610 1470 pertinent
1635 1425 1727 1453 ma-

334 1493 544 1538 ledictum
565 1492 619 1535 ab
637 1490 762 1534 initio
778 1490 811 1544 4,
830 1488 945 1532 illius
963 1487 1155 1545 antiquae
1169 1483 1477 1529 inobedientiae
1492 1482 1612 1526 vitio.
1631 1484 1728 1534 Quo

335 1573 482 1609 tamen
494 1564 607 1608 bene
622 1562 762 1606 utitur
781 1559 918 1605 factor
930 1559 1058 1602 etiam
1072 1571 1275 1602 vasorum
1292 1556 1383 1610 irae,
1402 1563 1452 1598 ut
1462 1563 1584 1598 notas
1602 1551 1731 1596 faciat

334 1635 506 1680 divitias
529 1634 677 1694 gloriae
693 1648 782 1677 suae
803 1632 849 1675 in
871 1646 969 1676 vasa
993 1628 1299 1673 misericordiae
1315 1630 1346 1681 5,
1373 1641 1428 1669 ne
1449 1625 1612 1669 meritis
1642 1624 1728 1667 suis

335 1707 523 1760 tribuat,
554 1706 587 1749 si
614 1704 669 1748 ad
698 1703 895 1748 eamdem
927 1715 1107 1745 massam
1138 1699 1324 1758 quisque
1352 1697 1573 1755 pertinens
1597 1695 1731 1753 gratia

336 1777 561 1827 liberetur,
587 1795 606 1817 «
630 1774 715 1820 Sed
733 1774 810 1833 qui
828 1772 1052 1832 gloriatur,
1068 1772 1113 1814 in
1132 1770 1315 1813 Domino
1336 1767 1546 1826 glorietur
1560 1768 1591 1810 ⁰.
1619 1784 1638 1806 ³>

396 1850 608 1892 XXXIII.
646 1845 712 1890 Ab
742 1845 823 1888 hac
855 1843 940 1887 fide
963 1841 1197 1902 apostolica
1221 1849 1351 1898 atque
1373 1837 1583 1882 catholica
1607 1851 1731 1881 vera-

335 1920 505 1964 cissima
537 1927 580 1962 et
617 1916 942 1969 fundatissima,
971 1929 1070 1958 cum
1109 1910 1346 1970 Pelagianis
1377 1910 1454 1952 iste
1482 1908 1727 1961 discedens,

336 2006 429 2036 non
445 1990 543 2035 vult
565 1997 788 2033 nascentes
809 2002 898 2031 esse
917 1986 997 2030 sub
1019 1982 1210 2037 diabolo,
1236 1996 1290 2026 ne
1313 1979 1481 2040 parvuli
1502 1987 1731 2038 portentur

338 2060 394 2106 ad
416 2061 639 2106 Christum
655 2095 665 2114 ,
691 2068 742 2103 ut
763 2066 973 2102 eruantur
1001 2071 1022 2099 a
1045 2062 1257 2113 potestate
1277 2052 1556 2096 tenebrarum
1573 2084 1583 2103 ,
1617 2057 1659 2092 et
1687 2049 1732 2091 in

340 2147 523 2190 regnum
552 2131 685 2190 ipsius
721 2127 1079 2174 transferantur7.
1114 2128 1175 2169 Ac
1205 2125 1265 2168 sic
1298 2131 1469 2166 accusat
1497 2119 1732 2165 Ecclesiam

344 2211 435 2247 toto
463 2202 569 2245 orbe
591 2200 818 2253 diffusam,
843 2199 889 2241 in
918 2211 1003 2257 qua
1031 2195 1196 2254 ubique
1219 2207 1369 2238 omnes
1394 2190 1640 2250 baptizandi
1664 2190 1734 2232 in-

342 2272 501 2317 fantuli
524 2287 612 2317 non
643 2272 700 2316 ob
725 2269 844 2314 aliud
866 2268 1167 2320 exsufflantur,
1202 2264 1283 2308 nisi
1306 2272 1355 2307 ut
1379 2263 1433 2306 ab
1456 2262 1513 2305 eis
1536 2261 1736 2320 princeps

339 2343 500 2387 mundi
521 2343 720 2386 mittatur
741 2340 880 2386 forasS
905 2358 915 2384 ι
940 2354 963 2383 3
985 2353 1073 2398 quo
1093 2349 1264 2380 necesse
1288 2343 1352 2377 est
1378 2347 1478 2377 vasa
1499 2332 1575 2375 irae
1601 2330 1735 2389 possi-

393 2470 400 2484 ¹
426 2466 516 2495 nom.
536 2474 582 2504 lx,
603 2472 656 2494 20.
676 2479 712 2484 —
727 2469 738 2483 ²
762 2460 874 2492 Manli.
899 2471 975 2497 xxv,
998 2458 1050 2499 33,
1071 2461 1103 2490 et
1118 2468 1150 2497 v,
1172 2455 1223 2497 *ri-J
1242 2472 1281 2476 -
1299 2453 1310 2476 3
1334 2454 1411 2485 Vide
1432 2452 1492 2484 lib.
1509 2462 1542 2483 ιιι
1561 2453 1657 2493 Oper.
1673 2451 1735 2481 iin-

340 2521 483 2562 ‘peu-sect.
499 2532 573 2562 cap,
600 2519 672 2560 142.
691 2516 756 2542 >³2²2
779 2521 852 2559 Sap.
877 2528 933 2555 xii,
960 2528 1061 2548 11.-
1083 2512 1095 2538 5
1117 2517 1208 2547 Rom.
1231 2507 1433 2554 1x‚23.—‘?
1455 2519 1472 2541 '2
1491 2511 1561 2541 Cor.
1586 2519 1615 2547 x,
1641 2518 1731 2548 ιῇ,·«

344 2585 359 2611 7
389 2577 504 2610 Coloss.
527 2589 551 2620 ι,
578 2577 680 2609 13.-=
701 2578 716 2598 5
737 2578 828 2608 Joan.
850 2586 904 2615 ru,
929 2574 981 2605 31,
