1784 3205
343 221 424 258 156
773 235 804 260 s.
842 231 1070 259 Arors'rlm
1104 229 1283 256 EPISCOPI

339 297 510 341 easdem
533 296 710 352 litteras,
736 298 894 357 quibus
913 311 956 339 se
982 309 1294 338 consensurum
1312 308 1400 337 esse
1419 292 1715 352 responderat,

340 367 568 426 diligenter
585 368 761 426 legeret,
782 376 1019 410 sanaretur.
1049 365 1132 410 Scd
1156 375 1435 424 posteaquam
1451 380 1501 407 ex
1515 365 1720 407 Africano

338 440 637 498 episcoporum
669 437 851 483 concilio
874 437 1077 495 rescripta
1100 435 1264 480 directa
1297 445 1398 479 sunt
1424 470 1433 489 ,
1460 434 1566 494 quid
1589 433 1721 477 fuerit

340 518 619 553 consecutum
640 543 650 563 ,
683 518 731 551 ut
747 507 978 567 justissime
1000 507 1046 550 in
1067 523 1165 550 eum
1190 504 1402 550 sententia
1426 503 1691 564 proferretur
1707 539 1718 559 ,

339 589 495 623 cuncta
518 579 663 637 legite,
689 579 789 639 quia
813 588 968 622 cuncta
992 577 1317 621 transmisimus.

400 652 476 692 lX.
494 651 618 693 Unde
643 650 771 693 etiam
792 648 1009 706 Pelagius,
1031 649 1064 692 si
1084 664 1127 691 se
1151 649 1292 706 ipsum
1312 654 1353 689 et
1371 662 1444 689 sua
1463 645 1619 704 scripta
1634 645 1723 688 sine

339 718 441 762 dolo
459 721 634 777 cogitat,
656 736 743 763 non
766 728 879 762 recte
909 718 1012 762 dicit
1030 754 1040 773 ,
1068 718 1217 762 eadem
1242 717 1455 762 sententia
1473 732 1516 760 se
1539 732 1627 760 non
1645 715 1722 759 de-

341 790 481 833 buisse
500 792 649 834 teneri.
675 790 847 834 Fefellit
868 791 982 834 enim
1002 791 1215 850 judicium
1249 789 1524 832 Palaestinum
1554 808 1563 843 3
1595 803 1725 846 prop-

340 869 452 904 terea
476 862 536 904 ibi
559 861 730 906 videtur
748 877 836 905 esse
853 870 1061 920 purgatus
1078 880 1085 905 :
1105 864 1345 904 Romanam
1361 875 1462 902 vero
1485 857 1722 913 ecclesiam,

342 931 413 973 uhi
433 947 530 975 eum
554 947 642 975 esse
670 932 941 975 notissimum
965 932 1103 982 scitis,
1132 929 1280 974 fallere
1306 944 1620 988 usquequaque
1637 943 1726 971 non

339 1002 481 1059 potuit
501 1021 508 1045 :
531 1002 725 1060 quamvis
744 1011 784 1044 et
807 1003 887 1046 hoc
903 1001 1034 1044 fuerit
1061 1011 1299 1060 utcumque
1321 1009 1500 1044 conatus
1529 1018 1536 1042 :
1560 999 1650 1052 sed,
1677 1007 1726 1042 ut

339 1071 425 1115 dixi
443 1107 453 1125 ‚
481 1074 655 1116 minime
678 1073 827 1117 valuit.
856 1072 1053 1116 Recoluit
1076 1073 1190 1115 enim
1224 1071 1492 1115 beatissimus
1515 1085 1623 1129 papa
1647 1073 1727 1113 Zo—

339 1142 489 1196 zimus,
508 1143 613 1202 quid
638 1144 870 1186 imitandus
886 1158 1118 1201 praecessor
1135 1144 1225 1201 ejus
1244 1143 1297 1185 de
1316 1142 1416 1200 ipsis
1439 1142 1616 1184 senserit
1634 1155 1727 1198 ges-

341 1213 405 1254 tis.
442 1213 639 1255 Attendit
673 1213 799 1255 etiam
833 1214 936 1271 quid
974 1213 1028 1256 de
1058 1213 1133 1255 illo
1156 1213 1331 1255 sentiret
1369 1210 1642 1269 praedicanda
1684 1211 1727 1253 in

340 1281 523 1324 Domino
553 1284 846 1324 'Romanorum
878 1282 1014 1336 fides,
1043 1297 1229 1340 quorum
1261 1280 1464 1324 adversus
1489 1281 1578 1338 ejus
1607 1295 1727 1324 erro-

338 1353 427 1394 rem
452 1367 530 1410 pro
547 1353 726 1395 veritate
743 1351 970 1405 catholica,
986 1351 1127 1396 studia
1151 1352 1431 1395 consonantia
1456 1351 1728 1394 concorditer

336 1422 517 1479 flagrare
539 1422 743 1465 cernebat
762 1425 791 1466 ¹:
817 1423 929 1466 inter
944 1438 1052 1481 quos
1072 1422 1143 1466 ille
1162 1423 1236 1465 diu
1255 1423 1434 1476 vixerat,
1454 1431 1496 1465 et
1512 1437 1620 1480 quos
1637 1423 1727 1481 ejus

336 1490 539 1549 dogmata
568 1492 701 1536 latere
725 1508 811 1536 non
843 1502 1044 1551 poterant
1072 1512 1078 1536 :
1112 1494 1187 1551 qui
1219 1492 1474 1537 Coelestium
1509 1493 1599 1551 ejus
1637 1507 1726 1535 csse

336 1562 595 1621 discipulum
624 1565 684 1606 sic
713 1573 925 1606 noverant
945 1599 954 1617 ,
982 1561 1030 1606 ut
1051 1562 1343 1606 fidelissimum
1368 1573 1411 1606 et
1432 1563 1724 1606 firmissimum

335 1642 508 1690 possent
532 1632 585 1675 de
611 1633 691 1676 hac
717 1649 761 1676 re
787 1634 1080 1677 testimonium
1112 1633 1355 1692 perhibere.
1389 1632 1504 1685 Quid
1535 1648 1638 1691 ergo
1669 1633 1723 1676 de

335 1702 573 1747 Palaestinae
604 1704 759 1761 synodi
783 1705 938 1761 gestis,
966 1705 1127 1764 quibus
1166 1720 1209 1747 se
1244 1704 1441 1762 Pelagius
1473 1702 1723 1747 ahsolutum

332 1788 420 1816 csse
444 1772 678 1830 gloriatur,
703 1784 876 1818 sanctus
895 1790 1005 1833 papa
1028 1775 1309 1818 Innocentius
1327 1773 1547 1833 judicarit,
1575 1789 1722 1832 quam·-

330 1843 392 1886 vis
407 1851 448 1885 et
468 1843 511 1886 in
531 1843 682 1887 litteris
705 1845 810 1902 ejus,
837 1860 944 1902 quas
966 1843 1091 1887 nobis
1116 1844 1346 1902 rescripsit,
1374 1843 1516 1901 legere
1533 1843 1717 1902 possitis,

330 1922 372 1956 ct
395 1925 781 1958 commemoratum
800 1930 898 1958 cum
923 1913 1157 1958 venerabili
1182 1930 1304 1973 papae
1325 1915 1497 1958 Zozimo
1516 1914 1719 1971 Synodus

330 1981 534 2027 Africana
570 1984 819 2043 respondit,
852 1984 971 2043 quod
999 1994 1153 2028 vestrae
1181 1985 1393 2029 Charitati
1426 2000 1523 2028 cum
1555 1985 1718 2028 caeteris

328 2053 687 2097 instructionibus
710 2055 902 2098 misimus
926 2090 936 2108 ,
958 2064 1102 2098 tamen
1122 2071 1202 2099 nec
1224 2055 1269 2098 in
1292 2056 1374 2100 hoc
1394 2071 1523 2115 opere
1540 2066 1715 2114 praeter-

328 2123 522 2168 oundum
541 2124 726 2169 videtur.

386 2197 439 2237 X.
462 2197 573 2239 Cum
593 2196 707 2238 enim
732 2211 808 2238 nos
838 2196 881 2239 in
905 2196 1095 2254 Epistola
1111 2200 1142 2250 ¹²,
1165 2212 1297 2256 quam
1317 2198 1354 2239 ei
1375 2198 1571 2256 quinque
1597 2198 1713 2256 epis-

326 2266 422 2323 copi
441 2265 702 2323 scripsimus,
728 2265 979 2309 eorumdem
1002 2276 1221 2324 gestorum
1247 2266 1590 2322 palaestinorum,
1607 2284 1714 2328 quo-

328 2350 420 2377 rum
458 2336 511 2378 ad
546 2351 622 2378 nos
648 2337 738 2394 jam
782 2335 895 2379 fama
928 2345 1214 2394 pervenerat,
1255 2339 1711 2381 commemorationem

325 2405 588 2458 fecissemus,
607 2406 813 2460 dicentes,
836 2408 879 2449 in
895 2407 1087 2461 Oriente,
1109 2407 1183 2450 ubi
1205 2406 1337 2463 degit,
1357 2416 1473 2465 gesta
1492 2407 1711 2452 ecclesias-

327 2476 407 2519 tica
443 2475 553 2520 facta
583 2492 672 2520 esse
689 2511 699 2531 ‚
726 2477 885 2535 quibus
914 2487 1092 2536 putatur
1121 2493 1209 2521 esse
1236 2487 1445 2536 purgatus
1466 2513 1476 2532 ,
1502 2487 1632 2538 atque
1655 2478 1708 2522 ad

375 2568 380 2583 ¹
414 2563 504 2594 Rom.
527 2573 551 2598 ι,
578 2562 607 2593 8,
625 2578 664 2584 -—-
681 2568 693 2583 Ἰ
725 2562 859 2603 Epistola
884 2573 1022 2599 ctxrvm
1048 2563 1132 2594 inter
1154 2562 1391 2602 Augustinianas
1416 2573 1445 2593 n.
1472 2572 1489 2589 0
