1804 3205
510 202 562 229 nn
594 201 733 229 czsris
766 198 950 227 putiau.
1366 187 1421 225 73

42 268 222 321 todiant‚
242 268 317 327 qui
340 268 648 327 virginitatem,
673 283 772 327 qum
794 274 1009 326 praeccpta
1033 280 1121 310 non
1141 273 1221 319 est,
1248 265 1422 324 insuper

39 348 209 383 servant
231 360 242 395 3
261 338 334 382 sed
359 339 412 382 ad
431 340 512 383 hoc
529 347 713 391 tantum,
738 338 857 397 quod
882 336 977 396 plus
1000 345 1063 379 cst
1081 335 1302 394 virginitas
1324 352 1422 393 quie

40 425 127 455 non
155 420 217 454 est
240 420 453 470 praecepta
473 446 483 465 ,
508 425 640 470 quam
668 409 905 468 conjugalis
928 407 1137 468 pudicitia
1173 422 1272 467 quae
1309 422 1417 465 prae·

39 489 162 540 cepta
178 490 256 534 est,
271 491 314 526 et
331 481 547 526 custodire
564 482 705 535 istam,
721 495 852 540 quam
876 479 988 523 illam
1004 513 1014 533 ‚
1039 479 1192 537 utique
1214 478 1311 537 plus
1335 485 1420 521 est:

39 567 138 597 cum
171 561 316 597 tamen
354 562 558 598 neutrum
590 567 740 597 eorum
776 552 988 595 habeatur
1020 551 1108 594 sine
1139 549 1274 608 gratia
1311 549 1386 592 Dei
1412 570 1423 606 3

39 623 397 683 quandoquidem
422 624 656 684 Apostolus
677 622 732 667 de
757 623 837 667 hac
871 638 915 666 re
940 622 1120 682 loquens
1141 621 1200 664 ait
1226 639 1234 665 2
1265 639 1284 662 «
1314 618 1425 664 Volo

43 712 63 735 »
90 704 234 738 autem
258 710 408 739 omnes
436 697 630 740 homines
647 710 736 738 esse
757 695 867 739 sicut
892 709 960 737 me
990 694 1130 751 ipsum
1154 711 1164 749 3
1190 689 1263 735 sed
1287 706 1424 734 unus-

42 784 62 806 »
90 767 274 825 quisque
298 767 519 825 proprium
555 766 721 811 donum
746 766 876 810 habet
901 781 923 808 a
942 767 1055 818 Deo,
1076 763 1184 806 alius
1203 763 1288 816 aie,
1315 760 1423 805 alius

42 854 62 876 »
89 845 234 880 autem
253 837 311 881 sic
328 840 357 880 ¹.
390 857 406 878 »
442 840 497 881 Et
519 837 599 896 ipsi
621 837 805 881 Domino
826 851 925 880 cum
951 836 1157 879 dixissent
1179 832 1383 891 Discipuli
1411 851 1419 875 :

41 924 62 948 «
89 907 130 950 Si
159 908 250 951 haec
280 908 464 952 hominis
493 917 555 951 est
588 923 714 952 causa
735 921 833 951 cum
864 920 1012 958 uxore,
1040 919 1129 948 non
1146 902 1320 962 expedit
1338 917 1425 945 nu-

42 995 62 1017 »
87 977 188 1021 bere
211 1011 222 1031 ,
267 996 285 1019 »
307 978 375 1022 vel
409 979 529 1038 quod
568 978 703 1021 latine
746 977 899 1020 melius
927 974 1085 1019 dicitur
1106 1009 1116 1030 ,
1138 988 1226 1018 non
1250 972 1425 1031 expedit

39 1046 197 1091 ducere
224 1067 232 1092 z
257 1067 276 1089 «
304 1051 399 1094 Non
417 1083 428 1103 ‚
453 1049 596 1108 inquit
614 1083 625 1103 ,
649 1062 799 1092 omnes
821 1047 1001 1106 capiunt
1022 1046 1203 1090 verbum
1218 1045 1322 1098 hoc,
1348 1043 1423 1087 sed

42 1136 61 1158 »
94 1118 254 1178 quibus
285 1118 436 1163 datum
466 1129 529 1163 est
563 1121 595 1162 ².
639 1137 658 1160 »
696 1122 789 1164 Hoc
825 1133 927 1177 ergo
960 1117 1149 1176 episcopi
1185 1115 1422 1160 Ecclesiam

39 1189 228 1248 recipere
248 1191 589 1248 pronuntiarunt
609 1226 619 1245 ‚
644 1190 763 1250 quod
787 1189 884 1249 plus
908 1189 961 1233 sit
977 1189 1199 1247 virginitas
1224 1201 1423 1246 perseve-

40 1275 134 1303 rans
156 1295 166 1314 ,
192 1277 291 1320 quae
315 1271 529 1320 praecepta
552 1277 642 1306 non
661 1271 724 1306 est
742 1296 752 1315 ‚
782 1275 914 1320 quam
947 1260 1202 1318 nuptiarum
1223 1257 1394 1300 castitas
1409 1290 1420 1309 ,

37 1346 136 1389 quae
169 1341 382 1390 praecepta
412 1342 490 1376 est.
523 1334 621 1384 Quo
645 1340 789 1375 autem
813 1346 943 1374 sensu
976 1329 1087 1373 illud
1117 1328 1315 1386 Pelagius
1337 1326 1424 1370 sive

39 1401 268 1445 Coelestius
291 1401 638 1461 dixerit,judices
661 1402 921 1445 nescierunt.

98 1475 239 1516 XXX.
277 1474 387 1515 Hinc
413 1474 501 1530 jam
528 1472 796 1530 objiciuntur
826 1470 1000 1528 Pelagio
1023 1469 1105 1515 alia
1142 1468 1333 1514 Coelestii
1360 1481 1425 1511 ca-

42 1543 177 1602 pitula
199 1543 419 1601 capitalia,
445 1552 488 1587 et
509 1543 600 1586 sine
621 1542 896 1586 dubitatione
925 1540 1199 1595 damnanda,
1223 1555 1323 1599 quae
1345 1537 1426 1582 nisi

41 1614 470 1669 anathematizasset,
509 1629 610 1658 cum
646 1615 710 1657 his
744 1614 835 1658 sine
870 1613 1004 1657 dubio
1040 1612 1336 1656 damnaretur.
1376 1612 1426 1652 In

43 1685 169 1728 tertio
200 1685 392 1744 capitulo
423 1685 638 1744 scripsisse
670 1684 930 1729 Coelestium
959 1702 968 1727 :
998 1702 1014 1722 «
1049 1682 1241 1726 Gratiam
1275 1680 1349 1724 Dei
1385 1688 1427 1723 et

43 1754 305 1814 adjutorium
330 1771 419 1800 non
442 1755 496 1799 ad
518 1754 707 1813 singulos
735 1764 855 1799 actus
877 1754 970 1798 dari
991 1788 1002 1809 ‚
1031 1753 1105 1798 sed
1127 1753 1171 1796 in
1193 1752 1331 1796 libero
1360 1766 1429 1794 ar-

46 1826 171 1870 bitrio
193 1841 308 1881 esse,
333 1827 401 1870 vel
423 1827 467 1870 in
496 1830 609 1884 Lege
631 1842 678 1870 ac
699 1825 910 1870 doctrina.
942 1843 962 1865 »
994 1827 1051 1868 Et
1072 1825 1229 1868 iterum
1255 1841 1265 1865 ε
1298 1841 1316 1862 «
1351 1821 1427 1864 Dei

43 1897 224 1954 gratiam
239 1896 479 1941 secundum
493 1897 645 1940 merita
664 1905 809 1939 nostra
827 1895 935 1948 dari,
951 1895 1052 1953 quia
1070 1895 1102 1938 si
1125 1893 1428 1953 peccatoribus

43 1966 160 2010 illam
188 1966 262 2010 det
279 2002 290 2021 ,
315 1966 488 2011 videtur
509 1981 598 2010 esse
619 1966 796 2026 iniquus
823 1983 831 2009 z
862 1985 880 2007 »
914 1975 956 2009 et
985 1966 1031 2009 in
1054 1965 1119 2008 his
1142 1965 1284 2009 verbis
1308 1965 1427 2007 intu-

44 2037 166 2081 lisse:
196 2056 216 2079 «
243 2041 473 2096 Propterea
499 2047 541 2081 et
573 2038 663 2096 ipsa
696 2037 831 2095 gratia
857 2036 900 2080 in
924 2051 1020 2080 mea
1041 2036 1267 2081 voluntate
1290 2036 1428 2094 posita

44 2116 134 2162 est,
160 2108 248 2151 sive
270 2107 427 2166 dignus
446 2106 622 2162 fuerim,
654 2108 743 2152 sive
772 2108 993 2167 indignus.
1021 2108 1064 2152 Si
1085 2107 1200 2151 enim
1232 2122 1309 2167 per
1331 2121 1428 2164 gra-

44 2179 146 2223 tiam
171 2179 314 2222 omnia
346 2179 526 2223 facimus
554 2200 563 2234 3
599 2179 777 2240 quando
808 2179 1022 2223 vincimur
1055 2194 1077 2222 a
1100 2187 1306 2237 peccato,
1339 2192 1429 2221 non

44 2264 121 2293 nos
141 2250 357 2293 vincimur
373 2284 384 2300 ‚
419 2248 494 2293 sed
522 2251 598 2293 Dei
628 2250 764 2308 gratia
783 2285 794 2304 ,
819 2264 919 2309 quae
941 2249 1079 2293 voluit
1113 2264 1191 2293 nos
1225 2248 1429 2307 adjuvare

44 2319 163 2363 omni
184 2318 315 2363 modo
331 2354 341 2374 ,
368 2328 410 2363 et
432 2334 521 2364 non
542 2320 685 2378 potuit
710 2339 718 2364 :
748 2337 768 2360 »
796 2322 852 2363 Et
878 2319 1037 2363 iterum
1062 2319 1120 2362 ait
1147 2338 1155 2363 :
1182 2337 1199 2358 «
1227 2319 1268 2363 Si
1293 2318 1427 2377 gratia

44 2390 123 2433 Dei
146 2399 224 2444 est,
250 2390 426 2450 quando
444 2392 656 2435 vincimus
678 2400 852 2449 peccata
871 2411 882 2448 3
907 2405 1010 2448 ergo
1032 2390 1121 2449 ipse
1143 2399 1203 2433 est
1221 2391 1264 2433 in
1279 2389 1424 2448 culpa,

46 2461 222 2521 quando
246 2476 269 2504 a
291 2470 468 2520 peccato
492 2462 736 2517 vincimur,
761 2463 863 2522 quia
892 2461 1070 2507 omnino
1100 2461 1318 2506 custodire
1349 2474 1427 2505 nos

97 2551 104 2567 ¹
129 2555 140 2576 ι
164 2545 237 2577 Cor.
258 2556 314 2585 vu,
333 2554 365 2587 7.
380 2551 447 2568 -2
466 2545 587 2578 Matth.
611 2555 680 2583 xix,
702 2556 751 2578 10.
