1784 3205
295 185 375 224 104
727 199 758 222 s.
797 192 1027 221 avers-rim
1060 193 1239 220 Emscom

355 264 506 305 LXIV.
535 263 620 304 Has
637 276 687 304 cx
712 261 886 303 nomine
908 258 1098 303 Coclcstii
1123 267 1311 317 (plantor
1334 257 1565 300 sententias
1589 272 1675 300 non

291 335 348 377 sic
376 334 727 392 approbaverunt
762 332 949 390 episcopi
978 330 1144 390 judices
1164 364 1174 384 ‚
1207 330 1317 373 sicut
1347 344 1415 371 cas
1449 328 1677 372 Coelestius

290 405 468 448 sensisse
490 403 715 447 dicebatur
747 421 754 445 :
789 401 863 444 sed
897 401 1008 444 sicut
1034 400 1090 444 de
1118 400 1184 444 his
1214 399 1433 456 respondit
1464 398 1675 457 Pelagius,

289 475 504 519 Viderunt
533 475 647 518 enim
667 510 677 529 3
709 473 828 533 quod
856 471 974 516 aliud
1005 473 1059 516 sit
1087 472 1177 515 sine
1206 479 1385 530 pcccato
1414 485 1525 525 csse,
1560 469 1680 513 aliud

289 555 434 589 sancte
460 555 503 589 et
520 547 634 605 juste
652 546 796 589 vivere
815 564 825 601 3
854 545 963 587 sicut
985 544 1113 587 etiam
1137 551 1237 586 ante
1258 541 1496 586 adventum
1521 541 1681 586 Christi

289 616 502 675 quosdam
532 616 682 659 vixisse
714 615 935 674 Scriptura
969 623 1166 658 testatur.
1205 615 1260 657 Et
1288 614 1485 673 quamvis
1510 627 1597 656 non
1627 613 1681 656 sit

291 687 359 730 hic
394 687 585 730 Ecclesia
608 686 699 729 sine
720 685 889 729 macula
923 694 965 728 et
988 699 1093 743 ruga
1121 705 1131 742 3
1153 693 1299 728 tamen
1319 700 1413 728 eam
1437 692 1479 727 et
1510 683 1680 727 lavacro

286 756 621 813 regenerationis
645 755 700 798 ab
726 756 845 799 omni
879 753 1044 797 macula
1066 769 1261 813 rugaque
1285 755 1460 813 purgari
1485 788 1495 808 ,
1521 762 1564 796 ct
1588 767 1681 796 eam

287 828 344 871 ita
366 826 478 870 velle
507 826 742 869 Dominum
774 840 1029 884 permanere
1053 840 1186 869 :nam
1215 834 1258 868 et
1292 826 1349 868 ita
1380 825 1681 883 permanebit,

288 898 390 955 quia
411 897 501 940 sine
519 895 689 940 macula
708 905 751 940 ct
769 911 873 954 ruga
888 897 1040 955 utique
1056 895 1100 938 in
1120 904 1282 939 aeterna
1299 894 1505 939 felicitate
1527 910 1682 953 regna-

288 967 365 1010 bit.
401 970 456 1010 Et
478 966 597 1027 quod
620 976 828 1025 perpetua
852 967 1075 1024 virginitas
1091 1001 1101 1021 ,
1128 982 1226 1026 quae
1252 975 1469 1025 praecepta
1490 981 1578 1009 non
1601 974 1681 1019 est,

288 1038 378 1080 sine
395 1038 531 1081 dubio
558 1037 655 1096 plus
680 1039 754 1091 sit,
781 1053 912 1097 quam
933 1036 1173 1096 conjugalis
1197 1036 1429 1095 pudicitia,
1455 1052 1555 1096 quae
1572 1051 1681 1095 prae·

289 1117 414 1167 cepta
455 1117 518 1152 cst
544 1129 553 1164 3
585 1109 782 1168 quamvis
805 1109 849 1151 in
870 1108 1017 1152 multis
1045 1108 1270 1166 virginitas
1302 1117 1544 1167 perseveret
1565 1143 1575 1162 ,
1609 1108 1687 1167 qui

288 1189 434 1222 tamen
457 1195 546 1223 non
569 1188 669 1222 sunt
690 1180 782 1222 sine
804 1188 998 1237 peccato.
1025 1181 1081 1222 Et
1101 1179 1221 1238 quod
1243 1194 1312 1222 eas
1339 1194 1488 1222 omnes
1512 1179 1683 1237 gratias,

287 1264 394 1307 quas
428 1248 523 1292 loco
554 1265 645 1293 uno
677 1259 1018 1299 commemorat,
1045 1250 1201 1293 habuit
1234 1250 1454 1308 apostolus
1492 1249 1650 1294 Paulus
1675 1268 1684 1293 ε

288 1336 392 1380 quas
416 1329 561 1364 tamen
586 1335 688 1363 eum
711 1320 895 1378 dignum
919 1321 1050 1364 fuisse
1074 1321 1269 1379 accipere
1284 1355 1294 1375 3
1322 1330 1397 1364 aut
1419 1336 1509 1365 non
1532 1336 1689 1365 secun-

287 1391 571 1434 dum'merita
586 1426 595 1444 ,
621 1391 695 1434 sed
718 1392 862 1449 potius
886 1390 1128 1435 secundum
1151 1390 1581 1450 praedestinationem
1610 1390 1689 1434 alin

286 1477 375 1521 quo
398 1460 529 1504 modo
558 1459 799 1518 intelligere
822 1470 1096 1520 potuerunt3
1126 1462 1217 1520 ipse
1240 1463 1355 1505 enim
1381 1461 1514 1506 dicit:
1544 1481 1564 1504 «
1591 1465 1687 1507 Non

294 1550 314 1573 »
337 1547 432 1575 sum
461 1533 634 1591 dignuS,
660 1532 729 1575 vel
746 1547 834 1576 non
854 1548 949 1576 sum
967 1532 1150 1587 idoneus
1173 1534 1318 1577 vocari
1342 1533 1598 1591 Apostolus¹
1626 1552 1635 1577 ι
1664 1550 1685 1573 »

293 1612 368 1646 aut
382 1603 831 1646 eorumintentionem
850 1602 1114 1660 subterfugit
1131 1604 1332 1657 verbum,
1350 1604 1469 1662 quod
1489 1603 1689 1661 Pelagius

294 1673 672 1733 quemadmodum
691 1674 902 1732 posuerit,
920 1675 1010 1733 ipse
1022 1674 1194 1718 viderit.
1214 1676 1317 1718 Haec
1339 1684 1442 1718 sunt
1464 1675 1509 1717 in
1531 1674 1691 1734 quibus

293 1744 487 1802 episcopi
525 1744 747 1802 Pelagium
780 1745 1179 1803 pronuntiaverunt
1204 1744 1284 1803 piis
1307 1745 1552 1789 consentire
1584 1744 1691 1789 doc-

299 1815 433 1857 trinis.

352 1886 486 1927 LXV.
512 1886 639 1928 Nunc
665 1884 861 1927 similiter
884 1883 1212 1943 recapitulando
1230 1882 1302 1927 illa
1325 1883 1458 1943 paulo
1481 1885 1690 1929 attentius

292 1953 519 1998 videamus
540 1989 549 2008 ,
572 1970 672 2013 quac
695 1953 818 1998 illum
840 1955 1054 1998 contraria
1079 1955 1312 2014 reprobare
1340 1963 1382 1998 et
1404 1956 1684 1999 anathemati-

292 2039 388 2066 zare
406 2024 625 2068 dixerunt.
656 2027 705 2067 In
724 2025 808 2068 hoc
829 2028 845 2050 ⁰-
872 2024 987 2067 enim
1013 2025 1158 2083 potius
1179 2033 1267 2068 tota
1287 2025 1461 2070 haeresis
1482 2026 1561 2070 ista
1584 2041 1690 2070 con-

293 2093 416 2137 sistit.
444 2094 646 2152 Exceptis
671 2108 771 2152 ergo
794 2093 902 2149 illis,
936 2110 1033 2154 quae
1054 2094 1100 2136 in
1123 2093 1374 2139 adulatione
1400 2096 1545 2140 nescio
1567 2097 1689 2156 cujus

293 2163 436 2207 viduae
466 2164 511 2206 in
537 2163 659 2207 libris
679 2165 765 2208 suis
785 2165 977 2224 posuisse
1006 2165 1147 2208 dictus
1167 2174 1230 2208 est
1246 2200 1256 2219 ,
1280 2181 1379 2224 quae
1401 2165 1473 2209 ille
1503 2185 1523 2208 «
1546 2182 1689 2227 neque

296 2234 339 2276 in
354 2233 475 2276 libris
492 2234 578 2277 suis
591 2249 697 2288 esse,
717 2249 860 2294 neque
875 2234 974 2278 talia
993 2250 1188 2294 unquam
1206 2250 1249 2278 se
1266 2235 1419 2279 dixisse
1437 2236 1659 2295 respondit
1675 2258 1686 2294 3

298 2311 343 2345 et
361 2317 432 2346 eos
452 2305 527 2362 qui
544 2302 645 2347 talia
661 2314 876 2363 saperent,
898 2321 986 2349 non
1008 2315 1216 2364 tanquam
1240 2305 1481 2361 haereticos,
1505 2307 1578 2350 sed
1598 2316 1690 2350 tan-

301 2388 431 2430 quam
450 2373 604 2417 stultos
628 2374 1031 2420 anathematizavit:
1052 2394 1071 2416 »
1092 2376 1188 2419 haec
1210 2384 1311 2419 sunt
1333 2376 1493 2435 quibus
1516 2377 1687 2420 haeresis

303 2442 416 2485 illius
432 2443 609 2488 dumeta
631 2444 826 2503 quotidie
842 2445 1073 2504 pullulare,
1101 2447 1188 2490 imo
1205 2447 1292 2505 jam
1310 2445 1548 2503 sylvescere
1563 2448 1687 2491 dole-

354 2534 359 2547 ¹
389 2539 396 2557 1
425 2529 494 2557 Cor.
523 2540 574 2560 xv.
597 2540 630 2569 ς).
647 2546 686 2551 ›-
702 2537 712 2551 Ἰ
737 2530 837 2561 Forte
856 2530 884 2561 in
903 2529 960 2562 his.

528 2584 542 2609 1
