1784 3205
360 235 439 272 194
781 247 813 271 5.
852 245 1080 271 AtssttS'rlml
1116 244 1292 270 El’lscol’l

352 312 441 371 ipse
458 311 723 356 sublimitate
740 310 991 369 conspicuo,
1014 309 1249 367 praesertim
1267 323 1353 352 non
1370 308 1507 352 otiosa
1527 307 1736 365 dignitate

346 385 437 443 jam
459 382 637 436 fruenti,
663 381 738 426 sed
760 380 903 425 adhuc
926 380 1093 425 actibus
1116 379 1300 439 publicis
1317 378 1568 437 eisdemque
1586 377 1737 422 milita-

352 454 469 498 ribus
491 462 704 512 occupato
720 488 731 506 ,
757 451 924 512 aliquid
946 467 1146 496 meorum
1167 450 1478 510 opusculorum
1500 449 1737 508 legendum

354 541 443 570 non
466 541 490 569 a
511 540 581 569 me
601 525 793 584 petenti,
818 539 907 568 non
930 533 1018 569 tam
1038 523 1283 582 diligenter,
1310 537 1440 583 quam
1464 521 1740 580 impudenter

352 596 607 654 impingere.
647 596 690 640 Si
715 596 822 654 quid
848 610 949 653 ergo
978 595 1063 639 tale
1091 609 1208 638 nunc
1237 593 1319 638 feci
1345 601 1523 652 propter
1540 607 1610 636 eas
1633 606 1739 651 quas

351 666 687 711 commemoravi
714 681 861 710 causas
879 701 889 720 ,
920 664 1151 724 dignanter
1177 665 1375 723 ignosce,
1411 672 1454 707 et
1477 662 1739 707 benevolum

351 736 544 779 animum
567 736 621 779 ad
644 752 693 780 ea
715 752 813 796 quae
836 745 1079 795 sequuntur
1102 733 1296 779 intende.

411 808 489 849 111‘.
527 809 699 850 Donum
739 807 814 849 Dei
850 821 939 850 csse
975 806 1105 849 etiam
1137 804 1391 863 pudicitiam
1429 802 1703 862 conjugalem
1725 837 1736 857 ,

354 876 621 920 beatissimus
651 877 810 921 Paulus
837 876 1053 930 ostendit,
1078 876 1155 920 ubi
1181 876 1235 919 de
1256 877 1337 919 hac
1362 890 1407 918 re
1432 874 1615 933 loquens
1639 873 1696 917 ait
1727 891 1735 917 :

355 964 375 988 α
400 945 510 990 Volo
532 955 678 990 autem
702 962 851 991 omnes
881 947 1076 991 homines
1104 962 1194 991 esse
1227 947 1336 990 sicut
1368 960 1437 989 me
1462 945 1630 1004 ipsum3
1665 944 1740 988 sed

357 1037 373 1057 »
400 1019 701 1077 unusquisque
724 1020 946 1077 proprium
970 1018 1136 1063 donum
1167 1018 1342 1061 habeta
1374 1020 1484 1071 Deo,
1511 1016 1618 1059 alius
1639 1014 1739 1074 qui-

354 1105 373 1127 »
399 1088 499 1130 dem
517 1089 576 1132 sic
592 1123 602 1142 ,
624 1089 731 1133 alius
747 1104 850 1133 vero
867 1090 926 1132 sic
947 1091 976 1133 1.
1003 1106 1022 1130 »
1045 1091 1157 1133 Ecce
1174 1097 1217 1132 et
1238 1089 1321 1132 1106
1339 1087 1504 1132 donum
1524 1102 1612 1131 esse
1631 1086 1740 1130 dixit

351 1174 373 1201 a
404 1161 515 1215 Deo,
535 1159 613 1203 etsi
635 1159 814 1204 inferius
838 1175 971 1220 quam
992 1159 1063 1204 illa
1091 1160 1375 1213 continentia,
1405 1159 1450 1202 in
1476 1174 1562 1217 qua
1591 1172 1740 1202 omnes

349 1227 525 1272 volebat
550 1245 638 1273 esse
665 1231 777 1274 sicut
803 1247 844 1275 se
871 1232 1030 1290 ipsum,
1067 1241 1213 1275 tamen
1242 1230 1409 1274 donum
1431 1245 1454 1273 a
1481 1232 1582 1274 Deo.
1611 1227 1737 1272 Unde

350 1299 648 1358 intelligimus,
673 1317 773 1345 cum
797 1303 890 1346 haec
912 1302 1242 1360 praecipiuntur,
1271 1310 1318 1345 ut
1341 1302 1462 1355 fiant,
1489 1299 1598 1344 nihil
1620 1299 1738 1344 aliud

351 1369 537 1424 ostendi,
555 1387 687 1430 quam
705 1373 843 1416 inesse
865 1373 990 1417 nohis
1012 1381 1212 1432 oportere
1233 1371 1288 1416 ad
1310 1372 1403 1415 haec
1424 1370 1674 1430 accipienda
1698 1378 1741 1414 et

352 1439 553 1485 habenda
575 1443 704 1486 etiam
727 1443 943 1502 propriam
965 1443 1251 1487 voluntatem.
1273 1444 1385 1487 Cum
1402 1457 1505 1486 vero
1527 1442 1604 1486 Dei
1625 1441 1741 1486 dona

351 1524 441 1553 esse
472 1521 784 1567 monstrantur,
815 1529 838 1557 a
866 1528 954 1573 quo
983 1513 1170 1572 petenda
1197 1513 1282 1557 sint
1302 1548 1313 1568 ,
1352 1512 1558 1566 discitur,
1590 1514 1623 1556 si
1652 1528 1741 1557 non

351 1580 593 1639 habentur3
613 1592 656 1627 et
673 1584 743 1627 cui
761 1584 845 1628 sint
863 1585 1042 1643 agendae
1059 1585 1208 1643 gratiae
1224 1619 1235 1638 ,
1261 1584 1294 1628 si
1316 1583 1535 1627 habentur
1557 1593 1742 1628 nostras·

351 1666 437 1710 que
465 1651 709 1697 voluntates
734 1653 789 1698 ad
816 1655 910 1699 haec
944 1655 1183 1714 expetenda
1201 1690 1211 1709 ,
1243 1654 1480 1709 sumenda,
1514 1653 1741 1698 retinenda

352 1736 506 1779 parum
527 1724 693 1779 valere,
725 1725 805 1769 nisi
826 1725 1032 1769 divinitus
1055 1725 1332 1785 adjuventur.

413 1795 488 1835 1V.
524 1794 642 1846 Quid
671 1809 771 1852 ergo
801 1794 1002 1849 dicimus,
1033 1797 1211 1855 quando
1236 1804 1279 1839 et
1302 1797 1346 1839 in
1370 1795 1631 1856 quibusdam
1660 1795 1741 1838 im-

352 1861 431 1919 piis
453 1863 674 1908 invenitur
694 1865 903 1924 pudicitia
927 1866 1193 1926 conjugalis?
1215 1875 1362 1910 utrum
1395 1881 1446 1910 eo
1469 1880 1647 1925 peccare
1675 1864 1742 1908 di-

352 1932 479 1977 cendi
498 1944 615 1990 sunt,
641 1936 761 1995 quod
775 1936 892 1981 dono
916 1938 991 1981 Dei
1014 1937 1127 1981 male
1150 1946 1345 1992 utantur,
1370 1953 1459 1981 non
1484 1936 1529 1980 id
1552 1936 1742 1981 referen-

357 2013 417 2048 tes
443 2005 498 2048 ad
521 2006 688 2050 cultum
712 2008 801 2067 ejus
821 2023 844 2051 a
866 2024 954 2068 quo
977 2019 1239 2068 acceperunt
1255 2012 1301 2051 ²?
1321 2025 1375 2052 an
1395 2008 1508 2058 forte
1526 2023 1606 2052 nec
1626 2007 1740 2052 dona

359 2073 432 2116 Dei
463 2075 656 2133 putanda
683 2086 784 2121 sunt
811 2079 907 2132 ista,
938 2079 1115 2139 quando
1142 2080 1236 2123 haec
1265 2079 1460 2123 infideles
1489 2087 1645 2136 agunt,
1672 2093 1741 2121 se-

356 2145 551 2190 cundum
572 2148 767 2206 Apostoli
791 2150 1049 2194 sententiam
1065 2150 1246 2194 dicentis
1266 2169 1274 2195 z
1301 2169 1320 2192 «
1346 2152 1488 2194 Omne
1509 2149 1630 2209 quod
1652 2164 1741 2192 non

360 2233 380 2257 »
416 2226 479 2260 est
507 2232 555 2260 ex
581 2219 684 2273 fide,
715 2229 940 2279 peccatum
962 2230 1024 2264 est
1042 2222 1085 2264 3?
1106 2239 1125 2262 »
1152 2221 1256 2274 Quis
1278 2229 1423 2264 autem
1445 2220 1603 2264 audeat
1626 2220 1741 2264 dice-

356 2302 400 2329 re
422 2286 587 2331 donum
609 2289 685 2332 Dei
706 2304 795 2334 esse
817 2293 1074 2349 peccatum?
1091 2292 1246 2335 Anima
1265 2291 1379 2334 enim
1399 2326 1410 2344 ,
1436 2300 1480 2334 et
1500 2305 1672 2349 corpus,
1698 2298 1741 2333 et

349 2371 640 2418 quaecumque
670 2360 783 2404 bona
813 2362 967 2405 animae
1001 2371 1043 2405 et
1076 2362 1266 2420 corporis
1300 2361 1555 2405 naturaliter
1579 2360 1705 2405 insita
1725 2394 1737 2415 ,

357 2427 485 2471 etiam
510 2429 554 2472 in
576 2431 876 2488 peccatoribus
893 2433 1007 2476 dona
1031 2433 1106 2476 Dei
1127 2443 1251 2490 sunt3
1271 2433 1479 2492 quoniam
1499 2436 1628 2487 Deus,
1651 2447 1741 2476 non

357 2499 437 2557 ipsi
458 2500 535 2543 ista
562 2500 773 2546 lecerunt.
809 2507 865 2547 De
890 2505 953 2548 his
975 2514 1118 2564 autem
1147 2521 1245 2564 quae
1268 2504 1434 2548 faciunt
1455 2505 1620 2550 dictum
1642 2512 1706 2548 est
1727 2521 1735 2547 ε

413 2590 418 2605 “
444 2595 452 2615 1
474 2588 544 2618 Cor.
568 2598 622 2626 vii,
644 2598 674 2628 7.
692 2605 728 2610 ⁷--
745 2595 755 2609 ²
780 2588 853 2620 Vide
871 2588 925 2620 lib.
947 2600 979 2620 iv
998 2594 1110 2622 contra
1126 2590 1238 2622 Julian.
1253 2607 1291 2612 —
1309 2588 1321 2612 3
1341 2592 1428 2622 Rom.
1454 2601 1518 2627 xiv,
1541 2590 1596 2622 23.
