<?xml version="1.0" encoding="UTF-8"?>
<!DOCTYPE html PUBLIC "-//W3C//DTD XHTML 1.0 Transitional//EN"
    "http://www.w3.org/TR/xhtml1/DTD/xhtml1-transitional.dtd">
<html xmlns="http://www.w3.org/1999/xhtml" xml:lang="en" lang="en">
 <head>
  <title>
</title>
<meta http-equiv="Content-Type" content="text/html;charset=utf-8" />
  <meta name='ocr-system' content='tesseract 3.04.00' />
  <meta name='ocr-capabilities' content='ocr_page ocr_carea ocr_par ocr_line ocrx_word'/>
</head>
<body>
  <div class='ocr_page' id='page_1' title='image "./operaomniaaccura34auguuoft/operaomniaaccura34auguuoft_0435.png"; bbox 0 0 1804 3205; ppageno 0'>
   <div class='ocr_carea' id='block_1_1' title="bbox 314 227 1466 266">
    <p class='ocr_par' dir='ltr' id='par_1_1' title="bbox 314 227 1466 266">
     <span class='ocr_line' id='line_1_1' title="bbox 314 227 1466 266; baseline 0.004 -5"><span class='ocrx_word' id='word_1_1' title='bbox 314 235 475 262; x_wconf 51' lang='lat' dir='ltr'>courum</span> <span class='ocrx_word' id='word_1_2' title='bbox 511 235 616 261; x_wconf 53' lang='lat' dir='ltr'>nitas</span> <span class='ocrx_word' id='word_1_3' title='bbox 649 236 779 263; x_wconf 65' lang='lat' dir='ltr'>izvis-r.</span> <span class='ocrx_word' id='word_1_4' title='bbox 816 234 1042 264; x_wconf 63' lang='lat' dir='ltr'>rumim.</span> <span class='ocrx_word' id='word_1_5' title='bbox 1082 237 1162 264; x_wconf 74' lang='lat' dir='ltr'>Lm.</span> <span class='ocrx_word' id='word_1_6' title='bbox 1199 239 1229 264; x_wconf 90' lang='lat'>1.</span> <span class='ocrx_word' id='word_1_7' title='bbox 1384 227 1466 266; x_wconf 71' lang='lat'>425</span> 
     </span>
    </p>
   </div>
   <div class='ocr_carea' id='block_1_2' title="bbox 76 301 1473 2563">
    <p class='ocr_par' dir='ltr' id='par_1_2' title="bbox 81 301 1469 560">
     <span class='ocr_line' id='line_1_2' title="bbox 84 301 1468 358; baseline 0.003 -13"><span class='ocrx_word' id='word_1_8' title='bbox 84 310 171 346; x_wconf 85' lang='lat' dir='ltr'>tate</span> <span class='ocrx_word' id='word_1_9' title='bbox 193 301 440 354; x_wconf 77' lang='lat' dir='ltr'>mentitum,</span> <span class='ocrx_word' id='word_1_10' title='bbox 461 310 504 344; x_wconf 90' lang='lat' dir='ltr'>et</span> <span class='ocrx_word' id='word_1_11' title='bbox 537 301 628 344; x_wconf 91' lang='lat' dir='ltr'>aliis</span> <span class='ocrx_word' id='word_1_12' title='bbox 657 302 918 345; x_wconf 81' lang='lat' dir='ltr'>maculatum</span> <span class='ocrx_word' id='word_1_13' title='bbox 945 301 1074 346; x_wconf 82' lang='lat' dir='ltr'>fuisse</span> <span class='ocrx_word' id='word_1_14' title='bbox 1097 304 1285 358; x_wconf 81' lang='lat' dir='ltr'>delictis,</span> <span class='ocrx_word' id='word_1_15' title='bbox 1312 305 1468 350; x_wconf 88' lang='lat' dir='ltr'>viderit</span> 
     </span>
     <span class='ocr_line' id='line_1_3' title="bbox 83 370 1468 435; baseline 0.002 -19"><span class='ocrx_word' id='word_1_16' title='bbox 83 388 105 416; x_wconf 84' lang='lat' dir='ltr'>a</span> <span class='ocrx_word' id='word_1_17' title='bbox 136 372 296 431; x_wconf 92' lang='lat' dir='ltr'>quibus</span> <span class='ocrx_word' id='word_1_18' title='bbox 325 370 534 425; x_wconf 86' lang='lat' dir='ltr'>audierit,</span> <span class='ocrx_word' id='word_1_19' title='bbox 570 372 637 415; x_wconf 87' lang='lat' dir='ltr'>vel</span> <span class='ocrx_word' id='word_1_20' title='bbox 668 373 709 416; x_wconf 91' lang='lat' dir='ltr'>in</span> <span class='ocrx_word' id='word_1_21' title='bbox 739 388 927 432; x_wconf 90' lang='lat' dir='ltr'>quorum</span> <span class='ocrx_word' id='word_1_22' title='bbox 955 372 1106 417; x_wconf 90' lang='lat' dir='ltr'>litteris</span> <span class='ocrx_word' id='word_1_23' title='bbox 1137 373 1315 433; x_wconf 77' lang='lat' dir='ltr'>legerit3</span> <span class='ocrx_word' id='word_1_24' title='bbox 1348 377 1468 435; x_wconf 92' lang='lat' dir='ltr'>quod</span> 
     </span>
     <span class='ocr_line' id='line_1_4' title="bbox 81 441 1469 502; baseline 0.003 -16"><span class='ocrx_word' id='word_1_25' title='bbox 81 441 259 502; x_wconf 89' lang='lat' dir='ltr'>quidem</span> <span class='ocrx_word' id='word_1_26' title='bbox 290 441 467 487; x_wconf 87' lang='lat' dir='ltr'>fortasse</span> <span class='ocrx_word' id='word_1_27' title='bbox 491 459 578 488; x_wconf 93' lang='lat' dir='ltr'>non</span> <span class='ocrx_word' id='word_1_28' title='bbox 603 443 838 499; x_wconf 81' lang='lat' dir='ltr'>intellexit,</span> <span class='ocrx_word' id='word_1_29' title='bbox 873 453 915 488; x_wconf 92' lang='lat' dir='ltr'>et</span> <span class='ocrx_word' id='word_1_30' title='bbox 944 445 988 488; x_wconf 93' lang='lat' dir='ltr'>in</span> <span class='ocrx_word' id='word_1_31' title='bbox 1014 459 1162 489; x_wconf 87' lang='lat' dir='ltr'>sensus</span> <span class='ocrx_word' id='word_1_32' title='bbox 1180 445 1469 491; x_wconf 82' lang='lat' dir='ltr'>calumniosos</span> 
     </span>
     <span class='ocr_line' id='line_1_5' title="bbox 81 513 695 560; baseline 0.003 -2"><span class='ocrx_word' id='word_1_33' title='bbox 81 515 244 558; x_wconf 87' lang='lat' dir='ltr'>malitia</span> <span class='ocrx_word' id='word_1_34' title='bbox 266 513 442 559; x_wconf 81' lang='lat' dir='ltr'>fallente</span> <span class='ocrx_word' id='word_1_35' title='bbox 465 517 695 560; x_wconf 88' lang='lat' dir='ltr'>convertit.</span> 
     </span>
    </p>

    <p class='ocr_par' dir='ltr' id='par_1_3' title="bbox 77 587 1473 1355">
     <span class='ocr_line' id='line_1_6' title="bbox 142 587 1469 648; baseline 0.003 -19"><span class='ocrx_word' id='word_1_36' title='bbox 142 588 303 630; x_wconf 89' lang='lat' dir='ltr'>XXVI.</span> <span class='ocrx_word' id='word_1_37' title='bbox 345 605 363 627; x_wconf 70' lang='grc' dir='ltr'>(ι</span> <span class='ocrx_word' id='word_1_38' title='bbox 386 587 544 631; x_wconf 86' lang='lat' dir='ltr'>Dicunt</span> <span class='ocrx_word' id='word_1_39' title='bbox 561 587 708 641; x_wconf 80' lang='lat' dir='ltr'>etiam,</span> <span class='ocrx_word' id='word_1_40' title='bbox 734 589 891 647; x_wconf 88' lang='lat' dir='ltr'>inquit,</span> <span class='ocrx_word' id='word_1_41' title='bbox 922 589 1132 648; x_wconf 85' lang='lat' dir='ltr'>baptisma</span> <span class='ocrx_word' id='word_1_42' title='bbox 1150 603 1239 633; x_wconf 92' lang='lat' dir='ltr'>non</span> <span class='ocrx_word' id='word_1_43' title='bbox 1254 590 1356 633; x_wconf 88' lang='lat' dir='ltr'>dare</span> <span class='ocrx_word' id='word_1_44' title='bbox 1373 604 1469 634; x_wconf 90' lang='lat' dir='ltr'>om-</span> 
     </span>
     <span class='ocr_line' id='line_1_7' title="bbox 81 657 1469 718; baseline 0.004 -19"><span class='ocrx_word' id='word_1_45' title='bbox 81 672 180 700; x_wconf 86' lang='lat' dir='ltr'>nem</span> <span class='ocrx_word' id='word_1_46' title='bbox 206 657 518 714; x_wconf 75' lang='lat' dir='ltr'>indulgentiam</span> <span class='ocrx_word' id='word_1_47' title='bbox 543 669 820 718; x_wconf 84' lang='lat' dir='ltr'>peccatorum</span> <span class='ocrx_word' id='word_1_48' title='bbox 837 695 847 714; x_wconf 91' lang='lat'>‚</span> <span class='ocrx_word' id='word_1_49' title='bbox 875 676 954 704; x_wconf 88' lang='lat' dir='ltr'>nec</span> <span class='ocrx_word' id='word_1_50' title='bbox 982 658 1150 704; x_wconf 81' lang='lat' dir='ltr'>auferre</span> <span class='ocrx_word' id='word_1_51' title='bbox 1173 661 1369 715; x_wconf 84' lang='lat' dir='ltr'>crimina,</span> <span class='ocrx_word' id='word_1_52' title='bbox 1395 659 1469 704; x_wconf 90' lang='lat' dir='ltr'>sed</span> 
     </span>
     <span class='ocr_line' id='line_1_8' title="bbox 82 728 1473 789; baseline 0.004 -18"><span class='ocrx_word' id='word_1_53' title='bbox 82 728 247 782; x_wconf 77' lang='lat' dir='ltr'>radere,</span> <span class='ocrx_word' id='word_1_54' title='bbox 275 737 322 772; x_wconf 87' lang='lat' dir='ltr'>ut</span> <span class='ocrx_word' id='word_1_55' title='bbox 345 731 540 774; x_wconf 88' lang='lat' dir='ltr'>omnium</span> <span class='ocrx_word' id='word_1_56' title='bbox 562 740 838 789; x_wconf 84' lang='lat' dir='ltr'>peccatorum</span> <span class='ocrx_word' id='word_1_57' title='bbox 862 731 1029 776; x_wconf 82' lang='lat' dir='ltr'>radices</span> <span class='ocrx_word' id='word_1_58' title='bbox 1052 732 1095 776; x_wconf 89' lang='lat' dir='ltr'>in</span> <span class='ocrx_word' id='word_1_59' title='bbox 1118 732 1229 776; x_wconf 86' lang='lat' dir='ltr'>mala</span> <span class='ocrx_word' id='word_1_60' title='bbox 1249 747 1378 776; x_wconf 86' lang='lat' dir='ltr'>carne</span> <span class='ocrx_word' id='word_1_61' title='bbox 1406 741 1473 776; x_wconf 88' lang='lat' dir='ltr'>tc-</span> 
     </span>
     <span class='ocr_line' id='line_1_9' title="bbox 82 801 1473 862; baseline 0.003 -20"><span class='ocrx_word' id='word_1_62' title='bbox 82 808 285 843; x_wconf 83' lang='lat' dir='ltr'>neantur.</span> <span class='ocrx_word' id='word_1_63' title='bbox 317 817 336 839; x_wconf 89' lang='lat'>»</span> <span class='ocrx_word' id='word_1_64' title='bbox 366 801 468 853; x_wconf 82' lang='lat' dir='ltr'>Quis</span> <span class='ocrx_word' id='word_1_65' title='bbox 490 802 569 846; x_wconf 79' lang='lat' dir='ltr'>lioc</span> <span class='ocrx_word' id='word_1_66' title='bbox 586 802 789 847; x_wconf 84' lang='lat' dir='ltr'>adversus</span> <span class='ocrx_word' id='word_1_67' title='bbox 813 803 1078 862; x_wconf 82' lang='lat' dir='ltr'>Pelagianos.</span> <span class='ocrx_word' id='word_1_68' title='bbox 1102 804 1180 846; x_wconf 90' lang='lat' dir='ltr'>nisi</span> <span class='ocrx_word' id='word_1_69' title='bbox 1197 803 1382 846; x_wconf 73' lang='lat' dir='ltr'>infidelis</span> <span class='ocrx_word' id='word_1_70' title='bbox 1406 802 1473 846; x_wconf 90' lang='lat' dir='ltr'>af-</span> 
     </span>
     <span class='ocr_line' id='line_1_10' title="bbox 81 870 1470 931; baseline 0.004 -20"><span class='ocrx_word' id='word_1_71' title='bbox 81 870 222 913; x_wconf 75' lang='lat' dir='ltr'>firmet</span> <span class='ocrx_word' id='word_1_72' title='bbox 239 872 256 913; x_wconf 71' lang='lat' dir='ltr'>P</span> <span class='ocrx_word' id='word_1_73' title='bbox 272 871 460 915; x_wconf 86' lang='lat' dir='ltr'>Dicimus</span> <span class='ocrx_word' id='word_1_74' title='bbox 475 888 578 930; x_wconf 80' lang='lat' dir='ltr'>crgo</span> <span class='ocrx_word' id='word_1_75' title='bbox 597 873 805 931; x_wconf 84' lang='lat' dir='ltr'>baptisma</span> <span class='ocrx_word' id='word_1_76' title='bbox 824 874 926 917; x_wconf 83' lang='lat' dir='ltr'>dare</span> <span class='ocrx_word' id='word_1_77' title='bbox 943 875 1138 917; x_wconf 79' lang='lat' dir='ltr'>oninium</span> <span class='ocrx_word' id='word_1_78' title='bbox 1154 872 1470 931; x_wconf 83' lang='lat' dir='ltr'>indulgentiam</span> 
     </span>
     <span class='ocr_line' id='line_1_11' title="bbox 78 943 1473 999; baseline 0.002 -15"><span class='ocrx_word' id='word_1_79' title='bbox 78 949 375 999; x_wconf 87' lang='lat' dir='ltr'>peccatorum,</span> <span class='ocrx_word' id='word_1_80' title='bbox 399 951 440 986; x_wconf 85' lang='lat' dir='ltr'>et</span> <span class='ocrx_word' id='word_1_81' title='bbox 464 943 634 987; x_wconf 88' lang='lat' dir='ltr'>auferre</span> <span class='ocrx_word' id='word_1_82' title='bbox 656 945 851 999; x_wconf 83' lang='lat' dir='ltr'>crimina,</span> <span class='ocrx_word' id='word_1_83' title='bbox 874 961 962 989; x_wconf 91' lang='lat' dir='ltr'>non</span> <span class='ocrx_word' id='word_1_84' title='bbox 980 946 1145 999; x_wconf 80' lang='lat' dir='ltr'>radere,</span> <span class='ocrx_word' id='word_1_85' title='bbox 1167 960 1245 989; x_wconf 91' lang='lat' dir='ltr'>nec</span> <span class='ocrx_word' id='word_1_86' title='bbox 1265 963 1284 985; x_wconf 87' lang='lat'>«</span> <span class='ocrx_word' id='word_1_87' title='bbox 1308 954 1355 987; x_wconf 89' lang='lat' dir='ltr'>ut</span> <span class='ocrx_word' id='word_1_88' title='bbox 1378 959 1473 987; x_wconf 85' lang='lat' dir='ltr'>orn-</span> 
     </span>
     <span class='ocr_line' id='line_1_12' title="bbox 81 1012 1472 1073; baseline 0.002 -19"><span class='ocrx_word' id='word_1_89' title='bbox 81 1012 204 1055; x_wconf 91' lang='lat' dir='ltr'>nium</span> <span class='ocrx_word' id='word_1_90' title='bbox 229 1022 509 1072; x_wconf 84' lang='lat' dir='ltr'>peccatorum</span> <span class='ocrx_word' id='word_1_91' title='bbox 541 1015 704 1059; x_wconf 80' lang='lat' dir='ltr'>radices</span> <span class='ocrx_word' id='word_1_92' title='bbox 726 1016 769 1060; x_wconf 93' lang='lat' dir='ltr'>in</span> <span class='ocrx_word' id='word_1_93' title='bbox 793 1016 903 1059; x_wconf 89' lang='lat' dir='ltr'>mala</span> <span class='ocrx_word' id='word_1_94' title='bbox 932 1030 1060 1059; x_wconf 87' lang='lat' dir='ltr'>carne</span> <span class='ocrx_word' id='word_1_95' title='bbox 1086 1023 1318 1059; x_wconf 85' lang='lat' dir='ltr'>teneantur</span> <span class='ocrx_word' id='word_1_96' title='bbox 1351 1015 1472 1073; x_wconf 84' lang='lat' dir='ltr'>quasi</span> 
     </span>
     <span class='ocr_line' id='line_1_13' title="bbox 80 1086 1473 1145; baseline 0.003 -19"><span class='ocrx_word' id='word_1_97' title='bbox 80 1098 275 1128; x_wconf 84' lang='lat' dir='ltr'>rasorum</span> <span class='ocrx_word' id='word_1_98' title='bbox 298 1087 341 1128; x_wconf 91' lang='lat' dir='ltr'>in</span> <span class='ocrx_word' id='word_1_99' title='bbox 365 1086 506 1145; x_wconf 87' lang='lat' dir='ltr'>capite</span> <span class='ocrx_word' id='word_1_100' title='bbox 527 1086 801 1145; x_wconf 87' lang='lat' dir='ltr'>capillorum,</span> <span class='ocrx_word' id='word_1_101' title='bbox 829 1086 948 1130; x_wconf 90' lang='lat' dir='ltr'>unde</span> <span class='ocrx_word' id='word_1_102' title='bbox 970 1095 1164 1131; x_wconf 78' lang='lat' dir='ltr'>crescant</span> <span class='ocrx_word' id='word_1_103' title='bbox 1187 1087 1343 1130; x_wconf 90' lang='lat' dir='ltr'>iterum</span> <span class='ocrx_word' id='word_1_104' title='bbox 1362 1101 1473 1130; x_wconf 84' lang='lat' dir='ltr'>rese-</span> 
     </span>
     <span class='ocr_line' id='line_1_14' title="bbox 77 1154 1468 1216; baseline 0.001 -19"><span class='ocrx_word' id='word_1_105' title='bbox 77 1154 215 1198; x_wconf 87' lang='lat' dir='ltr'>canda</span> <span class='ocrx_word' id='word_1_106' title='bbox 246 1165 436 1214; x_wconf 89' lang='lat' dir='ltr'>peccata.</span> <span class='ocrx_word' id='word_1_107' title='bbox 476 1174 496 1197; x_wconf 89' lang='lat'>»</span> <span class='ocrx_word' id='word_1_108' title='bbox 535 1159 644 1201; x_wconf 88' lang='lat' dir='ltr'>Nam</span> <span class='ocrx_word' id='word_1_109' title='bbox 673 1166 715 1200; x_wconf 92' lang='lat' dir='ltr'>et</span> <span class='ocrx_word' id='word_1_110' title='bbox 743 1157 868 1201; x_wconf 90' lang='lat' dir='ltr'>istam</span> <span class='ocrx_word' id='word_1_111' title='bbox 897 1156 1223 1200; x_wconf 88' lang='lat' dir='ltr'>similitudinem</span> <span class='ocrx_word' id='word_1_112' title='bbox 1255 1157 1468 1216; x_wconf 84' lang='lat' dir='ltr'>comperi,</span> 
     </span>
     <span class='ocr_line' id='line_1_15' title="bbox 78 1223 1470 1287; baseline 0.001 -19"><span class='ocrx_word' id='word_1_113' title='bbox 78 1239 168 1268; x_wconf 84' lang='lat' dir='ltr'>suae</span> <span class='ocrx_word' id='word_1_114' title='bbox 188 1223 284 1270; x_wconf 88' lang='lat' dir='ltr'>illos</span> <span class='ocrx_word' id='word_1_115' title='bbox 307 1226 515 1271; x_wconf 86' lang='lat' dir='ltr'>adhibere</span> <span class='ocrx_word' id='word_1_116' title='bbox 532 1226 778 1282; x_wconf 80' lang='lat' dir='ltr'>calumniae,</span> <span class='ocrx_word' id='word_1_117' title='bbox 806 1235 1013 1287; x_wconf 83' lang='lat' dir='ltr'>tanquam</span> <span class='ocrx_word' id='word_1_118' title='bbox 1030 1228 1112 1271; x_wconf 88' lang='lat' dir='ltr'>hoc</span> <span class='ocrx_word' id='word_1_119' title='bbox 1135 1242 1212 1271; x_wconf 91' lang='lat' dir='ltr'>nos</span> <span class='ocrx_word' id='word_1_120' title='bbox 1235 1228 1470 1271; x_wconf 86' lang='lat' dir='ltr'>sentiamus</span> 
     </span>
     <span class='ocr_line' id='line_1_16' title="bbox 79 1295 444 1355; baseline 0.003 -16"><span class='ocrx_word' id='word_1_121' title='bbox 79 1306 211 1355; x_wconf 83' lang='lat' dir='ltr'>atque</span> <span class='ocrx_word' id='word_1_122' title='bbox 233 1295 444 1341; x_wconf 85' lang='lat' dir='ltr'>dicamus.</span> 
     </span>
    </p>

    <p class='ocr_par' dir='ltr' id='par_1_4' title="bbox 76 1368 1472 2563">
     <span class='ocr_line' id='line_1_17' title="bbox 138 1368 1467 1428; baseline 0.002 -18"><span class='ocrx_word' id='word_1_123' title='bbox 138 1368 321 1410; x_wconf 84' lang='lat' dir='ltr'>XXVII.</span> <span class='ocrx_word' id='word_1_124' title='bbox 361 1368 444 1412; x_wconf 81' lang='lat' dir='ltr'>Sed</span> <span class='ocrx_word' id='word_1_125' title='bbox 456 1368 511 1412; x_wconf 90' lang='lat' dir='ltr'>de</span> <span class='ocrx_word' id='word_1_126' title='bbox 523 1369 602 1412; x_wconf 89' lang='lat' dir='ltr'>ista</span> <span class='ocrx_word' id='word_1_127' title='bbox 615 1369 968 1428; x_wconf 85' lang='lat' dir='ltr'>concupiscentia</span> <span class='ocrx_word' id='word_1_128' title='bbox 983 1370 1122 1413; x_wconf 89' lang='lat' dir='ltr'>carnis</span> <span class='ocrx_word' id='word_1_129' title='bbox 1138 1368 1226 1414; x_wconf 86' lang='lat' dir='ltr'>salli</span> <span class='ocrx_word' id='word_1_130' title='bbox 1237 1384 1308 1413; x_wconf 85' lang='lat' dir='ltr'>eos</span> <span class='ocrx_word' id='word_1_131' title='bbox 1321 1368 1467 1423; x_wconf 87' lang='lat' dir='ltr'>credo,</span> 
     </span>
     <span class='ocr_line' id='line_1_18' title="bbox 78 1437 1471 1500; baseline 0.003 -20"><span class='ocrx_word' id='word_1_132' title='bbox 78 1438 146 1481; x_wconf 86' lang='lat' dir='ltr'>vel</span> <span class='ocrx_word' id='word_1_133' title='bbox 171 1437 343 1495; x_wconf 75' lang='lat' dir='ltr'>fallere3</span> <span class='ocrx_word' id='word_1_134' title='bbox 370 1454 467 1482; x_wconf 88' lang='lat' dir='ltr'>cum</span> <span class='ocrx_word' id='word_1_135' title='bbox 493 1455 578 1498; x_wconf 85' lang='lat' dir='ltr'>qua</span> <span class='ocrx_word' id='word_1_136' title='bbox 607 1455 778 1484; x_wconf 86' lang='lat' dir='ltr'>necesse</span> <span class='ocrx_word' id='word_1_137' title='bbox 802 1449 863 1485; x_wconf 85' lang='lat' dir='ltr'>est</span> <span class='ocrx_word' id='word_1_138' title='bbox 893 1450 942 1484; x_wconf 91' lang='lat' dir='ltr'>ut</span> <span class='ocrx_word' id='word_1_139' title='bbox 968 1443 1098 1485; x_wconf 91' lang='lat' dir='ltr'>etiam</span> <span class='ocrx_word' id='word_1_140' title='bbox 1130 1441 1396 1500; x_wconf 82' lang='lat' dir='ltr'>baptizatus,</span> <span class='ocrx_word' id='word_1_141' title='bbox 1428 1449 1471 1484; x_wconf 89' lang='lat' dir='ltr'>et</span> 
     </span>
     <span class='ocr_line' id='line_1_19' title="bbox 79 1509 1471 1571; baseline 0.001 -17"><span class='ocrx_word' id='word_1_142' title='bbox 79 1510 162 1554; x_wconf 86' lang='lat' dir='ltr'>hoc</span> <span class='ocrx_word' id='word_1_143' title='bbox 187 1511 220 1553; x_wconf 91' lang='lat' dir='ltr'>si</span> <span class='ocrx_word' id='word_1_144' title='bbox 249 1509 576 1569; x_wconf 80' lang='lat' dir='ltr'>diligentissime</span> <span class='ocrx_word' id='word_1_145' title='bbox 602 1513 794 1570; x_wconf 84' lang='lat' dir='ltr'>proficit,</span> <span class='ocrx_word' id='word_1_146' title='bbox 831 1521 875 1555; x_wconf 90' lang='lat' dir='ltr'>et</span> <span class='ocrx_word' id='word_1_147' title='bbox 907 1513 1069 1571; x_wconf 83' lang='lat' dir='ltr'>Spiritu</span> <span class='ocrx_word' id='word_1_148' title='bbox 1103 1513 1179 1555; x_wconf 89' lang='lat' dir='ltr'>Dei</span> <span class='ocrx_word' id='word_1_149' title='bbox 1209 1513 1366 1570; x_wconf 88' lang='lat' dir='ltr'>agitur,</span> <span class='ocrx_word' id='word_1_150' title='bbox 1401 1513 1471 1569; x_wconf 86' lang='lat' dir='ltr'>pia</span> 
     </span>
     <span class='ocr_line' id='line_1_20' title="bbox 76 1583 1469 1642; baseline 0.001 -18"><span class='ocrx_word' id='word_1_151' title='bbox 76 1590 225 1625; x_wconf 88' lang='lat' dir='ltr'>mente</span> <span class='ocrx_word' id='word_1_152' title='bbox 247 1583 467 1640; x_wconf 70' lang='lat' dir='ltr'>confligat.</span> <span class='ocrx_word' id='word_1_153' title='bbox 496 1583 579 1627; x_wconf 85' lang='lat' dir='ltr'>Sed</span> <span class='ocrx_word' id='word_1_154' title='bbox 594 1584 687 1627; x_wconf 84' lang='lat' dir='ltr'>haec</span> <span class='ocrx_word' id='word_1_155' title='bbox 703 1584 869 1627; x_wconf 90' lang='lat' dir='ltr'>etiamsi</span> <span class='ocrx_word' id='word_1_156' title='bbox 887 1592 1069 1627; x_wconf 86' lang='lat' dir='ltr'>vocatur</span> <span class='ocrx_word' id='word_1_157' title='bbox 1089 1592 1315 1642; x_wconf 89' lang='lat' dir='ltr'>peceatum</span> <span class='ocrx_word' id='word_1_158' title='bbox 1331 1585 1359 1637; x_wconf 86' lang='lat'>¹,</span> <span class='ocrx_word' id='word_1_159' title='bbox 1382 1598 1469 1627; x_wconf 90' lang='lat' dir='ltr'>non</span> 
     </span>
     <span class='ocr_line' id='line_1_21' title="bbox 79 1652 1471 1713; baseline 0.001 -18"><span class='ocrx_word' id='word_1_160' title='bbox 79 1653 234 1712; x_wconf 88' lang='lat' dir='ltr'>utique</span> <span class='ocrx_word' id='word_1_161' title='bbox 255 1653 357 1712; x_wconf 89' lang='lat' dir='ltr'>quia</span> <span class='ocrx_word' id='word_1_162' title='bbox 379 1662 608 1711; x_wconf 87' lang='lat' dir='ltr'>peccatum</span> <span class='ocrx_word' id='word_1_163' title='bbox 634 1662 714 1708; x_wconf 86' lang='lat' dir='ltr'>est,</span> <span class='ocrx_word' id='word_1_164' title='bbox 739 1654 814 1697; x_wconf 90' lang='lat' dir='ltr'>sed</span> <span class='ocrx_word' id='word_1_165' title='bbox 843 1653 942 1713; x_wconf 89' lang='lat' dir='ltr'>quia</span> <span class='ocrx_word' id='word_1_166' title='bbox 969 1663 1148 1713; x_wconf 88' lang='lat' dir='ltr'>peccato</span> <span class='ocrx_word' id='word_1_167' title='bbox 1170 1652 1280 1697; x_wconf 88' lang='lat' dir='ltr'>facta</span> <span class='ocrx_word' id='word_1_168' title='bbox 1303 1662 1387 1706; x_wconf 86' lang='lat' dir='ltr'>est,</span> <span class='ocrx_word' id='word_1_169' title='bbox 1410 1654 1471 1697; x_wconf 88' lang='lat' dir='ltr'>sic</span> 
     </span>
     <span class='ocr_line' id='line_1_22' title="bbox 78 1723 1471 1784; baseline 0 -17"><span class='ocrx_word' id='word_1_170' title='bbox 78 1732 259 1768; x_wconf 87' lang='lat' dir='ltr'>vocatur</span> <span class='ocrx_word' id='word_1_171' title='bbox 291 1743 299 1767; x_wconf 77' lang='grc' dir='ltr'>ε</span> <span class='ocrx_word' id='word_1_172' title='bbox 337 1724 452 1775; x_wconf 75' lang='lat' dir='ltr'>sicut,</span> <span class='ocrx_word' id='word_1_173' title='bbox 478 1725 700 1783; x_wconf 87' lang='lat' dir='ltr'>Scriptura</span> <span class='ocrx_word' id='word_1_174' title='bbox 733 1739 885 1768; x_wconf 85' lang='lat' dir='ltr'>manus</span> <span class='ocrx_word' id='word_1_175' title='bbox 908 1725 1119 1784; x_wconf 87' lang='lat' dir='ltr'>cujusque</span> <span class='ocrx_word' id='word_1_176' title='bbox 1148 1723 1323 1778; x_wconf 84' lang='lat' dir='ltr'>dicitur,</span> <span class='ocrx_word' id='word_1_177' title='bbox 1350 1724 1471 1784; x_wconf 88' lang='lat' dir='ltr'>quod</span> 
     </span>
     <span class='ocr_line' id='line_1_23' title="bbox 78 1793 1469 1854; baseline 0 -17"><span class='ocrx_word' id='word_1_178' title='bbox 78 1808 233 1838; x_wconf 88' lang='lat' dir='ltr'>manus</span> <span class='ocrx_word' id='word_1_179' title='bbox 255 1808 350 1837; x_wconf 87' lang='lat' dir='ltr'>eam</span> <span class='ocrx_word' id='word_1_180' title='bbox 381 1793 544 1838; x_wconf 86' lang='lat' dir='ltr'>fecerit.</span> <span class='ocrx_word' id='word_1_181' title='bbox 583 1798 760 1839; x_wconf 84' lang='lat' dir='ltr'>Peccata</span> <span class='ocrx_word' id='word_1_182' title='bbox 791 1803 936 1838; x_wconf 90' lang='lat' dir='ltr'>autem</span> <span class='ocrx_word' id='word_1_183' title='bbox 961 1804 1079 1849; x_wconf 81' lang='lat' dir='ltr'>sunt,</span> <span class='ocrx_word' id='word_1_184' title='bbox 1106 1810 1205 1854; x_wconf 82' lang='lat' dir='ltr'>quae</span> <span class='ocrx_word' id='word_1_185' title='bbox 1228 1794 1469 1838; x_wconf 88' lang='lat' dir='ltr'>secundum</span> 
     </span>
     <span class='ocr_line' id='line_1_24' title="bbox 78 1864 1470 1924; baseline -0.001 -15"><span class='ocrx_word' id='word_1_186' title='bbox 78 1868 218 1909; x_wconf 85' lang='lat' dir='ltr'>carnis</span> <span class='ocrx_word' id='word_1_187' title='bbox 244 1865 642 1924; x_wconf 84' lang='lat' dir='ltr'>concupiscentiam</span> <span class='ocrx_word' id='word_1_188' title='bbox 664 1864 733 1909; x_wconf 87' lang='lat' dir='ltr'>vel</span> <span class='ocrx_word' id='word_1_189' title='bbox 759 1865 1047 1923; x_wconf 86' lang='lat' dir='ltr'>ignorantiam</span> <span class='ocrx_word' id='word_1_190' title='bbox 1076 1864 1224 1909; x_wconf 88' lang='lat' dir='ltr'>illicite</span> <span class='ocrx_word' id='word_1_191' title='bbox 1248 1866 1376 1920; x_wconf 81' lang='lat' dir='ltr'>fiunt,</span> <span class='ocrx_word' id='word_1_192' title='bbox 1401 1864 1470 1908; x_wconf 90' lang='lat' dir='ltr'>di-</span> 
     </span>
     <span class='ocr_line' id='line_1_25' title="bbox 78 1936 1469 1996; baseline -0.001 -16"><span class='ocrx_word' id='word_1_193' title='bbox 78 1945 257 1991; x_wconf 84' lang='lat' dir='ltr'>cuntur,</span> <span class='ocrx_word' id='word_1_194' title='bbox 285 1937 534 1995; x_wconf 84' lang='lat' dir='ltr'>cogitantur</span> <span class='ocrx_word' id='word_1_195' title='bbox 555 1957 564 1981; x_wconf 77' lang='lat' dir='ltr'><em>z</em></span> <span class='ocrx_word' id='word_1_196' title='bbox 585 1952 685 1996; x_wconf 84' lang='lat' dir='ltr'>quae</span> <span class='ocrx_word' id='word_1_197' title='bbox 718 1945 929 1980; x_wconf 85' lang='lat' dir='ltr'>transacta</span> <span class='ocrx_word' id='word_1_198' title='bbox 966 1936 1096 1979; x_wconf 90' lang='lat' dir='ltr'>etiam</span> <span class='ocrx_word' id='word_1_199' title='bbox 1119 1950 1212 1979; x_wconf 89' lang='lat' dir='ltr'>reos</span> <span class='ocrx_word' id='word_1_200' title='bbox 1239 1945 1406 1989; x_wconf 88' lang='lat' dir='ltr'>tenent,</span> <span class='ocrx_word' id='word_1_201' title='bbox 1437 1936 1469 1978; x_wconf 91' lang='lat' dir='ltr'>si</span> 
     </span>
     <span class='ocr_line' id='line_1_26' title="bbox 78 2006 1469 2066; baseline -0.001 -15"><span class='ocrx_word' id='word_1_202' title='bbox 78 2022 167 2051; x_wconf 92' lang='lat' dir='ltr'>non</span> <span class='ocrx_word' id='word_1_203' title='bbox 185 2007 481 2052; x_wconf 84' lang='lat' dir='ltr'>remittantur.</span> <span class='ocrx_word' id='word_1_204' title='bbox 500 2009 557 2051; x_wconf 85' lang='lat' dir='ltr'>Et</span> <span class='ocrx_word' id='word_1_205' title='bbox 574 2008 653 2052; x_wconf 87' lang='lat' dir='ltr'>ista</span> <span class='ocrx_word' id='word_1_206' title='bbox 673 2008 763 2066; x_wconf 86' lang='lat' dir='ltr'>ipsa</span> <span class='ocrx_word' id='word_1_207' title='bbox 779 2008 919 2051; x_wconf 86' lang='lat' dir='ltr'>carnis</span> <span class='ocrx_word' id='word_1_208' title='bbox 932 2006 1284 2065; x_wconf 90' lang='lat' dir='ltr'>concupiscentia</span> <span class='ocrx_word' id='word_1_209' title='bbox 1303 2006 1346 2050; x_wconf 90' lang='lat' dir='ltr'>in</span> <span class='ocrx_word' id='word_1_210' title='bbox 1365 2007 1469 2064; x_wconf 88' lang='lat' dir='ltr'>bap·</span> 
     </span>
     <span class='ocr_line' id='line_1_27' title="bbox 78 2077 1468 2139; baseline -0.002 -16"><span class='ocrx_word' id='word_1_211' title='bbox 78 2079 206 2123; x_wconf 91' lang='lat' dir='ltr'>tismo</span> <span class='ocrx_word' id='word_1_212' title='bbox 225 2079 283 2124; x_wconf 90' lang='lat' dir='ltr'>sic</span> <span class='ocrx_word' id='word_1_213' title='bbox 307 2079 559 2134; x_wconf 87' lang='lat' dir='ltr'>dimittitur,</span> <span class='ocrx_word' id='word_1_214' title='bbox 586 2088 634 2123; x_wconf 88' lang='lat' dir='ltr'>ut</span> <span class='ocrx_word' id='word_1_215' title='bbox 661 2079 858 2139; x_wconf 87' lang='lat' dir='ltr'>quamvis</span> <span class='ocrx_word' id='word_1_216' title='bbox 882 2087 1018 2123; x_wconf 88' lang='lat' dir='ltr'>tracta</span> <span class='ocrx_word' id='word_1_217' title='bbox 1041 2078 1095 2122; x_wconf 87' lang='lat' dir='ltr'>sit</span> <span class='ocrx_word' id='word_1_218' title='bbox 1120 2093 1143 2122; x_wconf 90' lang='lat' dir='ltr'>a</span> <span class='ocrx_word' id='word_1_219' title='bbox 1167 2077 1468 2131; x_wconf 80' lang='lat' dir='ltr'>nascentibus,</span> 
     </span>
     <span class='ocr_line' id='line_1_28' title="bbox 77 2149 1472 2210; baseline -0.002 -16"><span class='ocrx_word' id='word_1_220' title='bbox 77 2150 189 2194; x_wconf 89' lang='lat' dir='ltr'>nihil</span> <span class='ocrx_word' id='word_1_221' title='bbox 211 2160 364 2195; x_wconf 89' lang='lat' dir='ltr'>noceat</span> <span class='ocrx_word' id='word_1_222' title='bbox 385 2151 724 2195; x_wconf 85' lang='lat' dir='ltr'>renascentibus.</span> <span class='ocrx_word' id='word_1_223' title='bbox 746 2153 810 2193; x_wconf 78' lang='lat' dir='ltr'>Ex</span> <span class='ocrx_word' id='word_1_224' title='bbox 828 2150 988 2210; x_wconf 87' lang='lat' dir='ltr'>quibus</span> <span class='ocrx_word' id='word_1_225' title='bbox 1007 2159 1170 2203; x_wconf 75' lang='lat' dir='ltr'>tamen,</span> <span class='ocrx_word' id='word_1_226' title='bbox 1191 2150 1224 2193; x_wconf 88' lang='lat' dir='ltr'>si</span> <span class='ocrx_word' id='word_1_227' title='bbox 1246 2149 1356 2193; x_wconf 86' lang='lat' dir='ltr'>filios</span> <span class='ocrx_word' id='word_1_228' title='bbox 1377 2163 1472 2193; x_wconf 89' lang='lat' dir='ltr'>car-</span> 
     </span>
     <span class='ocr_line' id='line_1_29' title="bbox 77 2220 1470 2280; baseline -0.003 -15"><span class='ocrx_word' id='word_1_229' title='bbox 77 2221 233 2265; x_wconf 82' lang='lat' dir='ltr'>naliter</span> <span class='ocrx_word' id='word_1_230' title='bbox 263 2222 471 2280; x_wconf 83' lang='lat' dir='ltr'>gignunt,</span> <span class='ocrx_word' id='word_1_231' title='bbox 508 2236 655 2265; x_wconf 90' lang='lat' dir='ltr'>rursus</span> <span class='ocrx_word' id='word_1_232' title='bbox 684 2222 892 2276; x_wconf 79' lang='lat' dir='ltr'>trahitur3</span> <span class='ocrx_word' id='word_1_233' title='bbox 920 2235 1156 2278; x_wconf 86' lang='lat' dir='ltr'>rursusque</span> <span class='ocrx_word' id='word_1_234' title='bbox 1178 2228 1242 2263; x_wconf 89' lang='lat' dir='ltr'>est</span> <span class='ocrx_word' id='word_1_235' title='bbox 1271 2220 1470 2263; x_wconf 87' lang='lat' dir='ltr'>nocitura</span> 
     </span>
     <span class='ocr_line' id='line_1_30' title="bbox 77 2289 1466 2346; baseline -0.003 -11"><span class='ocrx_word' id='word_1_236' title='bbox 77 2292 371 2346; x_wconf 80' lang='lat' dir='ltr'>nascentibus,</span> <span class='ocrx_word' id='word_1_237' title='bbox 398 2292 478 2335; x_wconf 89' lang='lat' dir='ltr'>nisi</span> <span class='ocrx_word' id='word_1_238' title='bbox 507 2293 656 2336; x_wconf 79' lang='lat' dir='ltr'>eadem</span> <span class='ocrx_word' id='word_1_239' title='bbox 683 2291 820 2335; x_wconf 87' lang='lat' dir='ltr'>forma</span> <span class='ocrx_word' id='word_1_240' title='bbox 849 2289 1176 2333; x_wconf 83' lang='lat' dir='ltr'>renascentibus</span> <span class='ocrx_word' id='word_1_241' title='bbox 1200 2289 1466 2344; x_wconf 86' lang='lat' dir='ltr'>remittatur,</span> 
     </span>
     <span class='ocr_line' id='line_1_31' title="bbox 80 2359 1471 2420; baseline -0.002 -14"><span class='ocrx_word' id='word_1_242' title='bbox 80 2371 123 2406; x_wconf 90' lang='lat' dir='ltr'>et</span> <span class='ocrx_word' id='word_1_243' title='bbox 150 2362 251 2405; x_wconf 87' lang='lat' dir='ltr'>insit</span> <span class='ocrx_word' id='word_1_244' title='bbox 272 2362 379 2406; x_wconf 85' lang='lat' dir='ltr'>niliil</span> <span class='ocrx_word' id='word_1_245' title='bbox 407 2362 613 2406; x_wconf 79' lang='lat' dir='ltr'>obfutura</span> <span class='ocrx_word' id='word_1_246' title='bbox 638 2364 738 2405; x_wconf 82' lang='lat' dir='ltr'>vitae</span> <span class='ocrx_word' id='word_1_247' title='bbox 767 2359 948 2415; x_wconf 84' lang='lat' dir='ltr'>futurae,</span> <span class='ocrx_word' id='word_1_248' title='bbox 984 2361 1191 2420; x_wconf 88' lang='lat' dir='ltr'>quoniam</span> <span class='ocrx_word' id='word_1_249' title='bbox 1217 2368 1358 2403; x_wconf 86' lang='lat' dir='ltr'>reatus</span> <span class='ocrx_word' id='word_1_250' title='bbox 1381 2361 1471 2419; x_wconf 89' lang='lat' dir='ltr'>ejus</span> 
     </span>
     <span class='ocr_line' id='line_1_32' title="bbox 82 2430 1472 2490; baseline -0.002 -15"><span class='ocrx_word' id='word_1_251' title='bbox 82 2432 359 2490; x_wconf 85' lang='lat' dir='ltr'>generatione</span> <span class='ocrx_word' id='word_1_252' title='bbox 384 2441 568 2487; x_wconf 88' lang='lat' dir='ltr'>tractus,</span> <span class='ocrx_word' id='word_1_253' title='bbox 602 2432 929 2490; x_wconf 85' lang='lat' dir='ltr'>regeneratione</span> <span class='ocrx_word' id='word_1_254' title='bbox 951 2430 1150 2475; x_wconf 89' lang='lat' dir='ltr'>dimissus</span> <span class='ocrx_word' id='word_1_255' title='bbox 1180 2439 1244 2474; x_wconf 90' lang='lat' dir='ltr'>est</span> <span class='ocrx_word' id='word_1_256' title='bbox 1270 2449 1278 2475; x_wconf 90' lang='grc'>;</span> <span class='ocrx_word' id='word_1_257' title='bbox 1303 2438 1346 2473; x_wconf 90' lang='lat' dir='ltr'>et</span> <span class='ocrx_word' id='word_1_258' title='bbox 1374 2430 1472 2473; x_wconf 90' lang='lat' dir='ltr'>ideo</span> 
     </span>
     <span class='ocr_line' id='line_1_33' title="bbox 78 2501 1471 2563; baseline -0.002 -17"><span class='ocrx_word' id='word_1_259' title='bbox 78 2504 167 2562; x_wconf 81' lang='lat' dir='ltr'>jam</span> <span class='ocrx_word' id='word_1_260' title='bbox 190 2518 280 2549; x_wconf 89' lang='lat' dir='ltr'>non</span> <span class='ocrx_word' id='word_1_261' title='bbox 294 2505 348 2548; x_wconf 88' lang='lat' dir='ltr'>sit</span> <span class='ocrx_word' id='word_1_262' title='bbox 370 2510 615 2563; x_wconf 85' lang='lat' dir='ltr'>peccatum,</span> <span class='ocrx_word' id='word_1_263' title='bbox 640 2504 713 2548; x_wconf 90' lang='lat' dir='ltr'>sed</span> <span class='ocrx_word' id='word_1_264' title='bbox 739 2504 821 2547; x_wconf 87' lang='lat' dir='ltr'>hoe</span> <span class='ocrx_word' id='word_1_265' title='bbox 836 2511 1031 2557; x_wconf 80' lang='lat' dir='ltr'>vocetur,</span> <span class='ocrx_word' id='word_1_266' title='bbox 1051 2501 1139 2546; x_wconf 92' lang='lat' dir='ltr'>sive</span> <span class='ocrx_word' id='word_1_267' title='bbox 1152 2501 1273 2561; x_wconf 88' lang='lat' dir='ltr'>quod</span> <span class='ocrx_word' id='word_1_268' title='bbox 1294 2509 1471 2560; x_wconf 88' lang='lat' dir='ltr'>peccato</span> 
     </span>
    </p>
   </div>
   <div class='ocr_carea' id='block_1_3' title="bbox 133 2590 436 2631">
    <p class='ocr_par' dir='ltr' id='par_1_5' title="bbox 133 2590 436 2631">
     <span class='ocr_line' id='line_1_34' title="bbox 133 2590 436 2631; baseline 0.007 -11"><span class='ocrx_word' id='word_1_269' title='bbox 133 2596 140 2612; x_wconf 87' lang='lat'>¹</span> <span class='ocrx_word' id='word_1_270' title='bbox 171 2591 265 2623; x_wconf 84' lang='lat' dir='ltr'>Rom.</span> <span class='ocrx_word' id='word_1_271' title='bbox 295 2601 362 2631; x_wconf 84' lang='lat' dir='ltr'>vui,</span> <span class='ocrx_word' id='word_1_272' title='bbox 385 2590 436 2631; x_wconf 59' lang='lat'>14.</span> 
     </span>
    </p>
   </div>
  </div>
 </body>
</html>
