1804 3205
379 211 432 238 ne
463 209 601 239 amm
636 213 688 240 ιτ
721 213 820 241 Esus
851 213 1046 250 onoma,
1083 214 1164 239 Lm.
1202 215 1260 240 iv.
1429 204 1512 243 3⁷5

128 277 254 323 nobis
276 294 286 322 2
309 275 434 336 quasi
456 275 527 320 alii
548 277 697 332 simus,
720 287 763 323 et
783 276 885 322 alibi
905 277 1054 333 simus,
1071 276 1250 337 qnando
1264 280 1517 338 quaerimus,

129 364 209 394 nec
231 348 475 393 invenimus
497 348 617 408 quod
641 349 685 394 in
706 349 911 394 memoria
932 357 1077 394 nostra
1100 349 1351 408 posuimus,
1376 365 1519 410 neque

128 435 207 464 nos
222 420 300 479 ipsi
313 418 368 464 ad
381 434 459 464 nos
474 419 587 479 ipsos
600 420 736 465 veluti
755 420 858 464 alibi
876 420 1034 480 positos
1047 420 1272 479 pervenire
1291 422 1516 478 possimus,

127 499 171 536 et
200 499 306 535 tunc
328 491 630 550 perveniamus
658 490 837 550 quando
866 491 1125 536 invenimus.
1152 490 1235 535 Ubi
1261 491 1375 535 enim
1400 508 1520 550 quae-

127 563 262 608 rimus
285 562 364 607 nisi
380 562 498 622 apud
513 578 590 607 nos
603 565 622 608 i>
635 572 678 607 et
700 562 807 623 quid
825 564 1061 623 quaerimus
1076 563 1157 607 nisi
1175 564 1278 608 nos?
1294 564 1415 623 quasi
1433 579 1521 608 non

126 633 259 678 simus
282 633 327 677 in
350 633 492 687 nobis,
517 642 560 678 et
586 633 732 694 aliquo
756 635 1055 678 recesserimus
1071 650 1095 678 a
1115 633 1254 678 nobis.
1281 636 1435 679 Nonne
1452 643 1520 679 at—

126 705 283 758 tendis,
315 713 358 749 et
376 704 640 749 exhorrescis
671 714 835 750 tantam
856 704 1198 765 profunditatem
1213 707 1231 747 ⁶?
1254 707 1309 749 Et
1330 705 1436 764 quid
1459 715 1522 749 est

125 775 209 820 hoc
231 773 351 819 aliud
374 791 506 835 quam
531 785 676 820 nostra
700 787 873 831 natura,
900 792 980 822 nec
1001 776 1141 836 qualis
1163 774 1263 830 fuit,
1288 775 1361 819 scd
1382 774 1522 835 qualis

124 861 244 890 nunc
261 850 350 892 est?
370 849 424 891 Et
444 862 544 891 ecee
562 848 696 906 magis
714 849 942 908 miseritur,
963 863 1094 908 quam
1114 846 1516 906 comprehenditur.

126 919 249 978 Saepe
272 918 377 962 mihi
402 919 667 977 propositam
691 921 977 980 quaestionem
1003 919 1153 979 putavi
1176 934 1246 962 me
1268 916 1520 962 intellectu-

123 1003 247 1042 rum,
278 989 312 1033 si
337 988 439 1032 inde
467 989 729 1047 cogitarem,
758 990 967 1048 cogitavi,
998 1005 1077 1033 nec
1109 988 1232 1047 potui
1259 1006 1269 1033 :
1295 1003 1408 1046 saepe
1431 1002 1519 1031 non

123 1060 290 1119 putavi,
311 1069 514 1104 ettamen
533 1062 671 1119 potui.
692 1062 812 1105 Vires
830 1061 977 1120 itaque
994 1059 1292 1117 intelligentiae
1307 1073 1415 1102 meae
1429 1074 1519 1103 non

121 1140 225 1174 sunt
247 1131 352 1174 mihi
374 1132 527 1190 utique
549 1132 755 1190 cognitae,
782 1140 825 1175 et
847 1130 979 1176 credo
1004 1131 1105 1190 quia
1130 1145 1208 1173 nec
1235 1129 1327 1173 tibi.

181 1203 260 1245 XI.
292 1200 377 1246 Sed
394 1217 462 1245 me
482 1202 724 1246 contemnis
746 1201 930 1246 forsitan
950 1201 1246 1254 confitentem,
1273 1207 1316 1242 et
1341 1206 1518 1257 propter

120 1272 204 1316 hoc
219 1287 398 1331 quoque
415 1272 642 1330 pecoribus
657 1272 946 1332 comparabis.
967 1274 1059 1330 Ego
1076 1280 1221 1315 autem
1242 1284 1434 1323 monere,
1447 1267 1516 1312 vel

120 1342 256 1387 sinon
270 1342 478 1400 dignaris,
490 1352 607 1387 certe
619 1343 855 1387 admonere
869 1358 959 1386 non
975 1341 1142 1396 desino,
1160 1350 1208 1384 ut
1225 1354 1430 1399 agnoscas
1443 1353 1513 1398 po-

121 1413 207 1458 tius
225 1428 502 1458 communem
522 1414 837 1469 infirmitatem,
859 1415 903 1459 in
921 1429 1008 1473 qua
1024 1413 1160 1457 virtus
1178 1411 1401 1471 perficitur
1426 1428 1436 1453 ι
1461 1424 1516 1454 ne

120 1498 200 1542 pro
213 1484 397 1542 cognitis
412 1484 633 1542 incognita
647 1484 970 1544 praesumendo,
986 1482 1040 1528 ad
1054 1483 1276 1526 veritatem
1290 1480 1515 1539 pervenire

120 1570 210 1600 non
234 1557 382 1614 possis.
411 1559 523 1600 Puto
544 1556 661 1600 enim
685 1571 776 1600 esse
796 1556 980 1616 aliquid,
1004 1553 1125 1614 quod
1145 1562 1187 1598 et
1206 1562 1256 1597 tu
1272 1551 1515 1610 intelligere

119 1627 295 1685 quaeris,
316 1641 396 1670 nec
410 1635 549 1686 potes,
568 1641 648 1671 nec
663 1635 812 1671 tamen
825 1640 1058 1686 quaereres,
1079 1623 1161 1670 nisi
1177 1633 1219 1668 te
1231 1637 1355 1682 posse
1368 1636 1516 1681 spera-

120 1711 203 1742 res,
220 1701 282 1742 Ac
302 1713 379 1757 per
400 1698 485 1743 hoc
504 1707 548 1742 et
561 1706 610 1742 tu
628 1698 740 1743 vires
757 1697 1056 1755 intelligentiae
1072 1704 1159 1740 tuac
1176 1694 1328 1747 nescis,
1345 1693 1419 1752 qui
1436 1707 1515 1736 na-

120 1778 231 1814 turae
242 1778 330 1813 tuae
342 1770 564 1813 scientiam
579 1769 809 1828 profiteris,
825 1784 906 1812 nec
919 1782 1090 1811 mecum
1105 1764 1392 1824 ignorantiam
1407 1778 1513 1808 con-

122 1839 269 1884 fiteris.
292 1838 408 1892 Quid
426 1839 569 1883 dicam
587 1838 642 1883 de
658 1839 900 1894 voluntate,
919 1837 996 1882 ubi
1013 1845 1129 1881 certe
1143 1836 1332 1880 liberum
1349 1849 1372 1878 a
1390 1833 1514 1878 nobis

121 1909 384 1968 praedicatur
397 1909 650 1953 arbitrium?
662 1911 827 1968 Nempe
841 1908 1113 1952 beatissimus
1127 1904 1347 1966 apostolus
1360 1907 1513 1948 Petrus

120 1980 378 2040 volebatpro
391 1981 577 2025 Domino
592 1981 780 2024 animam
794 1995 956 2040 ponere
968 1981 978 2005 ¹
995 1994 1004 2021 z
1022 1978 1149 2039 plane
1162 1977 1338 2022 volebat
1350 1995 1359 2021 :
1371 1990 1513 2035 neque

121 2051 239 2096 enim
250 2055 387 2095 Deum
397 2051 441 2095 id
452 2050 698 2110 pollicendo
706 2049 887 2095 fallebat
899 2070 908 2095 ;
919 2049 994 2095 sed
1003 2058 1186 2110 quantas
1195 2048 1304 2093 vires
1316 2046 1509 2100 haberet,

121 2121 324 2168 voluntas
341 2122 431 2180 ipsa
448 2122 681 2166 nesciebat.
700 2121 888 2165 Proinde
901 2121 964 2165 vir
980 2129 1127 2164 tantus
1141 2155 1151 2175 ‚
1169 2119 1244 2178 qui
1261 2121 1292 2162 F
1300 2117 1421 2161 ilium
1437 2115 1513 2160 Dei

121 2207 212 2236 esse
223 2201 503 2250 cognoverat,
519 2207 563 2236 se
579 2190 758 2236 latebat.
773 2192 940 2237 Scimus
952 2206 1030 2235 nos
1043 2191 1190 2249 itaque
1204 2186 1369 2248 aliquid
1382 2185 1510 2240 velle,

121 2277 199 2307 seu
211 2262 328 2308 nolle
341 2282 350 2308 :
363 2262 438 2307 sed
449 2262 650 2307 voluntas
664 2272 811 2307 nostra
825 2263 953 2306 etiam
967 2277 1067 2306 cum
1083 2263 1197 2305 bona
1209 2269 1288 2313 est,
1299 2266 1514 2318 quantum

125 2331 282 2391 valeat,
308 2341 493 2393 quantas
515 2333 627 2378 vires
651 2333 827 2388 habeat,
849 2333 1010 2392 quibus
1029 2330 1345 2375 tentationibus
1364 2326 1489 2372 cedat
1503 2361 1514 2382 ‚

125 2403 338 2463 quibusve
354 2419 444 2449 non
460 2402 603 2458 cedat,
623 2404 656 2448 si
673 2419 751 2448 nos
767 2418 858 2448 non
874 2402 1081 2457 fallimus,
1102 2401 1163 2446 fili
1180 2400 1353 2455 dilecte,
1374 2398 1516 2443 nesci-

127 2490 240 2519 mus.

177 2564 185 2580 ¹
206 2560 294 2590 Joan.
318 2568 389 2596 xm,
411 2559 464 2599 37.
