1804 3205
295 233 344 256 iii-2
377 233 542 261 neurus
578 237 626 260 εἰ·
658 240 1025 278 etmerrtsciffl'rm,
1064 245 1143 271 iliu.
1186 249 1229 272 ιι.
1372 244 1455 280 259

74 292 277 336 membris
299 295 424 339 etiam
454 300 666 344 meretrici
691 302 876 362 quisque
907 306 1126 363 miscetur,
1148 316 1355 359 naturalis
1392 329 1455 364 est

72 376 186 416 usus,
208 379 286 408 nec
302 374 445 409 tamen
459 366 704 426 laudabilis,
721 373 794 417 sed
807 375 1048 435 culpabilis.
1066 381 1135 424 Ab
1153 397 1200 426 ea
1220 399 1322 428 vero
1336 398 1455 444 parte

69 434 274 491 eorporis,
300 452 399 495 quae
422 454 509 483 non
533 441 586 484 ad
605 445 897 499 generandum
915 457 979 493 est
995 449 1208 508 instituta,
1229 456 1263 498 si
1281 466 1323 500 et
1345 473 1453 504 con-

62 502 166 560 juge
196 505 381 567 quisque
402 518 577 566 utatur,
605 522 754 559 eontra
780 526 979 564 naturam
1009 530 1072 567 est
1094 531 1137 567 et
1171 524 1449 584 flagitiosum.
1471 551 1474 557 ·

68 573 266 634 Denique
296 578 414 636 prius
451 580 561 625 idem
601 585 830 642 Apostolus
853 587 907 632 de
928 590 1118 637 foeminis
1149 594 1288 640 dixit¹
1318 616 1326 642 :
1353 614 1453 646 nam

65 641 259 689 foeminae
282 664 432 694 eorum
465 652 804 701 immutaverunt
835 661 1075 708 naturalem
1112 679 1238 710 usum
1270 667 1314 712 in
1349 684 1450 715 eum

65 729 190 760 usum
229 719 304 778 qui
339 730 400 765 est
421 732 570 768 contra
610 735 807 771 naturam
847 748 855 773 :
897 729 1055 777 deinde
1078 732 1134 778 de
1175 738 1375 783 masculis
1406 740 1451 785 in

66 786 276 833 masculos
301 793 611 850 turpitudinem
638 800 939 856 operantibus,
966 803 1115 849 relicto
1139 822 1218 850 usu
1242 807 1451 858 foemineo

63 858 263 902 naturali.
291 862 387 906 Non
411 878 511 921 ergo
535 865 613 910 isto
631 869 826 924 nomine,
852 871 896 915 id
915 883 998 928 est,
1022 890 1101 920 usu
1119 879 1330 934 naturali,
1348 897 1450 926 con-

57 926 214 986 jugalis
233 941 295 973 est
316 931 488 978 laudata
505 937 777 993 commixtio,
802 940 876 984 sed
896 942 1190 990 immundiora
1210 957 1254 992 et
1270 950 1449 996 scelera·
1510 993 1516 1006 ,
1553 967 1556 974 ’

62 997 169 1042 tiora
202 1000 363 1060 flagitia
400 1005 601 1050 denotata
624 1018 746 1060 sunt,
773 1026 904 1068 quam
932 1013 964 1057 si
992 1013 1140 1060 illicite
1162 1028 1205 1062 et
1227 1018 1445 1076 foeminis,
1491 1016 1495 1023 ⁸

60 1067 132 1111 sed
158 1078 301 1114 tamen
325 1074 578 1119 naturaliter
601 1085 843 1123 uterentur.

116 1140 320 1186 XXXVI.
351 1146 508 1189 Panem
534 1161 635 1191 vero
658 1156 699 1191 et
722 1150 871 1194 vinum
898 1151 954 1195 sic
977 1169 1066 1198 non
1090 1158 1447 1214 reprehendimus

58 1211 486 1268 propterluxuriosos
506 1225 547 1260 et
566 1217 772 1271 ebriostS,
799 1222 1023 1279 quomodo
1046 1239 1125 1269 nec
1148 1242 1302 1272 aurum
1318 1244 1447 1289 prop-

58 1287 122 1322 ter
152 1281 332 1340 cupidos
356 1293 398 1327 et
430 1290 605 1330 avaros!
637 1289 847 1340 Quocirca
875 1294 1227 1341 commixtionem
1267 1314 1444 1358 quoque

56 1349 279 1396 honestam
311 1356 547 1414 conjugum
574 1373 662 1401 non
692 1360 1049 1416 reprehendimus
1073 1376 1249 1424 propter
1271 1370 1443 1426 puden-

56 1420 158 1465 dam
180 1438 411 1484 eorporum
432 1425 674 1473 libidinem.
695 1430 771 1474 llla
795 1431 909 1475 enim
928 1444 1071 1491 posset
1090 1451 1181 1480 esse
1199 1437 1317 1483 nulla
1339 1456 1442 1498 prae-

53 1490 235 1537 cedente
261 1497 577 1554 perpetratione
610 1501 795 1557 peccati,
821 1502 875 1544 de
897 1518 982 1562 qua
1017 1520 1104 1549 non
1138 1508 1442 1556 erubescerent

51 1565 318 1622 conjugati3,
351 1567 443 1611 haee
467 1578 611 1613 autem
638 1581 785 1615 exorta
808 1582 870 1616 est
895 1584 990 1632 post
1023 1586 1250 1633 peceatum
1267 1614 1278 1633 ,
1304 1595 1437 1639 quam

50 1634 188 1677 coacti
220 1645 321 1680 sunt
350 1637 491 1682 velare
514 1639 701 1684 confusi.
738 1642 862 1686 Unde
901 1647 1104 1691 remansit
1127 1650 1436 1706 posterioribus
1468 1672 1470 1695 ι

48 1705 302 1763 conjugatis,
329 1710 524 1767 quamvis
548 1710 630 1755 hoc
655 1710 769 1756 malo
789 1713 899 1757 bene
915 1723 958 1758 et
973 1715 1090 1760 licite
1113 1720 1361 1775 utentibus,
1389 1722 1435 1766 in

47 1775 258 1833 ejusmodi
282 1793 413 1837 opere
436 1780 676 1825 humanum
702 1783 836 1826 vitare
863 1796 1169 1844 conspectum,
1206 1799 1338 1849 atque
1375 1792 1433 1836 ita

45 1845 241 1889 confiteri
265 1849 385 1906 quod
408 1847 664 1906 pudendum
688 1860 771 1905 est,
797 1868 897 1896 cum
926 1854 1082 1900 debeat
1104 1859 1322 1902 neminem
1346 1875 1431 1918 pu-

45 1913 147 1959 dere
175 1916 293 1975 quod
321 1918 481 1962 bonum
513 1929 590 1962 est.
627 1920 695 1965 Sic
723 1921 999 1968 insinuantur
1021 1926 1114 1971 haec
1137 1927 1248 1983 duo,
1273 1940 1316 1975 et
1346 1931 1430 1976 bo-

44 2001 148 2029 num
186 1987 417 2032 laudandae
443 1990 781 2049 conjunctionis,
817 1992 933 2036 unde
970 1995 1047 2039 filii
1081 2009 1359 2055 generentur,
1385 2011 1428 2047 et

44 2057 205 2100 malum
232 2059 448 2117 pudendae
469 2060 682 2114 libidinis,
708 2060 825 2105 unde
847 2063 922 2121 qui
942 2077 1219 2123 generantur,
1246 2085 1427 2128 regene-

41 2126 163 2170 randi
187 2138 289 2172 sunt
320 2144 375 2173 ne
403 2130 682 2174 damnentur.
711 2132 897 2176 Proinde
920 2134 1124 2192 pudenda
1147 2136 1328 2183 libidine
1349 2139 1427 2201 qui

40 2196 156 2242 licite
173 2200 447 2254 concumbit,
484 2200 597 2245 malo
627 2200 739 2245 bene
766 2203 929 2249 utitur:
971 2207 1046 2264 qui
1077 2217 1222 2252 autem
1246 2209 1422 2266 illicite,
1462 2221 1469 2228 “

41 2267 154 2312 malo
179 2269 289 2313 male
303 2271 453 2314 utitur.
482 2271 657 2315 Rectius
680 2271 790 2328 enim
811 2274 967 2333 accipit
989 2292 1148 2321 nomen
1172 2278 1273 2322 mali
1290 2296 1424 2339 quam
1470 2330 1479 2337 „.

39 2335 161 2391 boni,
182 2338 299 2382 unde
321 2340 583 2384 erubescunt
605 2350 649 2384 et
673 2340 772 2384 mali
797 2351 839 2385 et
860 2343 963 2388 boni
986 2364 995 2388 2
1017 2346 1258 2407 meliusque
1279 2350 1422 2396 credi-
1448 2346 1471 2368 '¹‘

38 2422 134 2452 mus
150 2409 188 2452 ei
207 2410 282 2469 qui
300 2410 431 2455 dicit:
449 2429 468 2452 «
483 2411 579 2456 Scio
601 2411 703 2470 quia
724 2427 812 2455 non
831 2412 1056 2460 habitatin
1074 2419 1157 2472 me,
1180 2419 1262 2465 hoc
1274 2429 1354 2475 est,
1374 2420 1422 2466 in

46 2530 50 2538 ,
85 2516 91 2531 ¹
116 2511 209 2543 Rom.
231 2523 252 2549 ι,
272 2520 326 2553 27.
345 2529 385 2536 —-
404 2520 414 2534 ²
436 2512 511 2546 vide
529 2512 584 2544 lib.
616 2523 653 2544 111
683 2510 782 2554 Opes.
803 2513 928 2556 imperf.
947 2526 1019 2559 cap.
1049 2517 1124 2560 14⁴1,
1153 2518 1215 2562 169
1234 2524 1267 2552 et
1289 2531 1361 2562 170.
1378 2538 1419 2545 -

37 2580 77 2588 —
92 2562 105 2588 ³
121 2567 199 2598 Gen.
221 2577 266 2605 ιιι,
284 2577 314 2608 7.
1309 2578 1320 2587 ’

1167 2630 1228 2667 17.
