1804 3205
374 192 453 217 ιιιι.
492 194 538 219 ιι.
578 194 629 220 nr.
664 195 842 223 recurro
875 199 1111 226 onmium.
1362 196 1441 232 185

59 268 286 312 peccemus
316 275 323 299 :
351 256 403 300 ad
429 274 559 316 qnam
597 261 762 304 beatam
798 263 1106 321 perfectionem
1133 268 1260 326 liujus
1282 305 1291 321 ,
1321 272 1441 329 quod

61 339 174 367 nnnc
207 325 335 369 datur
356 363 365 379 ,
391 330 527 372 saneti
554 330 709 375 lavacri
745 336 876 391 gratia
911 337 1172 393 pervenitur.
1199 341 1291 391 Qua
1328 342 1440 385 enim

59 396 381 451 regeneratione
401 399 576 457 spiritus
603 403 734 446 modo
770 405 815 448 lit
851 415 895 449 nt
923 416 1094 464 peecata
1118 409 1261 453 omnia
1286 421 1442 469 priete-

57 464 133 508 rita
158 466 448 521 remittantur,
475 471 565 529 ejus
591 473 743 516 merito
767 475 837 518 liet
861 476 988 520 etiam
1015 481 1281 536 regeneratio
1303 483 1440 526 earnis

56 534 97 576 in
119 544 322 580 aeternam
345 539 504 594 vitam,
523 557 608 600 qua
634 543 675 586 in
700 544 788 602 ipsa
813 560 941 588 earne
967 548 1353 608 incorruptibiliter
1381 569 1440 596 re-

53 616 256 662 surgente
281 619 558 666 peccatorum
578 614 773 658 omnium
799 615 1075 663 incitamenta
1105 631 1327 665 sanentur.
1357 624 1440 668 Sed

51 689 99 718 ea
123 676 236 719 salus
258 677 401 723 adhue
424 680 467 723 in
496 697 570 740 spe
590 682 701 727 faeta
725 694 803 738 est,
832 701 918 730 non
945 697 1116 733 tenetur
1139 691 1182 733 in
1208 708 1275 750 re3
1300 709 1441 752 neque

51 746 292 804 possidetur
312 765 387 808 per
402 755 691 810 praesentiam,
713 756 786 800 sed
804 768 1058 816 expectatur
1073 777 1146 820 per
1169 764 1435 821 patientiam.

50 820 110 859 Ae
139 833 212 876 per
236 819 319 863 hoe
343 836 430 865 non
459 823 597 867 solum
635 837 806 885 peecata
832 832 974 874 onmia
1007 848 1193 891 quornm
1218 851 1335 879 nunc
1371 852 1437 879 re·

51 887 192 932 missio
213 891 258 933 lit
282 891 325 934 in
352 893 580 952 baptismo,
606 912 706 956 quae
735 915 827 942 reos
859 900 1024 946 l'aeiunt
1046 938 1056 956 ‚
1084 904 1189 947 dum
1215 905 1436 949 desideriis

50 958 210 1002 vitiosis
249 965 520 1007 consentitur
555 977 686 1026 atque
725 980 928 1027 peccatur
967 993 978 1027 3
1023 975 1308 1018 verumetiam
1349 977 1437 1035 ipsa

46 1027 253 1074 desideria
279 1033 443 1089 vitiosa,
461 1036 621 1094 quibus
642 1039 779 1083 sinon
798 1043 1084 1097 consentitur,
1104 1043 1250 1089 nullus
1273 1048 1436 1105 peccati

46 1110 186 1144 reatus
210 1106 498 1161 contrahitur,
525 1124 624 1166 quae
644 1125 732 1153 nou
755 1111 798 1154 in
819 1111 909 1166 ista,
937 1113 1011 1156 sed
1036 1114 1077 1157 in
1103 1114 1182 1158 alia
1207 1116 1291 1159 vita
1318 1117 1434 1161 nulla

44 1181 171 1215 erunt
190 1209 200 1227 ,
227 1174 378 1219 eodem
406 1177 574 1223 lavaero
599 1180 866 1239 baptismatis
889 1185 1087 1229 universa
1114 1197 1371 1245 purgantur.

101 1245 234 1287 XLV.
266 1248 425 1291 Reatus
443 1249 588 1308 itaque
612 1253 702 1295 vitii
735 1255 826 1311 ejus
849 1254 904 1298 de
926 1272 1014 1314 quo
1039 1256 1275 1316 loquimur,
1301 1260 1343 1302 iu
1366 1275 1433 1302 re-

44 1324 347 1369 generatorum
375 1318 495 1375 prole
517 1321 679 1364 carnali
715 1323 864 1367 tandiu
891 1326 1099 1379 manebit,
1125 1326 1264 1371 donec
1283 1339 1324 1372 et
1349 1330 1434 1374 illie

44 1381 214 1426 lavaero
234 1390 570 1444 regenerationis
595 1390 815 1436 abluatur.
841 1397 1135 1452 Regeneratus
1158 1399 1321 1457 quippe
1346 1416 1432 1444 non

45 1465 267 1511 regenerat
306 1457 414 1501 filios
457 1461 621 1515 earnis,
660 1463 733 1506 sed
761 1475 960 1522 generat3
1000 1483 1047 1511 ae
1081 1484 1156 1527 per
1185 1470 1264 1513 lioc
1294 1471 1337 1514 in
1361 1488 1432 1516 cos

43 1539 128 1567 non
163 1528 282 1584 quod
311 1540 612 1586 regeneratus,
645 1533 718 1576 sed
747 1536 867 1593 quod
892 1548 1121 1594 generatus
1144 1551 1228 1593 est,
1257 1543 1426 1601 trajicit.

42 1596 111 1639 Sic
134 1596 291 1654 igitur,
318 1599 404 1642 sive
434 1616 530 1644 reus
561 1602 762 1658 infidelis,
789 1606 876 1649 sive
900 1608 1125 1653 absolutus
1149 1611 1287 1655 fidelis
1304 1648 1313 1666 ‚
1340 1629 1428 1656 non

39 1677 215 1723 generat
235 1668 458 1715 absolutos
477 1682 678 1733 uterque,
705 1675 779 1719 sed
804 1693 896 1721 reos
916 1698 923 1722 :
944 1681 1166 1738 quomodo
1183 1698 1270 1726 non
1288 1683 1427 1727 solum

42 1734 211 1780 oleastri
237 1773 247 1792 ‚
275 1740 347 1782 sed
371 1742 498 1785 etiam
524 1743 631 1786 oleae
655 1747 815 1789 semina
841 1763 928 1791 non
952 1748 1067 1793 oleas
1090 1764 1324 1809 generant,
1353 1754 1426 1798 sed

40 1805 258 1852 oleastros.
289 1811 356 1854 Sic
379 1812 524 1871 itaque
547 1814 590 1856 in
614 1814 892 1861 damnatione
912 1820 1128 1863 hominem
1156 1823 1292 1879 prima
1317 1825 1429 1867 nati-

36 1878 143 1921 vitas
180 1889 328 1933 tenet,
367 1884 483 1926 unde
509 1885 587 1926 nisi
614 1888 802 1930 secunda
838 1903 924 1931 non
956 1889 1128 1934 liberat.
1163 1895 1296 1936 Tenet
1327 1909 1427 1951 ergo

37 1946 264 2003 diabolus,
293 1951 445 1996 liberat
475 1955 666 1999 Christus
693 1976 699 2000 :
736 1966 850 2001 tenet
873 1959 1080 2018 deceptor
1108 1965 1210 2006 Evae
1233 1998 1242 2016 ‚
1273 1963 1427 2009 liberat

38 2017 148 2062 [ilius
171 2021 317 2064 Mariae
346 2042 353 2066 :
395 2032 510 2067 tenet
544 2027 619 2085 qui
653 2042 727 2085 per
765 2031 994 2088 conjugem
1025 2033 1143 2075 venit
1169 2033 1222 2076 ad
1248 2035 1388 2079 virum
1412 2072 1422 2089 ,

35 2089 188 2132 liberat
211 2092 284 2150 qui
308 2091 362 2135 de
379 2097 563 2152 conjuge
586 2106 713 2140 natus
735 2109 813 2150 est,
830 2116 929 2159 quae
953 2117 1039 2145 non
1066 2104 1242 2161 pertulit
1258 2106 1421 2151 virum:

40 2168 155 2202 tenet
178 2161 251 2219 qui
270 2177 440 2206 eausam
460 2164 652 2209 libidinis
671 2167 817 2212 intulit
836 2170 1044 2226 soeminae‚
1067 2173 1222 2218 liberat
1239 2177 1315 2235 qui
1334 2177 1426 2221 sine

32 2228 214 2273 libidine
236 2241 297 2275 est
321 2244 557 2294 conceptus
580 2237 623 2279 in
655 2237 849 2283 foemina.
877 2242 1038 2286 Omnes
1060 2243 1133 2287 ille
1157 2261 1328 2303 prorsus
1349 2263 1424 2306 per

34 2314 169 2342 unum
190 2310 336 2345 tenere
363 2305 531 2362 potuit,
558 2322 638 2351 nec
661 2308 716 2351 ab
739 2310 829 2367 ejus
852 2310 1149 2358 dominatione
1170 2316 1326 2361 liberat
1343 2318 1422 2361 nisi

33 2384 166 2422 unus,
188 2386 318 2430 quem
341 2382 486 2417 tenere
505 2391 593 2419 non
617 2379 773 2435 potuit.
807 2381 1002 2440 Denique
1025 2384 1114 2441 ipsa
1139 2385 1328 2430 Ecclesia
1352 2403 1421 2431 sa-

32 2448 268 2493 cramenta,
295 2458 392 2501 quae
417 2453 500 2487 tam
526 2446 677 2504 priseae
703 2447 946 2494 traditionis
979 2455 1236 2499 auctoritate
1259 2472 1420 2500 conce-

32 2506 249 2556 leb1·at.nt
272 2526 318 2556 ea
335 2513 416 2568 isti,
436 2517 631 2573 quamvis
653 2519 693 2562 in
719 2520 907 2578 parvulis
931 2523 1171 2570 existiment
1197 2527 1420 2572 simulato-
