1804 3205
331 228 382 254 nr:
416 224 704 254 eenrecrtonr.
736 223 934 250 srs'rtrrae
969 222 1163 248 HOMINts.
1390 211 1445 248 25

61 281 200 337 ficere.
238 294 344 336 Nam
386 292 428 334 111
467 290 669 349 eoquod
704 303 791 332 non
825 287 1059 339 consentit,
1102 286 1268 330 bonnm
1308 286 1444 343 saeit3

58 372 100 408 et
129 364 172 406 in
211 378 262 407 eo
300 362 419 422 quod
458 361 550 405 odit
583 359 975 418 concupiscentiam
1009 372 1153 412 suam,
1196 358 1359 401 bonum
1387 357 1448 400 sa-

58 435 138 490 cit3
154 443 197 478 et
218 434 262 477 in
286 449 337 478 eo
359 431 477 493 quod
501 432 793 488 eleemosynas
815 429 952 472 facere
978 444 1064 472 non
1091 437 1248 482 cessat,
1287 428 1447 471 bonum

59 504 182 559 facit3
216 513 257 548 et
285 504 326 547 in
358 519 408 547 eo
438 503 557 562 quod
587 501 646 545 1111
675 501 814 560 quiin
847 514 947 543 eum
973 507 1121 558 peccat
1144 499 1346 556 ignoscit,
1377 499 1451 541 bo·

59 590 163 619 num
200 573 324 630 facit3
354 583 396 617 et
432 575 475 616 in
505 572 697 633 eoquod
734 571 840 630 petit
870 570 950 613 sibi
985 569 1145 613 dimitti
1174 569 1319 612 debita
1347 584 1446 622 sua,

57 655 100 690 et
131 646 340 690 veracitet·
373 645 475 688 dicit
507 643 627 703 quod
655 642 836 686 dimittit
877 641 1004 685 ctiam
1048 641 1137 700 ipse
1177 639 1449 684 debitoribus

57 718 163 771 suis,
195 726 237 761 et
259 725 352 761 orat
385 725 433 760 ut
471 730 525 758 ne
555 713 766 758 inferatur
802 714 846 757 in
874 712 1188 766 tentationem,
1227 711 1301 755 sed
1339 711 1447 754 libe-

58 797 178 832 retur
206 804 229 832 a
260 788 396 841 malo,
431 787 594 831 bonum
627 784 756 835 facit3
789 785 827 828 ei
866 793 1011 827 tamen
1045 783 1250 842 perficere
1282 782 1450 826 bonum

57 874 145 903 non
170 858 354 918 adjacet,
380 857 500 917 qnod
529 866 632 900 tunc
651 857 756 910 erit,
792 856 971 914 quando
1003 854 1075 898 itta
1099 853 1452 911 concupiscentia

56 945 156 990 quae
175 929 341 973 habitat
359 928 400 971 in
420 927 625 970 membris
643 927 756 985 ejus,
773 924 891 968 nutta
908 925 1001 967 erit.
1026 926 1122 968 Non
1144 938 1248 982 ergo
1266 938 1365 966 eum
1389 938 1452 966 re-

57 997 288 1060 prehendit
317 1013 391 1042 cor
418 998 509 1057 ejus
526 1031 536 1050 ,
562 995 741 1057 quando
772 993 1052 1054 reprehendit
1075 1002 1302 1053 peceatum
1326 993 1449 1052 quod

56 1070 224 1114 habitat
247 1070 291 1112 in
314 1068 516 1112 membris
534 1069 626 1127 ejus
642 1102 651 1119 ,
673 1076 715 1110 et
737 1081 824 1110 non
847 1066 979 1108 habet
997 1080 1127 1124 quam
1152 1064 1449 1123 reprehendat

59 1139 358 1183 infidelitatem
379 1141 485 1198 ejus.
514 1141 575 1182 Ita
598 1139 735 1181 necin
756 1138 841 1181 vita
865 1152 958 1189 sua,
986 1137 1027 1180 id
1045 1145 1123 1191 est,
1150 1137 1193 1179 in
1213 1135 1299 1179 fide
1317 1150 1408 1189 sua,
1430 1150 1451 1178 a

58 1211 188 1256 corde
209 1226 286 1254 5110
303 1209 650 1269 reprehenditur,
672 1218 714 1252 et
732 1208 823 1252 sine
847 1218 1024 1267 peccato
1049 1223 1136 1251 non
1156 1222 1245 1250 esse
1265 1207 1448 1250 convin-

60 1281 187 1326 citur.
215 1280 339 1334 Quod
355 1290 398 1323 et
419 1281 508 1338 ipse
533 1280 615 1322 Job
636 1278 690 1322 de
708 1294 751 1321 se
771 1280 1021 1331 confitetur,
1040 1278 1117 1320 ubi
1134 1278 1238 1321 dicit
1259 1296 1266 1321 :
1293 1296 1312 1318 «
1337 1275 1453 1320 Nihil

63 1372 84 1394 n
111 1363 152 1397 te
186 1353 311 1396 latuit
353 1364 630 1411 peccatorum
671 1365 883 1393 meorum.
928 1368 945 1390 »
987 1349 1172 1407 Signasti
1205 1349 1453 1407 iniqnitatcs

66 1443 82 1465 α
104 1438 218 1466 meas
244 1424 286 1466 in
308 1423 501 1474 sacculo,
525 1431 566 1465 et
588 1422 800 1464 annotasti
817 1420 849 1463 si
868 1419 973 1479 qnid
992 1420 1150 1462 invitus
1168 1428 1455 1476 transgressus

65 1513 85 1535 »
109 1509 201 1537 sum
222 1495 250 1536 ¹.
288 1511 308 1532 »
341 1491 601 1535 Testimonia
637 1506 738 1548 ergo
770 1506 868 1549 qum
890 1490 1033 1549 posuit
1064 1489 1118 1532 de
1149 1489 1291 1532 verbis
1319 1488 1456 1532 sancti

63 1566 164 1619 Job,
190 1579 268 1608 nos
285 1563 396 1607 sicut
419 1563 660 1622 potuimus,
689 1562 1060 1620 quemadmodum
1094 1561 1179 1603 sint
1202 1558 1454 1617 accipienda

61 1635 396 1679 monstravimus
422 1653 429 1678 :
457 1648 536 1677 nec
561 1642 703 1676 tamen
730 1631 803 1676 ille
823 1630 973 1685 solvit,
999 1630 1120 1690 quod
1142 1629 1343 1674 eumdem
1369 1629 1453 1673 Job

65 1707 218 1751 dixisse
247 1705 474 1766 proposuit
508 1723 516 1749 ι
553 1722 571 1745 «
604 1704 708 1756 Quis
744 1704 859 1747 enim
898 1703 1089 1746 mundus
1123 1710 1220 1745 esta
1247 1701 1455 1760 peccato?

67 1797 87 1819 η
114 1780 203 1822 Nec
226 1777 368 1821 infans
385 1778 452 1835 cuj
462 1792 508 1820 ns
529 1783 592 1818 est
610 1773 693 1818 diei
713 1773 841 1818 unius
862 1774 949 1817 vita
971 1788 1098 1831 super
1118 1782 1273 1816 terram
1285 1775 1316 1814 ²².
1342 1789 1362 1811 »

123 1849 288 1892 xxix,
316 1866 330 1885 a
355 1850 517 1890 Iterum
538 1859 778 1904 proponere
796 1843 951 1896 solent,
974 1843 1134 1902 inquit,
1155 1842 1305 1885 Omnis
1324 1842 1455 1885 homo

64 1919 262 1962 mendax.
287 1936 306 1958 »
335 1920 486 1976 Neque
515 1917 597 1959 hoc
625 1923 773 1958 contra
796 1928 839 1956 se
861 1914 1000 1972 ipsum
1025 1929 1046 1955 a
1070 1928 1114 1956 se
1137 1913 1229 1971 ipso
1252 1911 1453 1970 proposi-

63 1998 158 2033 tum
180 1988 305 2032 solvit
333 2008 339 2031 :
367 1986 440 2030 sed
455 1984 838 2030 commemorando
861 1983 939 2025 alia
958 1981 1078 2026 velut
1099 1982 1310 2026 contraria
1334 1981 1455 2025 vtesti-

62 2061 225 2114 monia,
252 2058 368 2118 apud
384 2073 455 2102 eos
478 2058 553 2117 qui
572 2071 661 2100 non
678 2053 934 2112 intelligunt
956 2063 1146 2098 sanctam
1169 2053 1451 2111 Scripturam,

63 2130 210 2175 divina
233 2128 403 2188 eloquia
424 2129 466 2171 in
495 2127 571 2171 lite
586 2125 760 2170 dimisit.
784 2125 855 2168 Ait
873 2125 987 2168 enim
1010 2144 1017 2169 :
1043 2143 1061 2165 α
1081 2124 1251 2177 Quibus
1274 2138 1455 2182 respon-

65 2199 259 2245 dendum
294 2209 382 2253 est,
419 2197 539 2258 quod
571 2197 615 2240 in
654 2199 946 2240 Numerorum
978 2195 1093 2238 libro
1130 2195 1339 2252 scriptum
1363 2202 1452 2237 est:

71 2290 90 2312 «
116 2273 258 2315 Homo
279 2285 407 2314 verax
422 2271 452 2312 ³.
475 2287 493 2309 »
517 2270 570 2312 Et
590 2267 644 2311 de
665 2275 813 2310 sancto
831 2266 916 2309 Job
934 2265 1091 2323 legitur
1113 2266 1171 2309 ita
1193 2284 1201 2309 :
1225 2284 1244 2305 «
1266 2267 1370 2308 Erat
1393 2265 1456 2307 vir

68 2358 88 2381 n
114 2341 315 2384 habitans
337 2341 381 2383 in
404 2338 578 2396 regione
602 2335 833 2390 Ausitidae,
855 2336 1031 2380 nomine
1054 2336 1156 2389 Job,
1182 2349 1310 2379 verax
1328 2368 1338 2388 ,
1364 2334 1455 2378 sine

69 2428 91 2451 »
117 2410 316 2464 crimine,
347 2411 510 2469 justus,
540 2408 612 2451 Dei
649 2405 806 2462 cultor,
842 2406 1060 2449 abstinens
1093 2420 1137 2449 se
1167 2405 1222 2448 ab
1253 2405 1373 2448 omni
1406 2419 1453 2447 re

117 2507 126 2522 ¹
146 2500 220 2542 Job,
252 2511 326 2540 xiv,
354 2500 402 2532 16.
421 2506 489 2524 ——2
522 2499 568 2531 td.
599 2508 666 2537 xiv,
696 2496 730 2538 4,
758 2497 852 2537 juxta
887 2494 1070 2528 Lxx—3
1106 2497 1198 2528 Num.
1233 2505 1330 2533 xxiv,
1365 2494 1457 2533 juxta

70 2558 164 2588 Lxx.
