1784 3205
335 231 419 271 348
772 241 804 269 s.
842 241 1071 269 Aucus‘nm
1103 242 1284 270 EPlscol’l

335 325 434 355 vere
450 312 480 353 ².
508 309 627 354 Sicut
657 318 800 353 autem
824 309 945 353 cibus
971 317 1013 352 et
1035 317 1163 366 potus
1185 324 1273 353 non
1295 311 1434 353 solum
1463 306 1712 367 ingerendi,

334 395 487 427 verum
509 382 636 425 etiarn
659 396 736 440 per
758 388 924 423 meatus
947 378 1001 422 ad
1026 380 1109 423 hoc
1127 379 1345 423 institutos
1362 378 1565 437 egerendi
1587 387 1686 423 sunt
1702 412 1713 432 ‚

335 468 390 496 ne
407 461 594 511 utroque
612 451 799 504 laedant,
823 449 892 494 vel
914 465 1003 494 non
1025 449 1250 503 intrando,
1275 449 1345 494 vel
1368 464 1456 493 non
1480 449 1678 492 exeundo
1704 466 1714 493 z

336 523 394 567 ita
416 524 500 567 hoc
523 523 699 566 tertium
720 521 864 564 flabile
895 520 1172 576 alimentum,
1197 521 1299 580 quia
1321 520 1365 562 in
1396 518 1520 563 nobis
1546 533 1718 563 manere

337 609 426 638 non
440 594 607 647 sinitur,
631 608 710 637 nec
723 592 994 636 immorando
1008 592 1317 651 corrumpitur,
1332 589 1406 634 sed
1419 589 1605 648 egeritur
1622 604 1719 633 mox

312 697 315 700 -
339 674 388 708 ut
409 665 645 723 ingeritur,
678 679 766 708 non
788 663 914 719 alios,
945 663 1019 707 sed
1048 662 1220 708 eosdem
1252 671 1419 706 meatus
1435 697 1446 716 ,
1471 660 1516 705 id
1536 671 1621 715 est,
1647 676 1716 715 os,

340 744 415 779 aut
446 750 597 791 nares,
623 744 698 779 aut
717 743 973 794 utrumque,
1000 743 1042 778 et
1071 750 1158 794 qua
1179 734 1358 777 intraret
1376 767 1386 787 ,
1417 742 1460 777 et
1482 747 1567 791 qua
1589 732 1721 775 exiret

343 806 524 864 accepit.

398 878 451 919 V.
479 878 529 919 In
548 875 695 934 teipso
713 875 793 919 tibi
811 876 948 934 proba
965 875 1055 935 ipse
1072 875 1193 936 quod
1211 875 1309 919 dico
1332 893 1339 918 :
1362 873 1510 917 emitte
1525 871 1720 932 spiritum

342 946 486 991 flando
507 983 517 1002 ,
551 957 592 991 et
620 947 718 991 vide
744 956 892 991 utrum
922 947 1073 1001 dures,
1106 949 1138 990 si
1176 962 1264 990 non
1298 944 1509 1005 receperis
1534 963 1543 989 z
1582 943 1723 1002 recipe

342 1018 617 1076 respirandO,
644 1027 685 1062 et
706 1018 803 1061 vide
823 1033 929 1077 (luas
952 1018 1123 1076 patiaris
1145 1016 1384 1076 angustias,
1412 1016 1443 1058 si
1466 1030 1555 1058 non
1578 1027 1724 1057 rursus

341 1090 542 1131 emiseris.
570 1091 663 1132 Hoc
684 1088 815 1146 igitur
837 1088 1019 1132 facimus
1035 1122 1046 1143 ,
1068 1089 1247 1147 quando
1269 1097 1409 1131 utrem
1430 1121 1440 1141 ,
1462 1086 1573 1130 sicut
1593 1084 1721 1137 dicis,

342 1159 544 1201 inflamus
562 1193 572 1211 ‚
611 1158 730 1217 quod
766 1158 947 1202 facimus
979 1168 1029 1202 ut
1064 1159 1259 1202 vivamus
1302 1178 1309 1201 ε
1350 1158 1429 1201 nisi
1465 1155 1580 1216 quod
1622 1165 1726 1199 tunc

342 1228 472 1288 paulo
495 1229 592 1287 plus
628 1229 847 1283 ducimus,
876 1238 924 1272 ut
946 1229 1077 1287 paulo
1105 1229 1202 1288 plus
1225 1230 1473 1271 emittamus
1491 1263 1501 1280 ‚
1527 1237 1577 1271 ut
1602 1227 1727 1286 spiri-

342 1308 436 1343 tum
470 1298 687 1353 flabilem,
720 1298 763 1341 id
795 1308 882 1352 est,
917 1308 1096 1343 ventum
1130 1299 1174 1341 in
1202 1308 1342 1341 utrem
1379 1296 1651 1355 implendum
1685 1306 1727 1340 et

342 1368 666 1414 extendendum
685 1385 773 1414 non
795 1371 941 1429 quiete
960 1370 1148 1429 spirandi
1165 1378 1206 1413 et
1220 1368 1474 1427 respirandi,
1495 1367 1570 1411 sed
1593 1368 1727 1411 anhe-

342 1440 459 1484 landi
482 1440 646 1498 impetu
666 1449 950 1484 coarctemus.
974 1439 1205 1493 Quomodo
1228 1455 1330 1498 ergo
1352 1439 1456 1482 dicis
1473 1474 1483 1493 ,
1510 1457 1528 1480 t<
1546 1437 1725 1483 Nullum

344 1512 530 1569 patimur
549 1511 876 1565 detrimentum,
895 1526 995 1554 cum
1011 1526 1062 1554 ex
1080 1511 1203 1554 nobis
1223 1510 1275 1554 ad
1294 1509 1458 1570 aliquid
1476 1508 1728 1553 transmitti-

343 1595 438 1623 mus
456 1581 624 1634 flatum,
642 1589 684 1624 et
699 1589 901 1625 manente
917 1580 961 1624 in
978 1581 1101 1624 nobis
1120 1580 1246 1640 plena
1265 1581 1391 1624 flatus
1405 1580 1569 1639 proprii
1586 1579 1728 1640 quali-

344 1661 430 1695 tate
445 1660 484 1694 et
500 1652 663 1708 integra
678 1652 919 1711 quantitate
930 1687 940 1705 ,
955 1651 1123 1695 nullum
1138 1667 1214 1695 nos
1230 1652 1505 1694 meminimus
1520 1650 1728 1694 damnum

342 1737 391 1765 ex
411 1722 516 1765 utris
538 1722 763 1766 inflatione
784 1722 966 1765 sentire?
984 1740 1003 1762 »
1028 1725 1215 1780 Apparet
1234 1732 1276 1764 te
1291 1757 1300 1775 ,
1322 1721 1408 1775 fili,
1433 1722 1466 1764 si
1490 1719 1727 1780 aliquando

344 1802 485 1835 utrem
509 1792 691 1845 inflasti,
714 1807 801 1835 non
817 1791 1050 1835 advertisse
1066 1791 1173 1851 quid
1196 1791 1346 1849 egeris.
1373 1790 1501 1843 Quod
1522 1791 1637 1834 enim
1659 1791 1728 1833 in-

344 1862 490 1906 flando
524 1863 709 1917 amittis,
738 1863 882 1906 statim
912 1863 1161 1921 recipiendo
1195 1877 1284 1906 non
1313 1862 1457 1905 sentis.
1496 1860 1579 1905 Sed
1608 1870 1730 1920 potes

343 1934 426 1977 hoc
451 1932 653 1977 facillime
671 1933 856 1986 discere,
878 1934 910 1977 si
928 1934 1010 1977 hoc
1028 1933 1171 1992 potius
1186 1932 1290 1976 velis
1305 1967 1315 1987 ‚
1338 1947 1468 1991 quam
1496 1941 1568 1975 tua
1588 1932 1724 1985 dicta,

343 2005 549 2064 quiajam
574 2002 687 2048 dicta
711 2013 837 2058 sunt,
864 2020 950 2049 non
974 2004 1129 2048 inflans
1151 2012 1291 2047 utrem
1309 2038 1319 2057 ,
1345 2004 1419 2046 sed
1436 2003 1613 2046 inflatus
1639 2003 1728 2062 ipse

344 2073 579 2117 defendere
595 2108 605 2127 ,
636 2082 678 2117 et
701 2073 917 2117 auditores
942 2083 1059 2127 tuos,
1094 2088 1202 2132 quos
1225 2073 1333 2116 veris
1363 2073 1493 2116 rebus
1516 2073 1729 2116 aedificare

344 2143 500 2197 debes,
540 2143 658 2186 inani
694 2144 875 2201 strepitu
907 2144 1074 2188 ventosi
1112 2144 1321 2187 sermonis
1357 2143 1524 2187 inflare.
1567 2146 1617 2187 In
1649 2144 1729 2187 hac

344 2229 470 2258 causa
506 2229 595 2257 non
631 2222 670 2256 te
714 2213 768 2257 ad
796 2214 1048 2272 magistrum
1086 2214 1212 2257 mitto
1231 2248 1241 2267 ,
1288 2213 1368 2256 nisi
1406 2213 1461 2257 ad
1490 2222 1532 2257 te
1564 2215 1721 2272 ipsum.

344 2285 506 2329 Emitte
528 2285 679 2328 flatum
701 2285 743 2328 in
762 2294 901 2328 utrem
915 2320 925 2340 ,
951 2294 994 2329 et
1016 2300 1061 2329 os
1084 2283 1238 2328 claude
1260 2285 1489 2339 continuo,
1516 2300 1726 2345 naresque

346 2355 518 2410 detine,
543 2365 586 2399 et
613 2357 672 2400 sic
703 2356 851 2399 saltem
879 2356 987 2399 senti
1022 2371 1171 2399 verum
1202 2370 1290 2399 esse
1320 2354 1439 2415 quod
1470 2355 1582 2399 dico.
1615 2357 1727 2400 Cum

346 2427 469 2481 enim,
485 2428 666 2484 coeperis
689 2427 903 2484 augustias
925 2425 1216 2470 intolerabiles
1237 2426 1427 2484 perpeti,
1453 2426 1559 2484 quid
1582 2426 1729 2484 cupies

345 2512 419 2541 ore
439 2505 588 2555 aperto
610 2497 874 2556 naribusque
891 2498 1081 2556 recipere
1098 2532 1109 2551 ,
1135 2497 1167 2540 si
1190 2496 1369 2556 quando
1390 2496 1568 2540 sufflasti
1583 2531 1594 2551 ,
1619 2495 1727 2539 nihil

395 2588 403 2605 ¹
424 2580 530 2621 Virgil.
552 2580 675 2613 AEneid.
698 2580 752 2613 lib.
770 2591 779 2612 ι
795 2584 827 2613 et
848 2592 898 2614 ιιι.
