1804 3205
389 211 468 236 Lm.
502 210 549 236 ιι.
586 210 638 236 nr.
674 211 848 238 recem-o
880 208 1119 236 omniun-1.
1368 200 1448 238 169

9 269 11 278 ⁴
69 275 175 316 ltem
199 274 241 316 in
265 273 412 317 libello
434 289 563 333 quem
587 278 733 318 Romoe
751 274 869 318 dedit
888 289 986 318 cum
1011 275 1140 318 fidem
1164 290 1283 318 suam
1310 290 1331 318 a
1357 278 1448 318 'l'ri-

65 345 199 388 nitate
217 345 342 388 unius
360 344 529 388 deitatis
544 360 680 404 usque
702 347 755 389 ad
776 347 1130 390 resurrectionem
1149 345 1288 405 qualis
1302 345 1447 390 futura

63 427 126 461 est
149 428 418 463 mortuorum
437 455 447 473 ,
477 420 532 462 de
554 419 714 479 quibus
737 434 837 463 eum
863 419 1007 463 nullus
1028 420 1383 477 interrogaverat,
1410 429 1452 462 et

9 528 10 531 ,
63 490 180 533 unde
197 489 258 533 illi
275 490 394 534 nulla
413 491 597 550 quaestio
617 491 887 544 movebatur,
910 500 1124 550 quantum
1144 489 1288 534 dicere
1306 489 1448 545 libuit,

61 559 311 619 explicasset
331 582 341 617 3
366 561 440 605 ubi
461 561 572 606 adid
595 563 715 622 quod
732 562 941 619 agebatur
959 563 1048 622 ejus
1063 576 1205 605 sermo
1220 561 1417 620 pervenit
1439 581 1447 606 :

65 649 85 671 «
119 630 159 674 Si
192 646 291 690 quae
314 646 442 685 vero,
475 632 646 692 inquit,
682 641 840 691 praeter
874 632 1004 676 fidem
1043 632 1303 692 quaestiones
1339 641 1452 675 natae

62 709 184 754 sunt,
211 700 266 744 de
282 701 444 760 quibus
466 711 574 745 esset
598 702 710 746 inter
733 701 964 762 plerosque
985 703 1236 747 contentio:
1263 717 1349 746 non
1373 716 1452 759 ego

61 771 182 829 quasi
217 781 369 816 auctor
402 771 585 832 alicujus
619 772 831 831 dogmatis
862 772 1040 817 definita
1074 773 1157 817 hoc
1196 773 1452 817 auctoritate

61 841 206 895 statui,
225 840 299 885 sed
319 856 366 885 ea
385 858 484 902 quae
501 843 555 885 dc
581 843 895 901 Prophetarum
923 852 966 886 et
998 842 1305 902 Apostolorum
1332 842 1452 886 sonte

61 912 250 970 suscepi,
277 913 405 955 vestri
426 912 703 971 Apostolatus
727 913 950 957 offerimus
973 912 1199 972 probanda
1223 927 1313 955 esse
1331 910 1451 971 judi·

59 982 149 1036 cio,
170 991 219 1026 ut
247 983 280 1026 si
309 982 420 1027 forte
450 993 497 1027 ut
534 983 785 1027 hominibus
809 984 1022 1042 quispiam
1048 983 1305 1041 ignorantiae
1333 996 1451 1025 error

60 1052 268 1111 obrepsit,
287 1063 426 1098 vestra
444 1054 655 1098 sententia
679 1054 933 1112 corrigatur.
959 1073 978 1094 »
1003 1056 1171 1112 Nempe
1186 1053 1444 1112 perspicitis,

59 1123 103 1166 id
123 1138 222 1166 eum
242 1126 376 1182 egisse
391 1125 471 1168 hac
494 1124 808 1184 praelocutione
823 1125 1057 1183 praemissa,
1078 1133 1126 1167 ut
1144 1124 1176 1167 si
1193 1124 1299 1183 quid
1319 1124 1362 1166 in
1377 1123 1450 1166 illo

60 1193 326 1252 apparuisset
349 1195 520 1248 erroris,
540 1210 627 1238 non
650 1195 692 1238 in
716 1194 818 1248 fide,
845 1195 919 1238 sed
944 1195 987 1238 in
1011 1194 1328 1254 quaestionibus
1351 1208 1450 1252 quae

59 1273 158 1307 sunt
178 1273 334 1322 praeter
347 1265 496 1317 fidem,
516 1264 736 1308 videretur
755 1280 939 1320 errasse,
960 1265 1034 1307 ubi
1053 1273 1096 1307 et
1112 1265 1145 1307 si
1163 1263 1449 1322 corrigendus

60 1343 123 1377 est
146 1349 280 1388 error,
302 1349 390 1378 non
407 1344 553 1378 tamen
576 1344 781 1394 tanquam
803 1335 973 1378 haeresis
1005 1334 1271 1391 corrigatur,
1296 1343 1339 1377 et
1373 1333 1448 1393 qui

60 1413 281 1447 correctus
305 1403 460 1458 fuerit,
484 1405 541 1448 ita
562 1403 733 1448 dicatur
751 1419 908 1458 errare,
931 1413 978 1447 ut
1001 1419 1089 1447 non
1113 1413 1258 1447 tamen
1283 1404 1448 1446 haereti-

60 1488 135 1517 cus
155 1474 392 1532 judicetur.

118 1545 300 1586 XXVII.
329 1543 413 1587 Sed
436 1543 622 1587 multum
653 1557 754 1586 eum
777 1543 855 1586 ista
875 1541 988 1586 fallit
1007 1542 1170 1601 opinio.
1194 1546 1343 1601 Longe
1369 1542 1447 1585 ali-

60 1623 124 1657 ter
143 1629 186 1657 se
206 1613 370 1657 habent
393 1623 654 1672 quaestlones
671 1615 786 1668 istae,
807 1629 916 1673 quas
933 1628 1023 1657 esse
1045 1622 1202 1672 praeter
1223 1612 1354 1656 fidem
1381 1628 1448 1656 ar-

63 1686 268 1738 bitratur,
289 1700 422 1743 quam
448 1694 550 1728 sunt
575 1684 660 1728 illae
679 1686 723 1728 in
743 1685 903 1744 quibus
927 1684 1040 1728 salva
1060 1684 1168 1738 fide,
1197 1700 1282 1743 qua
1301 1684 1448 1728 Chris-

59 1754 165 1798 tiani
187 1769 358 1808 sumus,
386 1763 460 1798 ant
483 1755 708 1812 ignoratur
728 1754 835 1814 quid
862 1770 1014 1798 verum
1045 1755 1124 1808 sit,
1160 1764 1201 1797 et
1233 1754 1447 1798 sententia

60 1824 280 1868 definitiva
303 1823 604 1883 suspenditur,
637 1834 711 1868 aut
733 1825 858 1868 aliter
885 1840 1016 1884 quam
1041 1833 1103 1867 est
1121 1859 1131 1878 ,
1158 1824 1347 1867 humana
1366 1859 1376 1878 ,
1406 1834 1448 1867 et

61 1896 230 1938 infirma
250 1895 494 1953 suspicione
511 1895 754 1954 conjicitur.
776 1895 921 1938 Veluti
935 1910 1033 1938 cum
1053 1895 1287 1953 quaeritur,
1308 1895 1448 1953 qualis

60 1964 129 2008 vel
143 1964 218 2008 ubi
238 1965 526 2023 sitparadisus
543 2000 553 2019 ,
585 1965 659 2008 ubi
684 1964 910 2009 constituit
932 1967 1045 2007 Deus
1067 1964 1287 2007 hominem
1316 1979 1445 2023 quem

63 2033 265 2078 formavit
287 2050 336 2077 ex
359 2034 536 2093 pulvere
555 2056 566 2091 ·,
590 2049 689 2078 cum
713 2044 858 2078 tamen
878 2049 966 2077 esse
989 2033 1110 2077 illum
1129 2034 1371 2092 paradisum
1392 2035 1447 2076 fi-

61 2106 377 2149 deschristiana
392 2120 477 2150 non
492 2105 665 2148 dubitet
685 2125 692 2149 ε
718 2105 783 2148 vel
804 2120 903 2148 cum
922 2106 1153 2164 quaeritur,
1174 2105 1446 2148 ubisitnunc

64 2174 178 2218 Elias
202 2175 269 2218 vel
289 2176 439 2219 Enoch
454 2211 464 2229 ,
487 2175 636 2229 anibi,
658 2191 712 2219 an
736 2175 893 2219 alicubi
907 2174 1008 2218 alibi
1023 2196 1033 2231 3
1050 2190 1159 2234 quos
1182 2184 1327 2218 tamen
1356 2190 1444 2219 non

62 2244 340 2297 dubitamus,
372 2247 415 2288 in
445 2246 605 2305 quibus
638 2248 726 2288 nati
759 2255 860 2288 sunt
889 2246 1144 2304 corporibus
1173 2246 1317 2289 vivere
1344 2264 1352 2289 :
1380 2245 1443 2288 vel

63 2329 162 2358 cum
188 2315 416 2374 quaeritur,
442 2324 587 2358 utrum
614 2316 658 2358 in
687 2330 868 2373 corpore
890 2331 944 2358 an
969 2325 1086 2358 extra
1111 2330 1267 2373 corpus
1289 2315 1333 2357 in
1357 2324 1447 2358 ter-

67 2383 174 2426 tium
190 2384 351 2428 coelum
372 2385 424 2427 sit
444 2394 591 2444 raptus
614 2384 868 2443 Apostolus¹
889 2406 900 2441 3
920 2399 1187 2444 quamquam
1199 2385 1253 2427 sit
1267 2384 1345 2427 ista
1364 2385 1446 2427 im·

66 2453 236 2512 pudens
254 2454 475 2513 inquisitio
498 2454 541 2498 id
564 2456 670 2498 scire
693 2455 955 2507 volentium,
976 2453 1094 2514 quod
1117 2469 1161 2498 se
1186 2454 1257 2497 ille
1271 2455 1339 2498 cui
1365 2454 1448 2498 hoc

115 2554 120 2560 ·
144 2547 162 2569 τ).
181 2539 253 2570 Cor.
274 2548 331 2576 xn,
350 2548 380 2569 2.
