1804 3205
509 218 562 245 uz
594 217 735 246 onsris
768 217 953 245 nucu.
1370 206 1424 244 79

38 283 151 329 bona
174 296 303 342 opera
326 282 570 341 incipiunt,
595 284 828 342 quoniam,
855 291 903 326 ut
927 281 1093 325 dictum
1117 290 1178 324 est
1194 314 1204 334 ,
1230 281 1349 340 quod
1374 297 1425 325 cx

37 353 127 412 ipsa
150 367 241 398 non
267 360 356 407 est,
390 362 616 411 peccatum
652 362 730 397 est.
760 353 871 396 Hinc
902 361 945 396 et
973 350 1174 395 Ecclesiae
1197 349 1356 394 dicitur
1383 351 1427 394 in

37 422 218 468 Cantico
239 421 523 478 canticorum,
545 441 564 465 α
585 423 759 477 Venies‚
777 432 820 466 ct
840 422 1017 467 transies
1034 422 1090 465 ab
1109 421 1233 464 initio
1247 421 1382 464 ssdei¹.
1406 438 1425 460 »

37 494 312 553 Quapropter
332 493 530 553 quamvis
563 493 676 537 bene
704 492 914 552 operandi
945 491 1127 551 gratiam
1153 491 1259 535 ssdcs
1288 491 1429 549 impe-

40 572 152 609 tret:
177 564 314 624 ipsam
342 573 459 608 certe
488 565 618 608 fidem
644 573 693 609 ut
714 564 993 619 haberemus,
1019 562 1140 607 nulia
1163 562 1248 606 fide
1265 563 1430 606 merui-

38 647 158 690 mus,
182 633 257 678 sed
283 634 330 677 in
353 649 403 678 ea
425 634 550 679 nobis
577 633 720 679 danda
736 670 749 688 ,
781 635 823 678 in
846 649 933 694 qua
960 634 1193 678 Dominum
1223 647 1430 692 sequere-

39 718 153 758 mur,
173 702 467 748 misericordia
491 705 581 763 ejus
598 705 810 764 praevenit
829 721 907 749 nos
924 707 952 748 ¹.
973 708 1039 748 An
1059 705 1194 764 ipsam
1213 704 1337 748 nobis
1356 718 1432 747 nos

39 773 260 829 dedimus,
289 783 333 820 et
354 775 435 835 ipsi
458 790 536 819 nos
558 775 670 834 ipsos
697 775 845 820 fideles
868 774 1077 820 fecimus?
1101 779 1278 820 Prorsus
1300 774 1433 818 etiam

41 845 111 890 hic
143 845 344 891 clamabo
366 881 377 901 ,
412 865 433 888 «
462 849 557 905 lpse
590 845 691 891 fecit
728 863 832 901 nos,
858 856 901 891 et
930 863 1018 891 non
1050 847 1128 905 ipsi
1149 862 1226 890 nos
1239 850 1270 888 ¹2.
1305 864 1324 886 »
1357 843 1434 888 Ni-

40 914 107 959 hil
125 930 226 959 vero
249 915 368 960 aliud
396 916 630 976 apostolica
660 917 860 962 doctrina
899 916 1205 969 commendat,
1232 915 1310 959 ubi
1340 914 1431 958 ait:

46 1003 66 1026 «
92 984 197 1030 Dico
217 994 362 1030 autem
384 1000 459 1045 per
478 987 660 1044 gratiam
688 987 788 1041 Dei,
813 1002 913 1046 quae
933 986 1033 1030 data
1057 995 1120 1030 est
1143 986 1266 1040 mihi,
1289 985 1434 1028 omni-

45 1073 64 1097 »
93 1055 173 1100 bus
194 1056 270 1117 qui
284 1066 386 1100 sunt
403 1057 449 1100 in
467 1057 604 1111 vobis,
622 1072 711 1102 non
730 1057 828 1117 plus
845 1073 1010 1117 sapere,
1032 1072 1165 1117 quam
1181 1065 1434 1116 oportetsa-

44 1144 64 1167 »
90 1142 207 1185 pere,
223 1127 298 1172 sed
309 1143 459 1187 sapere
478 1126 532 1172 ad
553 1129 885 1188 temperantiam
900 1164 914 1184 ,
933 1130 1045 1174 sicut
1064 1128 1304 1188 unicuique
1322 1131 1436 1171 Deus

45 1215 66 1238 »
91 1198 275 1258 partitus
286 1207 350 1243 est
364 1214 609 1244 mensuram
630 1199 730 1244 fidei
744 1201 775 1243 ⁴.
801 1218 820 1241 »
844 1200 955 1244 Hinc
973 1209 1036 1244 est
1053 1200 1217 1259 quippe
1234 1208 1277 1244 et
1296 1197 1431 1242 illud:

47 1285 66 1310 »ι
92 1269 209 1322 Quid
224 1270 338 1314 enim
360 1270 517 1325 habes,
542 1272 662 1330 quod
688 1286 778 1314 non
800 1271 1000 1329 accepisti
1015 1272 1058 1311 ⁵?
1081 1270 1268 1323 Quando
1291 1278 1334 1312 et
1351 1269 1436 1313 hoc

43 1340 309 1399 accepimus,
329 1341 446 1386 unde
468 1341 620 1401 incipit
641 1340 858 1401 quidquid
874 1341 918 1385 in
934 1341 1091 1386 nostris
1113 1340 1283 1384 actibus
1297 1339 1436 1384 habc-

44 1423 140 1452 mus
158 1409 275 1454 boni.
1330 1420 1336 1425 '

104 1482 284 1524 XXXV.
303 1481 419 1534 Quid
440 1490 503 1525 est
517 1495 618 1539 ergo
635 1481 758 1540 quod
774 1480 888 1524 idem
906 1480 1010 1524 dicit
1035 1479 1267 1539 Apostolus
1283 1514 1294 1533 ,
1317 1497 1336 1521 «
1353 1482 1438 1523 Bo-

49 1568 69 1592 n
95 1567 202 1595 num
216 1560 435 1596 certamen
451 1552 629 1606 certavi,
655 1566 830 1596 cursum
854 1550 1171 1605 consummavi,
1192 1549 1322 1594 fidem
1347 1564 1438 1594 ser-

49 1639 70 1662 »
96 1622 217 1679 vavi,
255 1622 309 1666 de
336 1632 493 1667 caetero
525 1632 720 1682 superest
748 1623 853 1666 mihi
884 1637 1043 1667 corona
1068 1621 1250 1681 justitiae
1269 1655 1280 1676 ,
1305 1636 1439 1680 quam

50 1709 71 1733 u
99 1692 250 1737 reddet
268 1692 375 1736 mihi
395 1693 604 1738 Dominus
622 1694 666 1737 in
684 1692 759 1736 illo
777 1692 1002 1752 diejustus
1020 1692 1162 1736 Judcx
1176 1693 1191 1717 ⁰
1209 1712 1220 1748 3
1243 1709 1262 1732 »
1288 1691 1321 1735 si
1347 1691 1440 1734 haec

48 1778 137 1808 non
155 1762 401 1808 redduntur
422 1762 580 1823 dignis,
597 1763 672 1808 sed
694 1764 917 1808 donantur
933 1764 1151 1821 indignis?
1173 1765 1266 1806 Hoc
1284 1762 1360 1821 qui
1379 1761 1439 1805 di·

49 1834 131 1888 cit,
154 1849 308 1893 parum
329 1834 575 1879 considerat
597 1850 801 1880 coronam
822 1833 946 1877 reddi
968 1849 1056 1877 non
1078 1834 1266 1891 potuisse
1287 1832 1436 1889 digno,

49 1904 130 1948 nisi
152 1905 287 1962 gratia
304 1905 404 1949 data
426 1914 534 1949 esset
551 1905 750 1963 indigno.
782 1906 855 1949 Ait
874 1905 989 1947 enim
1006 1938 1016 1957 ,
1047 1922 1067 1945 «
1101 1906 1272 1947 Bonum
1295 1912 1438 1946 certa-

53 1992 73 2015 »
95 1988 193 2017 men
217 1975 379 2019 certavi
402 1994 411 2020 :
435 1992 454 2015 »
477 1973 553 2018 sed
573 1975 687 2018 idem
706 1975 794 2033 ipse
813 1974 888 2028 ait,
916 1993 935 2015 «
959 1974 1126 2018 Gratias
1151 1977 1257 2026 Deo,
1280 1971 1442 2032 quide-

54 2063 74 2087 »
96 2043 160 2089 dit
182 2046 308 2090 nobis
321 2045 545 2090 victoriam
567 2061 644 2104 per
659 2045 897 2089 Dominum
919 2054 1116 2089 nostrum
1131 2047 1282 2088 Jesum
1297 2043 1443 2088 Chris-

54 2133 75 2156 »
101 2125 194 2159 tum
210 2117 240 2160 ⁷.
275 2134 295 2157 »
326 2116 415 2171 Ait,
436 2118 623 2161 Cursum
652 2116 950 2161 consummavi
975 2134 984 2161 ε
1009 2115 1083 2160 sed
1103 2115 1195 2174 ipse
1217 2115 1333 2158 idem
1350 2114 1440 2168 ait,

55 2204 77 2228 «
99 2188 197 2231 Non
209 2186 417 2242 volentis,
433 2202 577 2247 neque
592 2188 806 2232 currentis
822 2222 833 2242 ,
851 2188 925 2231 sed
942 2187 1184 2231 miserentis
1197 2195 1262 2230 est
1284 2184 1361 2228 Dei
1376 2186 1440 2227 8.»

52 2258 142 2312 Ait,
171 2276 188 2298 a
215 2256 369 2302 Fidem
392 2259 558 2304 servavi
583 2278 592 2303 z
631 2279 647 2299 »
685 2258 759 2303 sed
779 2259 870 2318 ipse
892 2257 1008 2302 idem
1042 2258 1122 2313 ait,
1153 2276 1173 2300 «
1206 2257 1302 2301 Scio
1327 2256 1446 2299 enim

58 2345 80 2369 »
104 2327 172 2372 cui
190 2327 386 2385 credidi,
412 2338 456 2374 et
482 2338 626 2374 certus
653 2344 772 2384 sum,
804 2328 906 2388 quia
928 2337 1083 2387 potens
1111 2337 1174 2372 est
1197 2326 1446 2386 depositum

105 2453 113 2470 ¹
136 2447 225 2480 Cant.
245 2458 292 2488 iv,
309 2447 343 2490 8,
358 2448 448 2490 juxta
466 2449 561 2481 LXX.
580 2465 620 2471 —
637 2454 648 2470 ²
664 2447 745 2480 Psal.
767 2459 860 2489 mur,
887 2459 897 2478 1
911 2459 936 2479 ι,
953 2464 994 2470 --
1011 2445 1023 2469 ³
1042 2446 1088 2479 Id.
1103 2457 1188 2488 cmx,
1205 2445 1236 2478 3.
1253 2462 1295 2468 --
1311 2443 1326 2470 4
1344 2447 1443 2476 Rom.

58 2514 114 2544 ιιι,
137 2505 170 2538 3.
192 2521 226 2527 -
241 2503 255 2528 ⁵
277 2515 290 2538 ι
311 2507 383 2539 Cor.
415 2496 515 2547 iv,‘7.
533 2521 572 2528 -
589 2503 605 2528 ⁶
627 2513 646 2536 2
665 2504 746 2537 Tim.
765 2515 811 2545 iv,
832 2515 864 2546 7.
881 2510 949 2538 —7
971 2515 983 2535 ι
1005 2504 1078 2536 Cor.
1111 2513 1168 2543 xv,
1192 2501 1247 2544 57.
1262 2518 1303 2525 —
1318 2499 1333 2524 8
1354 2503 1444 2534 Rom.

59 2571 104 2602 ιι,
133 2560 186 2594 ι6.’
