1804 3205
302 243 354 270 ne
388 239 527 269 ΑΝιΜΑ
561 242 614 268 m·
646 242 743 269 mus
776 240 970 278 omnum,
1005 241 1087 267 ιιιι.
1125 241 1190 266 ιιι.
1357 225 1441 266 3⁴7

47 312 142 370 ipso
166 308 350 354 halitum
366 306 433 352 vet
455 306 607 351 flatum
629 307 733 351 facit
749 342 760 360 ,
784 307 873 366 ipse
894 307 1060 364 integer
1076 312 1222 349 manet
1244 323 1251 349 :
1278 324 1296 346 »
1321 306 1444 365 quasi

50 393 138 426 non
156 389 199 425 et
217 379 326 439 ignis
344 377 533 422 lucernae
550 379 718 436 integer
735 388 924 432 maneat,
942 392 1041 423 cum
1057 377 1112 420 de
1131 375 1205 420 illo
1221 375 1352 420 altera
1371 392 1443 421 ac-

49 451 275 504 cenditur,
301 460 344 494 et
366 459 512 494 tamen
542 449 733 508 ejusdcm
756 484 767 503 ,
793 464 882 493 non
903 449 1077 494 alterius
1098 449 1152 491 sit
1173 456 1356 491 naturae.

109 525 185 567 IV.
225 522 330 576 Sed,
356 521 498 580 inquis
515 555 525 575 ,
554 540 573 562 «
597 536 697 564 cum
718 536 739 564 a
764 521 887 565 nobis
907 529 1003 564 uter
1024 520 1225 572 inflatur,
1251 533 1338 562 non
1363 518 1442 562 ali-

48 609 134 654 qua
152 593 296 652 portio
315 601 471 636 nostrae
494 600 664 635 naturae
680 626 689 646 ‚
708 591 777 634 vel
801 591 1019 652 qualitatis
1042 589 1317 647 infunditur3
1340 604 1440 633 cum

51 666 120 710 hic
153 665 244 723 ipse
273 664 450 722 spiritus
471 698 482 717 ,
507 679 594 722 quo
617 663 772 706 hausto
795 672 892 706 uter
924 661 1130 722 impletus
1162 660 1441 715 extenditur,

50 738 141 781 sine
163 735 306 795 aliqua
326 736 461 780 nostri
479 735 771 779 diminutione
792 744 1008 793 egeratur.
1033 752 1052 775 ι)
1089 734 1164 778 His
1195 732 1338 776 verbis
1362 732 1446 776 tuis

54 807 197 852 adhuc
216 806 337 851 addis
356 816 397 850 et
417 807 658 851 immoraris
675 842 684 860 ,
707 816 749 850 et
770 807 958 850 inculcas
975 803 1304 849 similitudinem
1322 803 1443 863 quasi

50 878 334 923 necessariam
355 912 365 932 ,
398 894 484 938 qua
514 877 806 936 intelligamus
837 877 1061 937 quomodo
1091 879 1204 920 Deus
1235 875 1327 920 sine
1357 890 1445 918 suae

53 958 223 993 naturae
246 948 393 1008 aliquo
422 948 708 1003 detrimento,
737 958 781 993 et
803 948 857 992 dc
886 964 930 992 se
959 949 1052 1006 ipso
1075 947 1262 990 animam
1289 944 1444 997 faciat,

51 1029 97 1064 et
120 1019 234 1065 facta
255 1020 311 1063 de
333 1021 427 1079 ipso
446 1055 455 1075 ,
477 1035 567 1064 non
588 1021 640 1064 sit
659 1020 779 1079 quod
809 1020 912 1078 ipse.
942 1018 1054 1062 Dicis
1076 1017 1190 1061 enim
1215 1035 1222 1060 :
1255 1035 1268 1056 α
1308 1017 1448 1059 Num-

56 1090 166 1150 quid
189 1091 345 1134 animae
367 1100 526 1135 nostrae
548 1100 611 1134 est
635 1091 776 1149 portio
798 1090 904 1133 utris
927 1088 1095 1132 inflatio
1111 1122 1121 1142 ,
1149 1096 1224 1131 aut
1252 1087 1449 1131 homines

52 1161 257 1220 fingimus
283 1176 384 1204 cum
408 1170 525 1205 utres
549 1161 778 1214 inflamus,
805 1169 880 1204 aut
901 1160 1212 1203 detrimentum
1237 1159 1371 1202 nostri
1400 1160 1442 1201 in

49 1231 198 1292 aliquo
217 1231 431 1291 patimur,
457 1247 557 1276 cum
586 1232 713 1275 ssatus
736 1240 904 1275 nostros
927 1232 971 1274 in
999 1230 1167 1274 diversa
1198 1230 1442 1289 partimur?

53 1301 138 1346 Sed
160 1301 333 1345 nullum
358 1302 547 1360 patimur
567 1302 901 1356 detrimentum,
932 1317 1032 1345 cum
1057 1317 1106 1345 ex
1131 1301 1256 1344 nobis
1285 1300 1338 1344 ad
1360 1300 1441 1344 ali-

46 1371 154 1432 quid
190 1373 521 1417 transmittimus
554 1375 732 1428 tlatum,
765 1383 808 1417 ct
842 1382 1044 1417 manente
1081 1374 1124 1416 in
1154 1373 1281 1418 nobis
1311 1372 1440 1431 plena

48 1443 176 1488 ssatus
201 1443 364 1503 proprii
387 1444 595 1504 qualitate
618 1454 662 1488 et
680 1446 847 1503 integra
872 1444 1116 1504 quantitate
1134 1479 1144 1499 ,
1165 1443 1336 1488 nullum
1361 1458 1440 1488 nos

49 1514 327 1558 meminimus
356 1514 566 1558 damnum
600 1531 650 1559 ex
672 1515 780 1558 utris
814 1516 1040 1559 inflatione
1071 1516 1243 1559 sentire.
1275 1517 1359 1558 Ista
1390 1515 1442 1558 si-

46 1584 320 1640 militudine,
353 1601 452 1644 quae
473 1586 573 1630 satis
595 1586 766 1644 elegans
789 1596 830 1630 et
856 1601 1102 1645 congruens
1126 1586 1205 1630 tibi
1234 1584 1408 1629 videtur
1428 1620 1438 1639 ,

47 1664 261 1715 quantum
294 1655 457 1701 fallaris
491 1656 681 1701 attende.
726 1659 863 1701 Deum
897 1658 1060 1717 quippe
1098 1656 1205 1700 dicis
1240 1656 1443 1714 incorpo-

46 1741 170 1770 reum
186 1761 198 1782 ,
223 1742 314 1771 non
339 1725 394 1771 de
416 1726 554 1771 nihilo
574 1743 598 1771 a
619 1742 663 1771 se
691 1728 851 1771 iactam
865 1762 876 1782 ,
898 1728 975 1772 sed
993 1727 1047 1771 de
1069 1742 1114 1770 se
1135 1727 1227 1786 ipso
1252 1726 1441 1770 animam

46 1797 223 1842 sufflare
251 1812 505 1856 corpoream
536 1816 545 1841 :
577 1812 678 1841 cum
711 1799 864 1842 flatum
893 1813 998 1852 nos,
1029 1797 1129 1842 licet
1151 1812 1406 1857 corporeum
1427 1832 1437 1851 ,

44 1868 319 1913 subtiliorem
338 1877 485 1913 tamen
502 1868 770 1923 emittamus,
791 1885 925 1929 quam
943 1878 1089 1913 nostra
1107 1877 1209 1913 sunt
1231 1884 1438 1928 corpora,

45 1953 126 1983 nec
155 1954 255 1983 eum
289 1941 344 1984 de
377 1939 521 1983 anima
543 1947 712 1994 nostra,
746 1939 820 1983 sed
853 1940 908 1984 de
938 1941 1022 1984 hoc
1047 1943 1145 1983 aere
1175 1955 1252 1998 per
1280 1940 1442 1984 viscera

45 2011 237 2070 corporis
257 2010 524 2055 exhalemus.
548 2010 784 2055 Pulmones
805 2012 969 2071 quippe
991 2012 1155 2066 anima,
1181 2012 1305 2071 cujus
1326 2020 1441 2056 nutu

47 2090 281 2126 moventur
298 2082 428 2125 etiam
446 2089 601 2125 caetera
614 2083 806 2141 corporis
823 2082 1017 2126 membra
1032 2117 1042 2137 ,
1064 2083 1116 2126 ad
1139 2083 1257 2126 hunc
1276 2081 1441 2126 aerium

45 2153 247 2212 spiritum
265 2151 518 2197 ducendum
540 2162 671 2213 atquc
688 2153 962 2198 reddendum
975 2189 985 2208 ,
1005 2154 1117 2198 sicut
1135 2153 1259 2198 folles
1277 2163 1438 2198 movet.

46 2227 210 2269 Praeter
231 2225 347 2268 enim
381 2224 584 2268 alimenta
613 2224 750 2269 solida
783 2235 826 2269 et
849 2226 967 2270 fluxa
983 2261 994 2281 ,
1026 2225 1144 2270 unde
1172 2235 1236 2269 est
1257 2225 1379 2269 cibus
1401 2234 1445 2268 et

46 2304 204 2354 potus,
240 2296 325 2340 hoc
355 2295 533 2339 tertium
563 2296 689 2341 nobis
723 2300 838 2340 Deus
872 2296 1129 2340 alimentum
1161 2294 1444 2340 circumfudit

49 2381 254 2410 aurarum
270 2400 281 2420 ,
307 2381 415 2426 quas
432 2367 492 2410 ita
505 2368 722 2426 carpimus
735 2402 744 2419 ,
772 2376 820 2411 ut
843 2367 934 2411 sine
956 2366 1056 2411 cibo
1072 2376 1114 2411 et
1131 2375 1240 2426 potu
1260 2367 1336 2411 diu
1354 2382 1443 2411 esse

51 2437 289 2496 possimus,
324 2437 415 2480 sine
446 2437 529 2481 hoc
566 2445 711 2480 autem
746 2437 953 2481 alimento
991 2438 1145 2491 tertio,
1183 2437 1303 2498 quod
1337 2453 1440 2481 aura

49 2507 196 2561 nobis,
221 2522 321 2566 qnae
343 2507 541 2567 undique
563 2508 860 2555 circumsistit,
886 2507 1148 2566 spirantibus
1166 2517 1209 2552 et
1232 2508 1441 2566 respiran-

51 2576 166 2620 tibus
189 2577 389 2632 exhibet,
423 2593 503 2621 nec
543 2578 699 2635 exiguo
736 2578 941 2636 temporis
969 2579 1108 2637 spatio
1140 2579 1351 2637 possimus
1376 2577 1439 2620 vi—
