1784 3205
362 224 446 263 382
802 234 835 262 s.
872 232 1102 265 Aucvs'rim
1135 237 1316 266 nmscom

362 300 487 343 aeriae
500 299 725 360 futilisque
745 299 998 344 substantiae
1016 302 1031 344 .’
1049 318 1069 342 »
1094 301 1168 346 His
1184 302 1300 346 enim
1317 302 1402 346 tuis
1421 303 1562 347 verbis
1583 303 1743 350 videris

361 371 551 426 credere,
569 387 698 415 omne
718 372 839 431 quod
860 380 977 416 caret
997 387 1192 432 corpore,
1218 373 1355 418 inanis
1368 389 1458 418 csse
1472 374 1741 420 substantiae.

361 442 489 495 Quod
503 443 536 485 si
548 442 607 486 ita
622 451 700 497 est,
713 441 935 502 quomodo
947 445 1085 486 Deum
1100 443 1376 488 audesdicere
1389 460 1533 489 carere
1545 461 1742 505 corpore,

360 527 440 556 nec
460 513 584 557 times
606 528 660 557 ne
674 522 880 572 sequatur
897 513 1034 558 inanis
1052 529 1151 558 eum
1167 530 1255 560 esse
1268 515 1546 560 substantiae?
1562 520 1696 562 Porro
1709 517 1744 562 si

361 591 403 626 et
421 597 598 641 corpore
613 592 730 627 caret
746 586 873 637 Deus,
892 584 1107 643 quodjam
1121 584 1342 629 confessus
1354 600 1414 644 es,
1430 595 1473 629 et
1489 601 1588 630 eum
1606 588 1743 632 inanis

359 667 448 695 esse
465 654 716 697 substantiae
739 654 848 697 absit
868 663 918 698 ut
939 654 1055 699 dicas
1078 675 1086 700 ;
1107 658 1202 701 Non
1217 672 1320 715 ergo
1334 657 1474 702 inanis
1489 659 1743 704 substantiae

358 731 437 777 est,
453 722 670 782 quidquid
689 738 868 782 corpore
890 734 1020 769 caret.
1041 728 1096 770 Et
1113 726 1211 770 ideo
1233 728 1309 787 qui
1325 728 1622 787 incorpoream
1639 729 1745 775 dicit

357 807 446 835 csse
463 793 668 849 animam,
690 810 778 838 non
801 804 863 839 est
880 811 1147 856 consequens
1162 807 1210 842 ut
1221 813 1313 842 eam
1335 798 1437 842 velit
1459 799 1595 844 videri
1607 800 1745 845 inanis

356 863 580 924 futilisque
594 866 826 910 subtantiae
849 886 856 912 :
879 869 981 927 quia
1003 877 1045 912 et
1065 872 1217 924 Deum,
1240 870 1316 929 qui
1336 885 1424 914 non
1441 880 1504 915 est
1521 871 1649 915 inane
1670 871 1743 916 ali-

356 934 478 992 quid,
493 936 621 980 simul
644 936 946 996 incorporeum
965 940 1213 984 confitetur.
1236 939 1345 984 Vide
1362 950 1504 985 autem
1529 951 1743 1001 quantum

357 1004 469 1047 inter
482 1006 535 1048 sit
556 1006 668 1049 inter
684 1006 729 1050 id
741 1008 861 1067 quod
879 1008 992 1064 dico,
1014 1019 1057 1053 et
1074 1010 1194 1069 quod
1210 1020 1257 1055 tu
1273 1026 1341 1055 me
1354 1011 1567 1056 existimas
1580 1012 1739 1057 dicere.

355 1075 449 1131 Ego
481 1076 596 1118 enim
620 1092 700 1120 nec
729 1078 853 1121 aeriae
880 1079 1133 1123 substantiae
1170 1082 1357 1125 animam
1395 1082 1520 1139 dico,
1546 1082 1742 1142 alioquin

355 1158 511 1203 corpus
529 1160 617 1189 esse
647 1149 871 1192 confiteor.
899 1153 984 1193 A'cr
1016 1151 1177 1209 quippe
1201 1167 1358 1210 corpus
1382 1162 1445 1197 est
1462 1188 1473 1207 ‚
1498 1154 1741 1198 secundum
1776 1202 1777 1219 ἒ

354 1230 502 1259 omnes
535 1216 687 1275 quide
715 1220 968 1278 corporibus
990 1236 1089 1264 curn
1117 1221 1387 1281 loquuntur,
1413 1224 1521 1283 quid
1547 1224 1740 1284 loquan-
1776 1252 1777 1261 κ

356 1294 424 1329 tur
450 1286 606 1332 sciunt.
636 1291 701 1332 Tu
732 1299 876 1333 autem
906 1301 1085 1350 propter
1115 1291 1159 1336 id
1182 1293 1303 1352 quod
1326 1288 1625 1354 incorpoream
1650 1295 1740 1340 dixi
1776 1314 1778 1338 ξ

352 1356 536 1400 animam
551 1392 562 1412 ,
580 1373 669 1402 non
685 1359 824 1404 solum
850 1379 868 1401 «
889 1376 1018 1405 cassae
1040 1362 1274 1419 inanitatis,
1300 1365 1376 1408 sed
1398 1367 1455 1410 ob
1474 1366 1557 1410 hoc
1578 1366 1739 1410 aeriam
1776 1384 1778 1406 ἐ

294 1428 301 1431 ’
351 1442 420 1470 me
442 1429 601 1486 putasti
621 1445 717 1473 eam
739 1430 893 1474 dixisse
915 1432 1226 1480 substantiam:
1254 1450 1354 1479 cum
1388 1445 1430 1480 et
1462 1453 1620 1496 corpus
1642 1442 1778 1494 eam'}

351 1512 440 1540 non
462 1513 551 1541 esse
574 1499 755 1543 dixerim
773 1536 783 1556 ,
817 1502 936 1560 quod
960 1512 1024 1546 est
1049 1507 1121 1548 ae'r
1137 1526 1148 1562 3
1167 1515 1210 1549 et
1235 1505 1355 1566 quod
1379 1510 1476 1551 aere
1504 1507 1734 1567 impletur,
1777 1520 1779 1555 ξ

350 1567 479 1611 inane
508 1583 597 1612 esse
629 1585 717 1613 non
751 1572 896 1629 possit.
931 1575 1060 1625 Quod
1089 1591 1169 1619 nec
1196 1586 1311 1621 utres
1344 1578 1407 1621 tui
1431 1587 1473 1622 te
1501 1579 1737 1623 admonere
1777 1579 1779 1624 ἐ

349 1647 603 1695 potuerunt.
643 1640 758 1693 Quid
793 1642 906 1686 enim
939 1644 1104 1704 aliquid
1129 1646 1174 1690 in
1204 1662 1299 1702 eos,
1332 1648 1413 1692 nisi
1442 1652 1529 1704 ae'r,
1557 1649 1734 1709 quando

348 1706 571 1763 inflantur,
598 1713 813 1754 arctatur?
836 1713 920 1765 Qui
952 1730 1090 1774 usque
1119 1716 1226 1760 adeo
1249 1718 1398 1762 inanes
1417 1734 1505 1763 non
1534 1729 1657 1775 sunt,
1683 1730 1734 1769 ut

346 1777 496 1822 eadem
518 1779 790 1837 plenitudine
813 1784 939 1827 etiam
955 1785 1147 1843 pondera
1160 1787 1385 1832 sufferant.
1412 1789 1541 1841 Quod
1562 1791 1594 1834 si
1616 1790 1731 1836 forte

346 1845 463 1891 aliud
488 1849 563 1892 tibi
587 1850 760 1896 videtur
787 1868 876 1896 esse
904 1854 1057 1910 ssatus,
1088 1856 1207 1900 aliud
1237 1860 1336 1917 aer,
1366 1874 1464 1903 cum
1493 1862 1565 1903 aer
1587 1869 1730 1905 motus

344 1917 433 1975 ipse
464 1920 517 1963 sit
550 1921 699 1976 ssatus,
736 1923 856 1982 qnod
888 1934 931 1968 ct
962 1925 1139 1971 flabello
1175 1929 1335 1986 agitato
1373 1923 1518 1974 doceri
1555 1940 1725 1990 potest:

343 1997 458 2032 certe
478 2004 577 2034 vasa
606 1993 813 2051 quaelibet
843 2010 1030 2040 concava
1053 2013 1152 2056 quae
1184 2008 1308 2056 putas
1338 2001 1503 2055 inania,
1529 2013 1578 2047 ut
1600 2001 1728 2060 plcna

342 2072 431 2101 csse
459 2076 713 2118 cognoscas,
744 2065 799 2107 ab
833 2081 881 2108 ea
910 2076 1030 2124 parte
1063 2084 1148 2126 qua
1178 2068 1438 2127 implentur,
1467 2071 1660 2130 deprime
1682 2072 1728 2117 in

342 2144 520 2186 aquam,
541 2139 585 2174 et
619 2132 716 2176 vide
743 2134 863 2192 quod
886 2135 992 2179 nihil
1022 2137 1213 2181 humoris
1237 2141 1367 2197 possit
1391 2142 1550 2185 intrare
1582 2141 1726 2201 repel—
1778 2147 1780 2158 '

340 2197 455 2242 lente
473 2204 584 2256 aere,
611 2218 698 2261 quo
716 2202 844 2261 plena
866 2214 981 2249 sunt.
1004 2208 1116 2250 Cum
1135 2218 1280 2252 autem
1299 2225 1372 2253 ore
1389 2226 1559 2255 sursum
1581 2227 1724 2257 versus

339 2268 624 2326 collocantur,
655 2274 743 2318 sive
767 2290 817 2317 ex
845 2273 1000 2330 latere,
1040 2285 1144 2322 tunc
1174 2280 1389 2338 recipiunt
1416 2280 1654 2341 liquorem,
1689 2285 1723 2327 si

338 2340 432 2397 quis
466 2339 716 2386 infunditur
743 2343 812 2388 vel
843 2345 1108 2404 ingreditur,
1140 2360 1323 2394 exeunte
1351 2360 1482 2411 atque
1510 2353 1720 2397 evadente

336 2412 453 2462 aere,
489 2428 574 2470 qua
598 2413 733 2457 exitus
760 2424 893 2473 patet.
924 2420 1015 2461 Hoc
1043 2420 1245 2476 praesenti
1272 2420 1439 2466 facilius
1469 2431 1608 2481 posset
1643 2423 1720 2467 de-

336 2483 564 2525 monstrari
584 2481 698 2527 facto
718 2501 849 2543 quam
868 2488 1040 2545 scripto.
1069 2489 1154 2534 Sed
1179 2505 1267 2534 non
1290 2501 1352 2535 est
1368 2492 1438 2536 hic
1456 2492 1618 2537 diutius
1633 2494 1717 2537 im-

337 2550 594 2596 morandum
611 2586 622 2608 ,
648 2569 746 2597 cum
766 2555 853 2600 sive
875 2556 1087 2616 intelligas
1109 2559 1215 2604 aeris
1232 2569 1431 2606 naturam
1454 2577 1543 2608 esse
1558 2579 1715 2623 corpo-
1778 2571 1780 2613 ζ

1777 1639 1779 1712 ἐ
