1784 3205
322 217 339 251 1
348 214 403 251 02
751 222 784 250 s.
819 221 1049 256 Ancus'mm
1084 221 1260 249 EPISCQPI

317 286 469 339 libello
497 295 648 332 contra
675 301 777 331 eum
806 286 908 329 dato
932 287 1067 330 Heros
1103 293 1145 328 et
1174 287 1359 329 Lazarus
1380 283 1569 343 episcopi
1590 284 1703 329 Galli

320 365 556 418 posuerant
591 377 602 415 3
635 356 719 402 illis
751 355 927 415 quidem
965 354 1240 409 absentibus,
1279 363 1324 398 et
1356 352 1411 397 de
1448 353 1706 412 aegritudine

321 428 451 472 unius
482 442 634 472 eorum
663 426 964 471 excusantibus
985 460 996 482 ,
1022 423 1245 484 Pelagium
1269 424 1324 467 ad
1349 424 1495 468 onmia
1525 439 1705 483 respon-

322 498 499 542 dentem
523 534 535 554 ,
575 497 904 558 quatuordecim
945 495 1135 556 episcopi
1170 495 1405 554 provinciae
1448 494 1704 549 Palaestinae,

321 569 562 614 secundum
586 569 882 628 responsiones
905 568 994 627 ejus
1015 567 1203 611 alienum
1234 582 1256 610 a
1278 565 1557 625 perversitate
1581 565 1710 624 hujus

322 640 494 683 haeresis
531 639 872 698 pronuntiarunt
903 658 913 696 3
948 653 1043 682 eam
1080 646 1226 681 tamen
1260 636 1459 680 haeresim
1495 635 1587 679 sine
1621 634 1711 679 ulla

324 709 599 753 dubitatione
628 710 898 753 damnantes.
933 708 1300 767 Approbaverunt
1327 707 1444 750 enim
1471 705 1712 750 secundum

325 779 446 839 quod
467 778 539 822 ille
555 778 609 823 ad
628 794 676 822 ea
697 795 798 839 quae
814 779 984 838 objecta
1002 787 1119 832 sunt,
1141 776 1448 836 respondebat,
1477 795 1497 817 «
1519 775 1712 836 adjuvari

322 850 545 894 hominem
576 864 652 909 per
675 851 800 909 Legis
832 849 1053 894 scientiam
1084 847 1139 892 ad
1166 862 1255 893 non
1277 846 1574 906 peccandum,
1605 847 1716 891 sicut

327 922 534 981 scriptum
548 930 612 965 est
632 924 813 980 :Legem
829 921 874 965 in
890 920 1157 980 adjutorium
1180 918 1300 963 dedit
1318 917 1443 963 illis¹.
1455 920 1552 963 Non
1570 927 1717 962 tamen

333 1008 383 1037 ex
409 993 494 1037 hoc
525 990 720 1035 eamdem
759 992 883 1050 Legis
914 991 1138 1036 scientiam
1170 989 1289 1035 illam
1319 990 1397 1034 Dei
1425 989 1607 1048 gratiam
1628 1003 1718 1033 esse

332 1063 700 1124 approbaverunt,
720 1061 774 1107 de
796 1077 884 1123 qua
905 1062 1115 1122 scriptum
1137 1070 1202 1105 est
1225 1080 1235 1106 2
1263 1078 1283 1101 «
1303 1061 1408 1114 Quis
1423 1075 1492 1104 me
1513 1059 1723 1104 liberabit

333 1151 356 1176 »
375 1134 430 1177 de
444 1148 625 1192 corpore
639 1133 788 1178 mortis
802 1133 962 1192 hujus?
983 1133 1129 1178 Gratia
1144 1133 1219 1176 Dei
1237 1147 1313 1191 per
1331 1133 1356 1175 J
1359 1145 1480 1175 esum
1498 1130 1722 1175 Christum

336 1204 609 1247 »Dominum
652 1213 849 1248 nostrum
881 1205 916 1247 ².
962 1221 983 1245 »
1023 1205 1111 1248 Nec
1147 1202 1247 1247 ideo
1276 1200 1430 1246 dixisse
1463 1200 1685 1259 Pelagium
1712 1218 1721 1244 2

339 1274 536 1321 «Omnes
557 1272 783 1318 voluntate
804 1289 882 1318 sua
902 1274 1023 1332 regi,
1051 1291 1072 1316 »
1097 1283 1148 1319 ut
1173 1288 1264 1318 non
1292 1288 1363 1317 eos
1384 1281 1552 1331 regeret
1579 1274 1719 1316 Deus:

336 1343 561 1404 respondit
575 1345 707 1399 enim,
727 1362 748 1386 «
764 1345 847 1389 hoc
859 1359 903 1388 se
916 1343 1071 1389 dixisse
1084 1353 1261 1404 propter
1273 1343 1462 1387 liberum
1476 1342 1722 1397 arbitrium,

333 1415 405 1457 cui
428 1417 541 1458 Deus
564 1414 735 1474 adjutor
749 1425 811 1459 est
827 1415 1005 1474 eligenti
1019 1415 1132 1460 bona
1150 1436 1161 1473 3
1178 1415 1400 1461 hominem
1423 1428 1524 1458 vero
1541 1427 1728 1472 peccan-

344 1492 430 1527 tem
451 1484 591 1543 ipsum
618 1500 707 1529 esse
720 1486 765 1530 in
787 1485 933 1545 culpa,
954 1486 1076 1545 quasi
1099 1484 1223 1529 liberi
1247 1485 1427 1529 arbitrii.
1452 1501 1472 1525 »
1497 1483 1731 1543 Approba-

343 1563 447 1600 runt
462 1555 639 1611 etiam,«
658 1555 818 1616 iniquis
833 1566 875 1601 et
898 1557 1197 1618 peccatoribus
1214 1557 1260 1600 in
1281 1556 1351 1600 die
1365 1555 1518 1616 judicii
1537 1570 1627 1599 non
1643 1568 1732 1598 csse

340 1621 627 1679 parcendum,
646 1621 722 1666 sed
743 1621 916 1666 aeternis
937 1637 1009 1666 eos
1029 1622 1207 1682 ignibus
1229 1621 1489 1680 puniendos.
1514 1619 1732 1674 Quoniam

340 1690 424 1734 hoc
454 1691 588 1735 seille
611 1693 854 1737 secundum
877 1692 1165 1752 Evangelium
1188 1692 1357 1748 dixisse,
1382 1690 1630 1751 respondit,
1655 1690 1732 1734 ubi

346 1760 556 1819 scriptum
579 1771 694 1807 estz«
709 1763 784 1807 Isti
798 1763 982 1808 ibuntin
1006 1761 1267 1823 supplicium
1285 1771 1516 1817 aeternum,
1527 1761 1634 1822 justi
1656 1776 1734 1805 au-

343 1849 363 1873 »
395 1841 484 1876 tem
516 1832 562 1876 in
592 1834 727 1878 vitam
756 1844 961 1878 aeternam
992 1836 1024 1878 3.
1058 1852 1077 1876 »
1102 1836 1201 1880 Non
1223 1842 1370 1878 autem
1395 1832 1562 1878 dixerat
1584 1846 1735 1881 omnes

341 1912 590 1961 peccatores
618 1903 673 1948 ad
695 1914 908 1949 aeternum
935 1905 1152 1964 pertinere
1180 1904 1443 1965 supplicium
1466 1939 1478 1959 ,
1505 1913 1555 1948 ut
1577 1903 1733 1948 merito

343 1983 495 2017 contra
514 1975 771 2033 Apostolum
800 1976 952 2020 dixisse
981 1976 1223 2032 videretur,
1251 1977 1327 2037 qui
1349 1976 1560 2037 quosdam
1577 1976 1636 2020 ait
1661 1974 1733 2019 fu—

343 2053 486 2096 turOS‚
511 2046 570 2088 sic
601 2055 744 2088 tamen
770 2047 892 2105 quasi
916 2062 990 2105 per
1012 2048 1157 2104 ignem
1183 2047 1214 2090 ⁴.
1246 2066 1263 2087 «
1291 2051 1492 2104 Regnum
1522 2046 1733 2091 coelorum

343 2113 442 2156 ideo
466 2114 815 2172 approbaverunt
838 2117 966 2160 etiam
986 2117 1030 2159 in
1047 2119 1202 2160 Vetere
1226 2119 1503 2161 Testamento
1524 2132 1614 2161 esse
1632 2133 1735 2176 pro-

346 2186 538 2238 missum,
562 2186 768 2244 quoniam
786 2187 1081 2231 testimonium
1098 2186 1218 2230 dedit
1234 2187 1288 2231 de
1305 2188 1519 2246 propheta
1539 2187 1733 2241 Daniele,

349 2256 422 2296 ubi
447 2254 610 2299 ‹lit-,tum
635 2265 718 2300 cst:
741 2276 760 2298 «
785 2259 839 2299 Et.
864 2258 1076 2317 accipient
1093 2259 1227 2302 sancti
1250 2274 1432 2317 regnum
1452 2258 1732 2303 Altissimi5.»

351 2327 441 2367 um:
467 2324 574 2371 loom
590 2328 722 2369 Vetus
748 2329 1073 2376 Testamentum
1097 2327 1387 2386 intelligentes
1409 2329 1463 2375 ab
1484 2327 1561 2372 illo
1586 2327 1736 2387 appel-

349 2394 483 2438 latum
507 2430 515 2445 ,
548 2411 635 2438 non
659 2396 768 2439 illud
792 2397 931 2440 solum
954 2398 1074 2459 quod
1097 2396 1262 2444 factum
1285 2401 1407 2443 estin
1428 2409 1577 2446 monte
1602 2399 1700 2448 Sina
1723 2420 1734 2455 3

397 2492 402 2505 ¹
437 2487 597 2527 l⁴lti.vx1!,
619 2487 782 2531 ‘20‚juxta
803 2491 896 2521 Lxx.
916 2507 957 2512 —
974 2497 986 2513 ²
1008 2492 1097 2523 Rom.
1118 2501 1180 2527 vn,
1202 2490 1254 2531 σή.
1281 2508 1315 2514 »α
1338 2489 1352 2513 3
1373 2491 1492 2523 Manli.
1521 2501 1600 2532 xm,
1622 2489 1676 2531 46.
1696 2507 1735 2512 --

361 2541 373 2567 :5
406 2544 507 2572 isar.
529 2553 574 2580 m,
598 2544 647 2575 15.
667 2561 705 2566 ——
724 2542 738 2565 5
757 2548 832 2576 nan,
857 2556 913 2579 vu,
938 2546 984 2576 18,
