1804 3205
307 219 470 251 com-M
504 224 609 250 mnis
643 223 774 252 zris-r.
811 220 1037 251 Paucum.
1074 224 1156 252 Lm.
1196 226 1241 251 n.
1387 210 1464 251 4⁴1

88 307 106 329 n
126 287 282 333 malam
299 323 311 343 ,
329 297 373 332 et
393 288 583 332 fructum
603 290 694 348 ejus
714 288 876 332 malum
903 291 913 314 ¹
944 309 955 345 3
975 306 995 329 υ
1015 289 1135 349 quod
1152 305 1239 334 non
1254 290 1471 334 diceretur

86 360 267 414 homini,
285 360 360 420 qui
380 369 578 403 naturam
602 359 740 404 facere
755 375 841 405 uon
861 368 1016 419 potest,
1032 360 1111 403 nisi
1130 361 1230 420 quia
1247 371 1469 420 peccatum

83 445 172 475 non
195 440 366 486 natura,
390 432 464 475 sed
483 432 636 475 vitium
657 441 721 476 est
746 451 754 476 :
781 431 1016 490 pelagianis
1030 430 1178 476 dicens
1205 452 1212 476 :
1238 450 1257 473 «
1285 433 1325 476 Si
1349 432 1470 475 ‹lixe-

85 501 250 546 »rimus
267 502 369 563 quia
387 512 613 561 peccatum
634 517 722 547 non
745 502 1061 556 habemus,nos
1076 503 1188 561 ipsos
1205 502 1467 556 seducimus,

84 582 160 617 »et
184 573 339 617 veritas
363 573 407 617 in
426 574 550 618 nobis
580 589 668 617 non
692 583 754 617 est
771 577 803 616 ².
832 592 851 614 »
884 574 956 617 His
980 573 1142 618 morbis
1163 574 1275 617 inter
1298 588 1341 617 se
1361 588 1469 616 eon-

83 645 220 688 trariis
242 645 471 689 Maniehaei
495 645 800 705 Pelagianique
823 645 1084 704 confligunt,
1105 644 1298 689 dissimili
1319 644 1470 688 volun-

81 723 168 759 tate
185 750 196 769 ,
222 713 350 758 simili
369 717 558 760 vanitate
584 737 594 774 3
620 716 803 776 separati
825 717 1029 776 opinione
1051 715 1218 760 diversa
1237 751 1248 769 ,
1273 716 1346 759 sed
1366 731 1470 775 pro·

80 787 233 846 pinqui
256 796 403 832 mente
423 803 637 847 perversa.

138 860 219 902 ΙΙΙ.
252 860 348 904 Jam
379 874 482 904 vero
517 860 698 918 gratiam
720 860 880 904 Christi
903 858 1031 904 simul
1054 868 1337 918 oppugnant,
1367 859 1471 916 bap-

80 928 256 972 tismum
281 931 373 989 ejus
406 929 531 973 simul
564 939 792 985 evacuant,
814 945 986 974 carnem
1011 931 1101 989 ejus
1120 930 1246 973 simul
1271 929 1470 973 exhono-

78 1008 174 1043 rant
201 1020 212 1056 3
237 999 312 1044 sed
335 1001 464 1044 etiam
489 1002 582 1044 haec
614 1001 752 1045 modis
778 1001 1004 1059 causisque
1026 1000 1217 1043 diversis.
1240 1001 1348 1043 Nam
1373 1002 1468 1043 Ma·-

77 1069 231 1113 nichaei
266 1071 427 1114 meritis
463 1079 631 1114 naturae
666 1072 793 1114 bonae
818 1104 828 1124 ‚
870 1069 1087 1127 Pelagiani
1131 1078 1277 1113 autem
1310 1069 1470 1112 meritis

77 1139 311 1184 voluntatis
343 1141 471 1184 bonae
492 1175 502 1195 ,
526 1140 760 1199 perhibent
783 1139 988 1183 divinitus
1021 1140 1258 1183 subveniri.
1302 1138 1369 1182 llli
1403 1138 1470 1182 di-

76 1219 183 1255 cunt
208 1229 217 1254 z
244 1210 382 1255 Debet
414 1212 497 1255 hoc
529 1214 643 1255 Deus
673 1211 897 1255 laboribus
924 1210 1218 1254 membrorum
1255 1225 1430 1254 suorum
1458 1228 1466 1254 ε

77 1282 144 1325 isti
167 1280 346 1325 dicunt:
372 1282 608 1326 Debethoc
633 1285 747 1326 Deus
769 1281 1006 1326 virtutibus
1026 1296 1246 1325 servorum
1271 1297 1465 1326 suorum.

78 1354 285 1413 Utrisque
302 1368 403 1411 ergo
425 1369 588 1398 merces
611 1369 699 1398 non
723 1354 966 1413 imputatur
991 1352 1230 1396 seeundum
1256 1353 1434 1410 gratiam
1455 1388 1465 1407 ,

78 1424 153 1468 sed
172 1424 413 1468 seeundum
433 1424 627 1468 debitum
642 1428 673 1468 ³.
696 1424 926 1468 Maniehaei
939 1423 1157 1467 lavacrum
1183 1425 1470 1481 regeneratio-

78 1495 158 1548 nis,
184 1494 229 1539 id
248 1504 326 1550 est,
353 1511 509 1555 aquam
532 1490 669 1554 ipsam
687 1495 840 1539 dicunt
858 1496 1140 1554 superfluam,
1166 1509 1245 1537 nee
1268 1494 1470 1552 prodesse

77 1565 242 1625 aliquid
256 1566 440 1625 profano
458 1567 589 1610 corde
606 1567 880 1610 contendunt
898 1585 906 1609 :
928 1565 1144 1623 Pelagiani
1168 1573 1330 1618 autem,
1349 1566 1468 1624 quod

78 1637 123 1681 in
151 1652 272 1682 sacro
303 1637 562 1696 baptismate
596 1638 649 1681 ad
682 1637 892 1696 expianda
925 1645 1101 1695 peecata
1136 1636 1321 1688 dieitur,
1362 1635 1468 1679 nihil

78 1707 281 1767 opitulari
294 1707 538 1752 infantibus
551 1707 721 1751 nullum
737 1716 962 1766 peccatum
978 1705 1240 1749 habentibus
1255 1715 1464 1749 asserunt.

78 1781 140 1822 Ae
159 1792 236 1836 per
258 1778 341 1821 hoe
362 1777 408 1820 in
427 1777 616 1835 parvulis
639 1777 924 1836 baptizandis,
945 1785 1161 1835 quantum
1180 1776 1235 1819 ad
1254 1776 1468 1819 remissio-

80 1862 180 1891 nem
218 1847 373 1890 attinet
408 1856 685 1906 peccatorum
712 1881 723 1901 ,
762 1846 990 1890 Manichaei
1034 1845 1201 1889 visibile
1236 1845 1468 1889 destruunt

80 1917 344 1962 elementum
373 1937 380 1962 :
412 1917 631 1976 Pelagiani
655 1925 800 1961 autem
822 1917 951 1961 etiam
984 1916 1200 1960 invisibile
1222 1931 1468 1960 sacramen-

79 1997 188 2032 tum.
212 1988 443 2032 Manichaei
467 2003 641 2032 earnem
667 1987 827 2032 Christi
860 1988 1156 2041 exhonorant,
1184 1996 1355 2045 partum
1379 1987 1468 2030 vir-

81 2058 192 2117 ginis
221 2057 597 2117 blasphemand03
628 2057 848 2116 Pelagiani
871 2066 1016 2101 autem
1047 2072 1221 2102 carnem
1251 2058 1468 2102 redimen-

80 2131 236 2174 dorum
279 2129 398 2173 carni
438 2128 725 2188 redemptoris
762 2128 994 2188 aequando,
1033 2131 1265 2186 Propterea
1307 2128 1470 2187 quippe

80 2210 208 2245 natus
240 2208 304 2243 est
332 2200 528 2244 Christus
550 2234 560 2254 ,
586 2214 676 2243 non
699 2200 852 2259 utique
874 2200 918 2243 in
943 2214 1072 2243 carne
1097 2200 1262 2257 peceati
1281 2233 1291 2252 ,
1317 2198 1391 2242 sed
1426 2199 1469 2241 in

79 2270 365 2316 similitudine
398 2270 536 2314 carnis
572 2270 739 2329 peceati
764 2304 775 2324 ,
813 2270 916 2329 quia
951 2279 1209 2313 caeterorum
1240 2268 1468 2313 hominum

80 2341 273 2384 nascitur
295 2355 396 2384 caro
432 2341 598 2399 peceati
627 2341 657 2383 4.
696 2339 925 2385 Manichaei
954 2354 1055 2396 ergo
1087 2354 1259 2383 omnem
1295 2354 1468 2383 carnem

81 2412 255 2470 penitus
284 2411 548 2456 detestantes
572 2445 583 2465 ,
620 2408 827 2454 auferunt
861 2410 979 2453 carni
1008 2409 1168 2455 Christi
1197 2410 1470 2469 perspicuam

81 2482 306 2527 veritatem
332 2500 340 2526 ε
372 2481 592 2540 Pelagiani
624 2495 726 2525 vero
755 2479 922 2524 nullam
955 2494 1130 2524 carnem
1158 2481 1323 2540 peccati
1355 2480 1470 2525 nasei

137 2573 146 2588 ¹
166 2565 280 2599 Matth.
303 2576 362 2607 ιιι,
385 2566 438 2599 33.
453 2583 495 2590 --·
512 2573 525 2589 ²
547 2577 558 2598 ι
582 2567 676 2599 Joan.
694 2577 724 2607 1,
745 2567 777 2598 8.
798 2562 1143 2607 —3R0m.1v,4.—
1159 2563 1240 2598 ⁶121.
1260 2576 1328 2607 vui,
1349 2564 1380 2597 3.
