1784 3205
367 201 449 240 378
808 215 839 238 s.
879 210 1107 238 Aucusruvr
1142 211 1317 239 Episcopi
1775 178 1784 269 {i

364 278 482 322 unde
509 277 746 321 secundum
786 276 972 320 animam
1001 276 1209 339 originem
1243 276 1415 320 ducam.
1451 275 1535 320 Sed
1560 275 1632 319 ille
1664 277 1746 320 hoc
1775 282 1784 345 q

364 364 434 393 me
457 350 611 393 doceat
638 348 843 407 SpirituS,
877 347 953 405 qui
986 346 1258 391 altitudinem
1292 349 1369 391 Dei
1396 355 1636 404 scrutatur,
1658 361 1748 391 non
1775 363 1784 406 t

363 421 496 464 homo
518 421 593 479 qui
615 419 815 479 spiritum
846 419 1008 473 nescit,
1038 417 1156 462 unde
1184 427 1281 462 uter
1313 418 1510 462 instatur.
1539 417 1661 461 Absit
1684 427 1750 461 ta·
1775 415 1784 456 ἱ

364 505 479 534 1110111
497 499 545 534 ut
562 505 642 549 ego
670 490 769 533 hinc
794 498 837 532 te
858 488 1086 548 pecoribus
1107 503 1369 548 comparcm.
1395 490 1492 532 Non
1509 488 1625 530 enim
1647 487 1746 542 hoc,
1776 482 1777 492 ¹

364 562 465 621 quia
484 577 570 605 non
591 570 776 619 poteras,
797 559 872 603 sed
889 561 992 619 quia
1010 575 1099 604 non
1122 560 1382 614 adverteras,
1407 557 1642 602 nesciebas.

422 634 540 675 XIV.
565 634 728 674 Verum
748 640 796 674 tu
821 630 1002 675 fortasse
1017 665 1027 684 ,
1049 631 1245 689 quamvis
1267 628 1418 673 altiora
1436 629 1521 672 sint
1538 663 1549 683 ,
1574 643 1674 688 quae
1696 628 1751 673 de
1783 668 1784 672 ,

366 702 608 745 animarum
631 702 798 760 origine
831 701 1139 761 requiruntur,
1160 715 1292 760 quam
1315 709 1378 743 est
1400 698 1519 743 unde
1553 697 1751 743 ducimus
1779 747 1782 752 ,

364 782 407 816 et
422 771 643 816 reddimus
677 772 855 829 ssatum3
893 782 1039 816 tamen
1077 771 1228 816 eadem
1262 770 1413 815 altiora
1443 770 1498 813 de
1521 769 1751 828 Scripturis

366 844 519 887 sanctis
543 853 585 887 te
605 843 802 888 didicisse
823 843 1003 887 confidis
1021 879 1031 898 ,
1057 844 1111 886 de
1142 842 1305 902 quibus
1337 857 1413 900 per
1434 840 1564 885 fidem
1596 839 1752 883 didici-

366 929 477 968 mus,
501 930 601 973 quae
630 913 749 957 nulla
775 922 949 973 possent
976 915 1167 957 humana
1196 912 1368 970 ingenia
1391 911 1616 969 vestigare.
1643 912 1752 955 Nam

366 983 495 1041 longe
518 985 669 1043 utique
689 984 963 1042 praestantius
977 994 1055 1038 est,
1076 992 1200 1027 nosse
1222 991 1561 1026 resurrecturam
1579 994 1753 1024 carnem
1779 980 1784 1102 ἰ

367 1070 416 1098 ac
437 1055 526 1098 sin-e
548 1057 634 1098 fine
656 1055 866 1099 victuram
881 1090 891 1109 ,
921 1070 1051 1114 quam
1075 1053 1290 1114 quidquid
1312 1054 1357 1097 in
1379 1068 1428 1097 ea
1454 1051 1612 1096 medici
1634 1066 1754 1095 scru-
1780 1103 1784 1111 ᾖ

367 1126 502 1168 tando
532 1124 694 1167 discere
715 1134 954 1183 potuerunt
970 1160 980 1179 ,
1005 1125 1124 1184 quod
1152 1124 1276 1168 nullo
1298 1139 1425 1168 sensu
1447 1123 1588 1166 anima
1612 1121 1754 1181 perci·
1780 1113 1784 1193 Ξ

367 1196 454 1254 pit,
492 1211 591 1238 cum
620 1196 848 1254 praesentia
880 1211 955 1239 sua
989 1204 1161 1253 vegetet
1193 1205 1349 1238 cuneta
1383 1209 1482 1253 quae
1512 1192 1647 1236 nescit
1675 1211 1684 1236 z
1712 1200 1755 1235 et
1780 1195 1784 1249 Ι

334 1270 335 1274 ’
368 1264 498 1324 longe
535 1275 598 1309 est
628 1264 803 1320 melius,
829 1281 953 1309 nosse
977 1266 1161 1308 animam
1178 1300 1189 1320 ,
1227 1280 1326 1324 quse
1348 1265 1393 1307 in
1415 1263 1586 1307 Christo
1609 1271 1755 1306 renata

368 1345 411 1379 et
430 1345 635 1379 renovata
658 1335 790 1379 fuerit
807 1371 817 1389 ,
850 1336 895 1378 in
923 1345 1135 1378 aeternum
1167 1335 1337 1378 beatam
1374 1332 1567 1377 futuram
1587 1368 1597 1387 ,
1624 1347 1755 1392 quam

367 1406 582 1466 quidquid
600 1408 654 1449 de
675 1405 789 1449 illius
819 1406 1025 1450 memoria
1042 1440 1052 1459 ,
1077 1404 1388 1463 intelligentia,
1410 1403 1636 1448 voluntate
1658 1417 1756 1446 nes-

368 1478 520 1520 cimus.
539 1479 652 1528 ,Haec
671 1486 813 1520 autem
838 1492 936 1536 quae
951 1475 1037 1519 dixi
1056 1475 1355 1535 praestantiora
1370 1509 1380 1529 ,
1407 1482 1538 1533 atque
1554 1472 1752 1527 meliora,
1779 1417 1784 1525 i

370 1546 492 1591 nullo
514 1547 645 1590 modo
667 1562 791 1591 nosse
807 1547 1065 1599 valeremus,
1091 1547 1169 1589 nisi
1191 1546 1347 1590 divinis
1368 1544 1640 1589 crederemus
1662 1543 1754 1588 elo-
1779 1533 1784 1573 f

369 1619 497 1678 quiis.
525 1618 599 1661 His
617 1634 720 1676 ergo
740 1617 921 1677 eloquiis
942 1618 1076 1661 fidere
1099 1626 1141 1660 te
1165 1616 1354 1660 fortassis
1377 1616 1607 1670 existimas,
1631 1629 1687 1659 ne
1703 1613 1757 1658 de

369 1689 534 1747 origine
550 1689 791 1732 animarum
804 1689 1061 1732 sententiam
1078 1687 1298 1731 definitam
1314 1685 1506 1746 proferre
1521 1685 1752 1730 cuncteris.

371 1759 565 1803 Primum
598 1759 632 1803 si
664 1761 723 1802 ita
746 1769 871 1814 esset,
912 1775 1001 1803 11011
1033 1759 1114 1817 ipsi
1146 1759 1349 1802 humanae
1380 1766 1545 1800 naturae
1568 1757 1758 1800 tribuere

370 1830 584 1883 debuisti,
618 1829 739 1890 quod
761 1831 840 1874 scit
873 1830 1005 1873 homo
1031 1830 1086 1872 de
1117 1844 1193 1872 sua
1214 1827 1424 1888 qualitate
1453 1835 1584 1887 atque
1605 1835 1758 1870 natura

370 1899 608 1959 disquirere
631 1909 762 1959 atque
779 1899 986 1943 disserere
1001 1934 1012 1954 ,
1037 1897 1113 1942 sed
1135 1899 1211 1943 Dei
1239 1897 1423 1940 muneri.
1447 1897 1595 1942 Dixisti
1616 1896 1754 1950 enim,

375 1990 394 2011 «
416 1971 532 2022 Quid
555 1970 705 2014 differt
728 1972 859 2015 homo
877 1986 899 2014 a
914 1985 1090 2030 pecore,
1112 1970 1148 2014 si
1169 1970 1252 2013 1100
1269 1969 1430 2012 nescit?
1455 1986 1474 2009 »
1496 1967 1611 2021 Quid
1627 1967 1760 2025 igitur

372 2056 480 2099 opus
502 2051 566 2085 est
592 2041 754 2101 aliquid
779 2043 944 2100 legere,
970 2051 1020 2085 ut
1046 2042 1129 2085 11οο
1155 2041 1360 2095 sciamus,
1382 2039 1416 2083 si
1436 2054 1487 2084 eo
1514 2040 1606 2098 ipso
1623 2053 1712 2098 quo
1734 2052 1759 2081 a

373 2128 527 2171 pecore
550 2112 876 2172 distamus,jam
891 2113 975 2156 hoc
996 2113 1103 2155 scire
1126 2111 1363 2154 debemus?
1383 2111 1501 2155 Sicut
1519 2110 1633 2153 enim
1650 2107 1760 2152 nihil

372 2183 478 2226 1111111
500 2183 605 2242 legis
632 2190 681 2227 u't
701 2199 771 2226 me
788 2184 931 2227 vivere
953 2183 1083 2227 sciam
1097 2217 1107 2236 ,
1134 2182 1268 2225 habet
1289 2181 1405 2224 enim
1425 2190 1579 2225 natura
1598 2195 1694 2223 mea
1710 2187 1761 2223 ut

372 2255 455 2298 hoc
490 2255 651 2298 nescire
683 2270 771 2298 11011
800 2255 961 2312 possim
990 2273 997 2298 :
1022 2254 1080 2297 ita
1101 2252 1136 2296 si
1154 2261 1195 2296 et
1217 2251 1327 2295 illud
1345 2252 1451 2296 scire
1475 2260 1643 2295 naturae
1665 2259 1756 2305 est,

373 2340 449 2367 cur
469 2325 574 2368 mihi
598 2325 652 2369 de
666 2326 747 2369 hac
761 2341 806 2368 re
818 2324 982 2384 profers
997 2324 1155 2384 quibus
1173 2321 1344 2367 credam
1360 2321 1606 2366 testimonia
1620 2321 1758 2379 Scrip-

373 2396 595 2438 turarum?
616 2394 841 2453 Numquid
863 2394 941 2438 soli
967 2394 1127 2438 distant
1151 2409 1174 2436 a
1208 2406 1364 2451 pecore
1386 2391 1463 2451 qui
1484 2406 1554 2435 eas
1582 2390 1760 2449 legunt?

374 2467 528 2509 Nonne
558 2465 616 2508 ita
631 2465 762 2508 creati
777 2480 941 2519 sumus,
968 2474 1017 2508 ut
1036 2464 1244 2508 distemus
1263 2479 1285 2506 a
1309 2462 1552 2521 pecoribus,
1579 2470 1622 2505 et
1639 2469 1760 2505 ante·
1782 2456 1784 2462 '

375 2548 506 2592 quam
541 2533 594 2577 ad
629 2533 791 2592 aliquas
821 2533 985 2578 litteras
1018 2533 1245 2592 pervenire
1276 2532 1513 2591 possimus?
1546 2530 1662 2583 Quid
1697 2537 1759 2573 est
1774 2552 1784 2594 ῃ.
