1784 3205
348 226 427 262 130
781 238 811 260 s.
848 232 1078 259 Aucis'rim
1111 232 1290 257 EPISCOPI

343 298 561 343 transtulit
589 298 932 357 indignationem
962 297 1052 355 ejus
1078 295 1124 338 in
1159 294 1397 338 lenitatem.
1436 293 1543 346 Quis
1575 302 1721 337 autem

342 386 431 417 non
457 371 615 425 videat,
640 368 780 413 multo
801 368 935 426 majus
964 380 1068 420 esse,
1094 363 1436 421 indignationem
1460 378 1483 406 a
1506 363 1722 407 contrario

341 446 386 488 in
402 446 624 489 lenitatem
643 448 894 485 convertere
911 446 1042 497 atque
1057 433 1304 488 transferre,
1327 449 1457 494 quam
1476 449 1551 478 cor
1570 443 1724 478 neutra

342 515 572 559 affectione
592 517 942 571 praeoccupatum
955 542 966 562 ,
986 506 1062 551 sed
1083 507 1195 550 inter
1212 515 1443 563 utramque
1464 503 1657 548 medium
1679 504 1724 547 in

343 585 507 645 aliquid
530 582 775 627 declinare?
798 583 964 638 Legant
985 593 1087 636 ergo
1109 586 1153 622 et
1174 575 1421 633 intelligant
1439 610 1449 629 ‚
1473 576 1726 619 intueantur

343 665 473 714 atque
495 653 715 697 fateantur
734 665 823 694 non
845 648 941 707 lege
963 657 1093 708 atque
1115 647 1312 691 doctrina
1336 645 1562 689 insonante
1584 645 1725 689 forin-

339 740 477 779 secus,
501 721 576 767 sed
597 722 765 765 interna
787 729 831 763 et
857 718 1043 772 occulta,
1070 716 1257 761 mirabili
1279 731 1328 759 ac
1350 715 1563 759 ineffabili
1582 723 1726 773 potes-

338 802 490 839 testate
514 791 681 850 operari
710 793 848 834 Deum
874 789 919 832 in
952 787 1157 832 cordibus
1188 786 1433 840 hominum,
1466 800 1556 830 non
1584 785 1725 830 solum

336 879 458 909 veras
482 861 764 906 revelationes
779 894 790 914 ,
817 858 890 903 sed
916 859 1050 902 bonas
1072 857 1201 901 etiam
1224 855 1485 900 voluntates.

395 935 555 978 XXVI.
578 932 753 976 Desinat
768 930 915 988 itaque
927 930 1016 988 jam
1037 926 1235 986 Pelagius
1249 961 1260 980 ,
1281 934 1324 969 et
1340 941 1384 969 se
1402 925 1545 984 ipsum
1561 934 1605 969 et
1622 924 1727 970 alios

336 1004 502 1059 fallere,
525 1012 675 1048 contra
696 1002 774 1046 Dei
797 1001 978 1060 gratiam
1001 997 1280 1058 disputando.
1308 999 1404 1042 Non
1427 1005 1606 1055 propter
1626 995 1727 1041 illo-

334 1090 432 1118 rum
462 1074 595 1118 trium
629 1086 790 1125 unum,
825 1070 870 1114 id
891 1079 993 1123 est,
1026 1077 1204 1129 propter
1235 1067 1566 1127 possibilitatem
1596 1066 1728 1110 bonae

333 1144 569 1189 voluntatis
593 1151 723 1201 atque
750 1140 912 1199 operiS,
941 1140 1017 1184 sed
1039 1140 1168 1183 etiam
1193 1147 1368 1197 propter
1389 1136 1663 1182 voluntatem
1685 1144 1728 1180 et

335 1214 629 1272 operationem
660 1212 819 1255 bonam
850 1225 951 1269 erga
983 1225 1060 1254 nos
1084 1210 1218 1268 gratia
1245 1209 1317 1252 Dei
1346 1206 1622 1266 praedicanda
1645 1215 1724 1250 est.

336 1286 444 1328 Nam
466 1283 583 1326 illam
606 1280 934 1340 possibilitatem
960 1279 1014 1323 ad
1039 1288 1278 1338 utrumque
1306 1278 1451 1323 valere
1477 1277 1633 1322 definit
1654 1296 1663 1321 :
1687 1285 1731 1321 et

338 1364 485 1397 tamen
506 1368 597 1396 non
617 1350 715 1395 ideo
736 1349 966 1394 tribuenda
985 1358 1087 1393 sunt
1110 1353 1200 1393 Deo
1223 1350 1353 1393 etiam
1370 1358 1515 1393 nostra
1534 1356 1726 1407 peccata,

337 1424 448 1468 sicut
467 1434 509 1467 et
532 1430 708 1481 propter
730 1420 928 1464 eamdem
946 1420 1276 1479 possibilitatem
1293 1419 1388 1463 vult
1404 1419 1595 1462 tribuere
1616 1418 1728 1462 bona

337 1509 468 1552 opera
490 1500 651 1536 nostra.
677 1493 773 1536 Non
798 1489 895 1533 ideo
919 1498 1091 1533 tantum
1114 1488 1377 1549 adjutorium
1400 1489 1560 1532 divinae
1583 1488 1729 1546 gratiae

337 1563 686 1617 commendetur,
707 1562 809 1621 quia
826 1561 1156 1619 possibilitatem
1174 1561 1349 1619 adjuvat
1367 1559 1626 1604 naturalem.
1654 1562 1730 1602 De·

341 1635 453 1679 sinat
484 1634 625 1678 dicere
655 1651 664 1677 z
694 1650 713 1674 «
743 1631 873 1685 Quod
914 1647 1140 1690 possumus
1182 1646 1312 1675 omne
1352 1631 1519 1674 bonum
1554 1629 1725 1684 facere,

340 1706 499 1760 dicere,
524 1704 727 1762 cogitare,
754 1702 870 1746 illius
891 1712 953 1746 est
977 1703 1052 1762 qui
1073 1703 1156 1747 hoc
1180 1718 1302 1762 posse
1324 1701 1518 1757 donavit,
1550 1702 1625 1761 qui
1647 1702 1730 1745 hoc

340 1791 463 1835 posse
484 1776 661 1834 adjuvat
684 1793 692 1818 :
718 1772 840 1833 quod
860 1788 963 1817 vero
986 1773 1098 1817 bene
1119 1773 1189 1817 vel
1211 1773 1392 1831 agimus,
1416 1772 1485 1816 vel
1506 1771 1731 1832 loquimur

340 1845 406 1890 vel
427 1845 681 1903 cogitamus,
701 1852 900 1887 nostrum
917 1851 1001 1890 esti
1018 1861 1036 1883 υ
1060 1843 1251 1898 Desinat,
1265 1843 1463 1902 inquam,
1481 1841 1725 1886 istadicere.

339 1918 439 1961 Non
457 1914 599 1959 solum
616 1914 732 1957 enim
755 1916 869 1957 Deus
891 1928 1013 1972 posse
1036 1921 1234 1957 nostrum
1256 1912 1434 1957 donavit
1456 1921 1586 1971 atque
1606 1912 1731 1970 adju-

343 1994 430 2040 vat,
461 1985 535 2028 sed
565 1984 694 2027 etiam
723 1982 832 2026 velle
861 1992 905 2026 et
935 1982 1103 2041 operari
1129 1991 1333 2041 operatur
1354 1982 1401 2025 in
1426 1981 1551 2026 nobis
1574 1984 1606 2024 ¹.
1633 1983 1730 2026 Non

343 2056 445 2115 quia
476 2070 553 2098 nos
584 2069 674 2098 non
701 2052 903 2097 volumus
921 2087 932 2108 ,
966 2062 1040 2096 aut
1067 2068 1145 2096 nos
1175 2068 1263 2097 non
1291 2053 1456 2110 agimus
1483 2071 1493 2097 ε
1519 2052 1595 2097 sed
1628 2051 1731 2110 quia

342 2127 432 2170 sine
446 2126 576 2185 ipsius
594 2124 807 2184 adjutorio
823 2139 902 2168 nec
919 2123 1121 2168 volumus
1137 2122 1303 2182 aliquid
1317 2123 1436 2178 boni,
1451 2139 1530 2168 nec
1545 2123 1725 2181 agimus.

346 2195 577 2250 Quomodo
610 2198 725 2240 enim
760 2195 920 2240 dicitur
946 2214 953 2240 ε
987 2214 1007 2237 «
1032 2194 1161 2247 Quod
1185 2209 1412 2253 possumus
1434 2194 1547 2237 bene
1569 2208 1696 2252 agere
1715 2227 1726 2247 ‚

347 2269 424 2312 Dei
445 2278 536 2325 est3
567 2269 688 2327 quod
709 2276 854 2311 autem
875 2267 1043 2325 agimus
1061 2300 1072 2321 ⁷
1098 2275 1295 2309 nostrum
1322 2267 1417 2309 est?
1444 2284 1463 2306 »
1490 2281 1591 2309 cum
1615 2264 1730 2308 dicat

347 2337 599 2396 Apostolus,
629 2352 751 2382 orare
775 2352 819 2381 se
843 2336 897 2380 ad
922 2340 1059 2381 Deum
1083 2351 1163 2394 pro
1185 2337 1258 2390 eis,
1288 2334 1343 2379 ad
1365 2351 1471 2395 quos
1492 2335 1725 2389 scrihebat,

346 2423 401 2451 ne
423 2408 528 2468 quid
550 2407 651 2451 mali
672 2407 833 2452 faciant
853 2442 863 2462 ‚
885 2417 928 2451 et
950 2416 999 2451 ut
1017 2407 1136 2467 quod
1159 2406 1323 2450 bonum
1347 2415 1410 2450 est
1430 2405 1605 2450 faciant.
1631 2407 1729 2450 Non

348 2479 463 2522 enim
482 2477 539 2521 ait
561 2496 570 2521 ε
593 2496 612 2519 «
632 2479 816 2522 Oramus
832 2486 882 2522 ut
898 2477 1064 2537 possitis
1083 2476 1190 2521 nihil
1210 2475 1310 2520 mali
1328 2475 1468 2520 facere
1486 2496 1497 2533 ς
1523 2495 1540 2517 »
1561 2474 1653 2530 sed,
1673 2488 1727 2518 ne

396 2568 407 2586 ἢ
433 2562 544 2603 Philip.
569 2573 602 2601 u,
629 2562 677 2594 13.
