1784 3205
298 207 376 244 168
714 216 745 240 s.
785 212 825 239 Αι
842 215 885 239 Gt
903 213 1013 238 sTmr
1048 211 1226 238 ssmscom

294 282 422 340 hujus
462 280 751 340 perversitatis
781 285 976 321 auctores
1004 275 1071 319 vel
1102 275 1407 335 perhibentur,
1445 273 1510 316 vel
1544 273 1669 316 etiam

296 352 560 411 probantur,
593 350 661 395 vel
694 359 809 393 certe
844 350 874 391 si
911 356 1105 391 auctores
1133 361 1220 391 non
1256 355 1381 399 sunt,
1414 343 1487 387 sed
1516 345 1597 387 hoe
1620 343 1676 386 ab

297 421 388 465 aliis
424 421 692 473 didicerunt,
736 427 961 462 assertores
1000 426 1143 460 tamen
1182 425 1312 474 atque
1346 414 1565 467 doctores,
1601 426 1676 471 per

298 507 407 551 quos
423 491 467 534 id
485 490 612 534 latius
630 497 817 548 reptaret
833 497 875 532 et
891 496 1115 542 cresceret,
1136 495 1177 530 et
1192 486 1333 530 verbis
1349 494 1392 528 et
1404 484 1556 527 litteris
1573 482 1674 536 suis,

293 571 336 605 et
350 560 699 620 competentibus
717 557 907 612 indiciis,
925 567 967 601 et
984 557 1096 601 fama
1113 571 1162 600 ex
1176 556 1241 599 his
1259 554 1460 599 omnibus
1478 561 1678 610 surgente

292 642 335 676 et
352 631 880 689 crebrescentejactantur
898 648 905 672 :
932 627 1037 687 quid
1057 636 1208 681 restat,
1230 626 1310 669 nisi
1335 634 1381 669 ut
1403 625 1588 685 quisque
1600 638 1676 667 ca-

293 701 482 746 tholicus
513 716 592 759 pro
620 700 805 754 viribus,
847 714 954 758 quas
988 699 1119 741 sumit
1148 712 1170 740 a
1199 696 1406 750 Domino,
1446 693 1677 752 redarguat

298 773 421 815 istam
445 779 634 829 pestem,
664 771 790 828 eique
812 767 1041 827 vigilanter
1068 767 1271 823 obsistat,
1298 774 1351 809 ut
1371 779 1469 808 cum
1497 779 1677 823 respon-

291 841 423 885 dendi
459 839 735 893 necessitate,
776 839 866 882 sine
906 836 1050 881 studio
1092 835 1404 889 contentionis,
1446 849 1524 893 pro
1560 834 1675 877 veri-

295 920 380 955 tate
409 918 623 964 certatur,
648 909 921 952 instruantur
949 907 1136 961 indocti,
1168 915 1298 964 atque
1331 906 1389 948 ita
1406 904 1450 947 in
1475 903 1680 948 Ecclesiae

295 989 574 1026 convertatur
607 979 864 1033 utilitatem,
894 977 1013 1037 quod
1047 986 1111 1021 est
1139 976 1339 1020 inimicus
1372 975 1417 1018 in
1446 974 1679 1033 perniciem

296 1051 585 1103 machinatus,
599 1050 720 1109 juxta
738 1047 847 1091 illud
865 1046 1076 1105 Apostoli,
1093 1066 1110 1087 «
1123 1048 1306 1105 Oportet
1318 1055 1360 1089 et
1375 1046 1558 1089 haereses
1572 1059 1678 1099 esse,

295 1140 314 1162 η
350 1131 396 1164 ut
420 1120 593 1179 probati
614 1117 832 1162 manifesti
850 1118 957 1161 fiant
975 1119 1086 1161 inter
1106 1119 1226 1162 vos1?
1248 1135 1266 1156 υ

349 1193 509 1235 XXVI.
537 1192 781 1247 Quaproter
801 1198 897 1246 post
917 1188 1050 1232 multa
1065 1223 1075 1241 ,
1101 1203 1201 1246 quae
1223 1186 1430 1230 adversus
1453 1187 1581 1229 istum
1615 1200 1682 1227 er-

293 1275 434 1303 rorem
470 1259 694 1301 inimicum
727 1258 873 1314 gratiae
899 1258 992 1311 Dei,
1019 1272 1150 1316 quam
1176 1272 1249 1314 per
1280 1258 1427 1299 Jesum
1460 1255 1680 1299 Christum

294 1330 529 1373 Dominum
546 1337 743 1372 nostrum
774 1326 938 1385 pusillis
955 1327 1209 1385 magnisque
1226 1325 1430 1383 largitur,
1455 1324 1682 1368 scribendo

294 1400 515 1459 disputare
532 1399 753 1457 potuimus
782 1417 790 1442 ι
817 1413 934 1441 nunc
954 1396 1062 1440 illud
1086 1405 1259 1456 oportet
1283 1405 1505 1450 excutere,
1532 1395 1651 1455 quod
1668 1430 1679 1449 ,

295 1470 488 1514 volentes
515 1469 726 1512 haereseos
755 1476 894 1510 astute
926 1466 1135 1510 invidiam
1176 1465 1416 1520 declinare,
1455 1474 1679 1519 asserunt,

297 1543 459 1583 «istam
477 1547 634 1596 praeter
654 1537 756 1580 fidei
782 1536 1024 1595 periculum
1053 1550 1142 1579 esse
1165 1536 1449 1594 quaestionem
1475 1555 1483 1579 2
1513 1555 1531 1576 »
1553 1544 1601 1578 ut
1618 1536 1683 1579 vi-

296 1610 452 1653 delicet
472 1610 504 1652 si
525 1609 569 1651 in
592 1623 639 1651 ea
661 1606 823 1650 fuerint
837 1606 1097 1650 exorbitasse
1119 1606 1321 1659 convicti,
1346 1621 1434 1649 non
1457 1605 1683 1649 criminali-

298 1689 362 1722 ter
380 1679 455 1722 sed
471 1679 593 1738 quasi
609 1677 789 1722 civiliter
804 1691 963 1719 errasse
979 1675 1222 1719 videantur.
1242 1675 1309 1719 Sic
1325 1676 1439 1718 enim
1455 1674 1684 1719 Coelestius

297 1749 413 1808 apud
428 1748 733 1806 Carthaginem
760 1747 886 1806 gestis
906 1745 1200 1790 ecclesiasticis
1218 1755 1281 1789 est
1299 1745 1473 1789 loeutus
1493 1765 1500 1789 :
1524 1764 1543 1785 «
1562 1747 1656 1788 Jam
1669 1779 1680 1799 ,

296 1820 459 1879 inquit,
495 1819 550 1862 de
586 1819 766 1862 traduce
796 1816 960 1876 peccati
995 1816 1102 1870 dixi,
1134 1816 1235 1874 quia
1275 1817 1386 1860 intra
1418 1815 1679 1859 Catholieam

297 1891 554 1934 constitutos
588 1889 734 1948 plures
762 1887 907 1931 audivi
930 1886 1174 1941 destruere,
1201 1902 1280 1930 nec
1304 1901 1394 1930 non
1423 1895 1465 1929 et
1490 1885 1594 1930 alios
1617 1901 1683 1929 as-

298 1970 463 2010 truere;
484 1959 586 2003 licet
608 1959 858 2017 quaestionis
882 1973 946 2001 res
968 1958 1022 2001 sit
1039 1958 1116 2002 ista
1133 1992 1143 2011 ,
1173 1972 1261 2001 non
1282 1957 1467 2000 haeresis.
1492 1956 1684 2000 Infantes

298 2044 468 2088 semper
482 2027 569 2072 dixi
599 2043 723 2086 egere
757 2027 993 2086 baptismo,
1026 2042 1074 2070 ac
1108 2026 1265 2069 debere
1298 2026 1504 2085 baptizari
1534 2046 1543 2070 ;
1575 2026 1683 2085 quid

298 2098 455 2158 quaerit
473 2096 615 2140 aliud?
639 2100 701 2139 Ita
721 2097 805 2140 hoc
828 2095 955 2149 dixit,
987 2105 1193 2154 tanquam
1217 2095 1457 2152 significare
1476 2094 1679 2148 voluerit,

303 2178 404 2211 tunc
423 2167 552 2210 fuisse
569 2166 764 2209 haeresim
783 2165 1078 2224 judicandam,
1100 2165 1134 2208 si
1154 2165 1359 2222 baptizari
1378 2163 1538 2207 debere
1552 2179 1683 2222 nega-

296 2247 363 2281 ret
395 2236 581 2279 infantes
610 2256 618 2279 ι
646 2250 764 2279 nunc
793 2250 894 2278 vero
926 2235 1134 2294 quoniam
1176 2233 1457 2293 baptizandos
1491 2234 1679 2287 fatetur,

300 2307 430 2351 etiam
448 2307 480 2349 si
500 2320 671 2350 causam
698 2305 968 2363 baptismatis
996 2318 1146 2348 eorum
1169 2318 1256 2347 non
1276 2319 1371 2347 eam
1393 2302 1524 2356 dicat,
1550 2320 1681 2364 quam

300 2377 456 2419 veritas
474 2375 623 2428 habet,
643 2376 717 2418 sed
735 2391 834 2434 quae
855 2374 910 2417 ad
931 2374 1062 2417 fidem
1085 2388 1173 2416 uon
1197 2373 1410 2431 pertinet,
1442 2389 1531 2417 non
1554 2389 1597 2417 se
1613 2388 1683 2418 ar-

303 2446 489 2491 bitratur
506 2448 688 2499 errare2,
707 2454 751 2488 et
772 2446 870 2488 ideo
889 2460 974 2488 non
994 2459 1084 2488 esse
1104 2443 1354 2487 haereticum
1373 2443 1677 2502 judicandum.

352 2538 361 2551 ¹
389 2542 398 2562 1
421 2531 493 2562 Cor.
517 2541 560 2565 xi.
586 2541 635 2571 19·
652 2546 692 2552 —
709 2536 721 2551 ²
741 2530 841 2561 For-te
862 2539 923 2561 non
940 2540 975 2562 se
989 2528 1195 2563 crlminaliter
1212 2538 1331 2564 errare,
1350 2526 1460 2560 deleto
1475 2538 1548 2560 non.
