1804 3205
407 217 487 242 Liri.
526 218 554 241 i.
593 217 645 242 uz
678 216 832 243 αιιΛτιΑ
863 216 1043 242 enuisti.
1340 205 1419 243 143

38 280 202 325 litatem
225 278 466 323 naturalem
502 279 701 338 perhibet
729 279 954 339 adjuvari,
980 280 1023 323 in
1061 283 1179 337 Lege
1199 282 1422 325 constituit

38 359 170 410 atque
196 350 415 403 doctrina,
440 365 571 409 quam
593 349 720 394 nobis
744 351 905 395 fatetur
925 351 1052 395 etiam
1074 359 1224 394 sancto
1260 351 1422 409 Spiritu

40 421 234 475 revelari,
256 431 432 480 propter
447 421 568 480 quod
591 431 634 466 et
655 423 870 466 orandum
893 437 981 466 esse
997 422 1213 466 concedit.
1237 423 1322 466 Sed
1341 422 1422 466 hoc
1487 426 1492 432 '

38 490 302 550 adjutorium
322 492 445 550 Legis
475 500 606 552 atque
628 491 838 537 doctrinm
860 493 990 536 etiam
1010 492 1273 551 propheticis
1293 492 1422 536 fuisse

41 562 327 620 temporibus:
347 562 613 622 adjutorium
635 572 779 608 autem
796 564 961 622 gratim,
979 579 1079 624 quae
1104 564 1277 623 proprie
1291 564 1425 622 gratia

39 642 346 693 nuncupatur,
377 634 422 678 in
452 634 612 679 Christi
652 649 741 679 esse
772 635 1009 678 arbitratur
1041 634 1240 694 exemplo
1266 654 1274 678 ε
1305 634 1424 695 quod

39 702 317 748 nihilominus
336 704 392 748 ad
412 702 654 748 doctrinam
671 705 885 764 pertinere
905 705 1141 764 perspicitis
1160 740 1170 759 ,
1188 721 1287 764 quae
1303 706 1427 749 nobis

37 773 282 833 evangeliea
302 773 587 834 praedicatur:
610 785 660 820 ut
676 775 881 820 videlicet
900 785 1108 836 tanquam
1131 776 1199 821 via
1223 776 1427 820 demons-

39 852 166 898 trata,
191 859 277 903 qua
298 845 520 889 ambulare
543 845 794 901 debeamus,
814 848 904 906 jam
922 846 1087 890 viribus
1105 845 1424 899 liberiarbitrii,

40 913 254 974 adjutorio
280 916 403 961 nullo
426 916 604 961 alterius
626 917 886 976 indigentes,
916 918 1181 961 sullieiamus
1204 917 1346 971 nohis,
1371 932 1427 960 ne

38 983 289 1030 deficiamus
324 986 368 1030 in
404 987 473 1030 via
512 1005 522 1031 :
556 987 752 1046 quamvis
787 996 830 1031 et
868 988 1005 1046 ipsam
1042 988 1154 1030 viam
1192 985 1428 1031 contendat

38 1054 166 1099 etiam
199 1055 288 1100 sola
310 1055 495 1100 inveniri
528 1071 652 1115 posse
674 1065 852 1112 natura,
883 1056 958 1100 sed
986 1055 1172 1111 facilius,
1197 1057 1231 1100 si
1253 1055 1429 1116 adjuvet

38 1125 188 1182 gratia.

97 1197 253 1240 XLVI.
286 1197 390 1240 Haee
423 1211 528 1255 ergo
560 1211 640 1255 pro
667 1211 765 1241 meo
793 1205 925 1256 captu
955 1196 1198 1255 intelligere
1223 1196 1348 1256 potui
1380 1197 1426 1240 in

39 1263 199 1323 Pelagii
222 1266 406 1325 scriptis,
426 1267 604 1326 quando
627 1267 824 1311 nominat
847 1268 1045 1325 gratiam.
1074 1265 1238 1311 Videtis
1260 1276 1424 1321 autem,

37 1335 158 1395 quod
175 1337 252 1395 qui
269 1337 347 1381 ista
365 1337 582 1392 sentiunt,
603 1338 851 1396 ignorantes
875 1337 946 1381 Dei
959 1338 1172 1397 justitiam
1188 1373 1198 1392 ‚
1220 1353 1342 1382 suam
1356 1353 1429 1382 vo-

38 1404 136 1450 lunt
152 1408 458 1462 constituere¹,
483 1417 525 1451 et
541 1407 671 1466 longe
687 1408 742 1452 ab
764 1407 837 1452 illa
855 1417 973 1462 sunt,
1000 1423 1099 1466 quae
1122 1409 1248 1452 nobis
1270 1424 1319 1451 ex
1340 1412 1428 1452 Deo

39 1485 127 1530 est,
158 1492 246 1521 non
274 1494 324 1522 ex
353 1478 522 1533 nobis2,
552 1494 684 1538 quam
714 1479 758 1521 in
783 1478 1014 1537 Scripturis
1049 1478 1233 1522 maxime
1272 1480 1429 1522 sanctis

39 1547 257 1592 canonicis
275 1547 500 1593 advertere
519 1558 650 1608 atque
672 1564 905 1608 agnoscere
927 1548 1192 1593 debuerunt.
1221 1549 1306 1593 Sed
1325 1550 1428 1608 quia

38 1631 109 1661 eas
139 1617 379 1662 seeundum
402 1634 528 1662 suum
552 1634 726 1663 sensum
753 1617 928 1677 legunt,
954 1617 1152 1678 profecto
1174 1619 1220 1662 in
1244 1618 1326 1662 illis
1349 1633 1429 1662 nec

39 1696 186 1746 aperta
214 1697 494 1733 contuentur.
530 1689 706 1733 Utinam
731 1704 834 1748 ergo
859 1688 1012 1733 saltem
1036 1689 1081 1732 in
1113 1689 1429 1734 catholicorum

41 1757 231 1804 virorum
257 1760 446 1819 scriptis,
471 1776 495 1804 a
517 1761 679 1820 quibus
708 1775 778 1804 eas
811 1769 927 1804 recte
958 1759 1199 1804 intellectas
1227 1775 1317 1804 esse
1341 1775 1430 1804 non

41 1827 273 1885 dubitant,
307 1830 416 1890 quid
448 1831 503 1875 sit
534 1830 589 1874 de
612 1829 829 1889 adjutorio
866 1829 1025 1873 divinae
1055 1831 1203 1887 gratiae
1235 1830 1427 1873 sentien-

41 1899 172 1954 dum,
207 1916 297 1945 non
327 1901 597 1959 negligenter
629 1899 929 1953 attenderent,
968 1915 1049 1943 nec
1079 1915 1169 1943 suae
1200 1901 1425 1943 sententiae

43 1986 189 2017 amore
212 1972 346 2016 nimio
369 1972 654 2031 praeterirent.
688 1974 795 2017 Nam
827 1971 906 2015 iste
936 1971 1024 2030 ipse
1055 1970 1254 2029 Pelagius
1288 1971 1333 2014 in
1356 1970 1430 2015 illo

43 2041 136 2101 ipso
156 2042 318 2086 recenti
339 2041 550 2100 opusculo
572 2057 674 2096 suo,
698 2042 820 2100 cujus
849 2056 894 2085 se
915 2041 1328 2085 commemoratione
1352 2039 1429 2084 de-

44 2109 208 2166 fendit,
234 2110 278 2155 id
300 2122 386 2166 est,
411 2111 457 2155 in
481 2111 606 2155 tertio
620 2109 733 2155 libro
752 2125 829 2170 pro
844 2110 983 2155 libero
1000 2109 1179 2154 arbitrio
1195 2145 1205 2165 ,
1230 2119 1431 2154 sanctum

44 2181 320 2226 Ambrosium
345 2181 719 2241 quemadmodum
742 2180 915 2234 laudet,
943 2181 1141 2240 accipite.

100 2253 280 2295 XLVII.
311 2269 332 2293 «
356 2254 528 2305 Beatus,
553 2251 721 2311 inquit,
747 2250 998 2295 Ambrosius
1020 2251 1254 2310 ipiscopus,
1277 2251 1323 2295 in
1346 2266 1423 2295 cu-

37 2322 108 2381 jus
134 2322 353 2381 praecipue
376 2320 498 2365 libris
521 2324 717 2365 Romana
747 2321 890 2365 elucet
911 2320 1041 2372 fides,
1068 2321 1144 2380 qui
1169 2321 1428 2380 scriptorum

44 2392 156 2435 inter
176 2392 350 2436 Latinos
373 2392 452 2436 ssos
472 2391 651 2452 quidam
670 2392 885 2451 speciosus
900 2391 1072 2446 enituit,
1095 2393 1216 2451 cujus
1237 2391 1369 2435 fidem
1385 2400 1429 2436 et

43 2462 320 2521 purissimum
338 2461 382 2506 in
401 2460 631 2521 Scripturis
647 2476 837 2516 sensum,
859 2476 912 2506 ne
932 2461 1132 2506 iuimicus
1144 2460 1324 2521 quidem
1347 2476 1450 2506 au-·

99 2552 107 2567 ¹
126 2547 214 2577 Rom.
235 2555 266 2580 x.
289 2545 397 2577 3.—=
417 2544 530 2586 Philip.
552 2556 602 2586 nr,
617 2555 648 2586 ς).
