1784 3205
345 221 429 259 386
756 229 790 258 s.
827 229 1058 259 mausum
1091 232 1279 260 muscum

343 298 502 343 saeculo
519 333 531 353 ,
555 299 631 342 sed
652 298 895 343 reformeris
911 297 957 340 in
978 297 1170 342 novitate
1192 298 1346 342 mentis
1367 306 1472 354 tuae,
1490 313 1571 343 nec
1587 301 1724 359 sapias

343 369 585 414 secundum
611 384 807 424 carnem,
832 369 1037 428 quomam
1057 383 1172 413 mors
1193 376 1259 412 est
1279 371 1310 413 ¹.

401 441 523 483 XXI.
539 437 622 484 Sed
636 439 805 499 inquis:
822 457 841 481 «
855 438 898 483 Si
915 439 1056 484 anima
1070 447 1186 483 caret
1202 453 1397 497 corpore,
1409 437 1515 496 quid
1528 447 1591 484 est
1601 439 1723 499 quod

342 511 459 570 apud
471 510 631 556 inferos
644 512 762 556 dives
774 510 846 553 ille
858 511 1103 568 cognoscit?
1116 512 1260 565 Certe,
1276 510 1435 569 inquis,
1447 520 1626 554 noverat
1631 512 1722 570 jam

341 582 568 635 Lazarum,
589 597 679 626 non
693 590 872 625 noverat
884 580 1102 625 Abraham
1119 600 1129 626 ι
1148 579 1266 624 unde
1280 579 1341 623 illi
1357 588 1479 624 tanto
1496 589 1596 624 ante
1617 589 1721 624 tem-

332 664 438 707 pore
459 649 659 695 defuncti
681 651 867 695 Abrahae
881 652 1084 710 provenit
1108 651 1268 709 agnitio
1286 652 1304 694 Ξ)
1328 668 1347 691 »
1371 652 1474 695 Haec
1491 649 1660 704 dicens,
1687 650 1722 694 si

337 719 600 775 agnitionem
614 720 801 764 hominis
816 722 1045 779 provenire
1064 736 1153 765 non
1171 730 1297 780 putas
1319 720 1410 764 sine
1424 721 1614 780 corporis
1627 718 1721 790 1015-

337 802 431 846 ma3
449 798 498 832 ut
520 790 690 834 noveris
712 800 754 834 te
772 791 930 849 ipsum,
945 793 1075 835 credo
1092 791 1211 850 quod
1230 791 1397 835 assidue
1419 790 1645 850 speculum
1660 797 1720 834 at-

336 857 492 913 tendis,
505 875 556 903 ne
568 859 740 905 silueris
756 861 919 905 oblitus
935 860 1090 906 faciem
1104 871 1241 916 tuam,
1259 877 1349 905 non
1362 870 1404 905 te
1418 862 1552 920 possis
1570 875 1721 918 agnos-

331 943 442 973 cere.
470 933 592 989 Rogo
615 940 673 986 te,
690 947 820 992 quem
839 933 971 990 magis
984 933 1212 977 hominum
1231 932 1353 976 novit
1373 932 1505 976 homo
1521 946 1650 991 quam
1674 945 1720 975 se

330 998 472 1056 ipsum
489 1035 499 1055 ‚
524 1010 567 1044 et
586 1002 708 1060 cujus
734 1001 876 1045 minus
899 1012 1040 1060 potest
1063 1002 1220 1046 faciem
1241 1002 1389 1046 videre
1410 1015 1542 1060 quam
1563 1016 1683 1045 suam
1705 1001 1724 1043 Ρ

332 1071 438 1122 Quis
470 1081 615 1114 autem
642 1081 786 1130 potest
810 1088 1071 1131 cognoscere
1095 1076 1234 1116 Deum
1255 1107 1266 1127 ‚
1298 1086 1431 1131 quem
1463 1081 1513 1116 tu
1541 1084 1719 1131 quoque

326 1138 634 1198 incorporeum
664 1156 754 1185 esse
782 1159 871 1187 non
901 1142 1076 1187 dubitas
1101 1163 1113 1200 3
1143 1143 1177 1186 si
1210 1152 1367 1202 praeter
1397 1142 1589 1202 corporis
1623 1140 1715 1186 for-

329 1226 445 1255 mam
460 1246 471 1266 ,
498 1212 609 1256 sicut
632 1222 779 1270 putas,
800 1228 888 1257 non
911 1223 1052 1272 potest
1073 1214 1262 1271 cognitio
1284 1215 1531 1272 provenire,
1556 1212 1601 1256 id
1623 1220 1714 1268 est,

329 1281 363 1324 si
381 1296 562 1340 corpora
584 1292 765 1341 possunt
782 1283 871 1327 sola
894 1283 1095 1342 cognosci
1117 1284 1257 1336 PQuis
1283 1292 1428 1326 autem
1444 1282 1717 1326 Christianus

329 1350 384 1395 de
400 1361 489 1396 tam
515 1354 682 1412 magnis
704 1354 1061 1415 difficillimisque
1084 1354 1212 1399 rebus
1235 1354 1461 1413 disputans
1479 1386 1490 1407 ‚
1521 1352 1718 1397 animum

326 1422 372 1465 in
392 1424 526 1467 verba
560 1424 707 1468 divina
734 1434 824 1469 tam
848 1425 1120 1484 negligenter
1148 1425 1372 1479 intendat,
1389 1433 1440 1468 ut
1455 1423 1572 1468 dicat
1594 1442 1603 1468 ε
1629 1441 1649 1464 «
1675 1422 1718 1468 Si

325 1492 580 1551 incorporea
598 1504 661 1538 est
683 1495 842 1551 anima,
863 1511 1035 1540 necesse
1057 1505 1120 1540 est
1145 1504 1289 1540 careat
1309 1494 1479 1540 forma?
1499 1512 1519 1536 »
1541 1493 1716 1537 Oblitus

328 1575 387 1616 es,
415 1571 454 1605 te
472 1561 656 1608 formam
677 1565 827 1623 legisse
850 1565 1061 1610 doctrinae
1083 1568 1101 1610 Ρ
1123 1570 1239 1624 Ergo
1260 1580 1466 1624 corporea
1488 1573 1552 1609 est
1574 1563 1716 1608 forma

328 1629 536 1676 doctrinae
560 1636 591 1677 ².
614 1635 787 1679 Oblitus
805 1651 864 1691 es,
885 1637 1092 1695 scriptum
1110 1652 1200 1680 esse
1217 1636 1272 1680 de
1293 1637 1466 1681 Christo
1487 1638 1589 1680 Jesu
1605 1669 1616 1689 ‚
1638 1649 1716 1678 an-

327 1709 503 1760 tequam
522 1703 744 1749 hominem
758 1705 908 1750 fuisset
918 1706 1116 1762 indutus,
1132 1705 1252 1766 quod
1265 1707 1311 1750 in
1325 1706 1465 1750 forma
1477 1706 1556 1750 Dei
1572 1705 1715 1749 erat-⁹³?

327 1772 560 1823 Quomodo
582 1790 685 1833 ergo
709 1774 816 1819 dicis
841 1795 850 1821 z
882 1794 899 1816 «
928 1777 970 1821 Si
993 1777 1246 1836 incorporea
1270 1785 1333 1820 cst
1351 1776 1493 1819 anima
1510 1811 1521 1830 ‚
1541 1789 1714 1819 necesse

329 1850 392 1885 est
428 1853 572 1888 careat
605 1843 743 1889 forma
768 1867 779 1904 3
814 1861 913 1890 cum
947 1846 1096 1891 audias
1126 1845 1311 1891 formam
1334 1846 1441 1902 Dei,
1470 1861 1602 1906 quem
1625 1860 1715 1889 non

326 1925 415 1955 esse
431 1928 690 1973 corporeum
711 1917 929 1961 confiteris
953 1938 964 1975 3
988 1926 1032 1961 et
1052 1917 1112 1961 ita
1132 1916 1321 1977 loqueris
1337 1925 1548 1976 tanquam
1571 1913 1713 1960 forma

328 1982 408 2026 nisi
434 1984 476 2027 in
499 1986 751 2043 corporibus
774 2002 863 2032 esse
882 2003 971 2032 non
985 1987 1147 2047 possit?
1605 2042 1609 2046 ⁵

387 2054 531 2097 XXII.
562 2056 673 2100 Dicis
707 2058 836 2102 etiam
863 2077 872 2102 ε
901 2077 922 2100 «
947 2060 1122 2103 Cessare
1155 2057 1243 2101 illic
1275 2056 1451 2101 nomina
1471 2090 1483 2111 ,
1517 2055 1596 2099 ubi
1621 2069 1713 2100 non

328 2122 607 2182 distinguitur
648 2126 787 2171 forma
824 2149 834 2186 3
873 2138 916 2172 et
947 2129 1057 2171 nihil
1095 2128 1183 2171 illic
1214 2142 1338 2185 agere
1374 2125 1712 2186 appellationem

330 2194 559 2238 nominum
579 2230 590 2250 ,
616 2196 694 2239 ubi
714 2196 836 2241 nulla
870 2206 932 2241 est
961 2196 1198 2254 designatio
1225 2211 1521 2255 personarum.
1551 2214 1571 2237 »
1597 2196 1710 2239 Hinc

328 2263 477 2310 volens
510 2266 693 2325 probare
723 2268 910 2312 Abrahae
943 2270 1129 2313 animam
1157 2268 1286 2312 fuisse
1309 2281 1581 2326 corpoream,
1607 2264 1734 2328 quiav

329 2334 414 2378 dici
447 2337 590 2394 potuit
615 2356 624 2381 ε
661 2341 787 2382 Pater
821 2338 1057 2384 Abraham.
1091 2341 1188 2383 Jam
1228 2338 1414 2381 diximus
1428 2372 1439 2393 ‚
1476 2338 1604 2381 etiam
1630 2335 1710 2379 ubi

328 2419 483 2463 corpus
505 2406 677 2450 nullum
700 2417 778 2463 est,
799 2424 887 2453 esse
910 2408 1109 2454 formam.
1139 2409 1182 2453 Si
1201 2417 1344 2452 autem
1369 2407 1707 2467 appellationem

327 2476 553 2520 nominum
577 2477 686 2520 nihil
712 2488 837 2537 putas
867 2495 1013 2539 agere,
1040 2480 1116 2524 ubi
1137 2495 1226 2523 non
1255 2487 1355 2522 sunt
1376 2493 1556 2538 corpora
1583 2497 1595 2536 3
1618 2491 1706 2520 nu-

376 2567 384 2583 ¹
405 2561 498 2593 Rom.
525 2573 583 2602 ui,
609 2571 640 2604 2,
661 2567 694 2595 et
710 2574 776 2606 vni,
797 2563 830 2596 6.
851 2581 883 2588 -
906 2571 917 2587 2
940 2566 985 2601 Id,
1002 2577 1050 2605 vr,
1072 2574 1120 2608 17.
1135 2580 1176 2588 —-
1190 2563 1204 2587 3
1222 2563 1332 2607 Philip.
1352 2575 1385 2601 11,
1404 2564 1438 2597 6.
