1784 3205
327 234 380 269 20
750 237 782 263 s.
820 234 922 261 Atei
941 233 1049 260 s’riui
1088 231 1263 259 El'lSCOl’l

325 307 473 366 utique
491 312 600 357 orat,
627 310 676 346 ut
695 308 910 359 praecepta
939 297 1015 341 Dei
1039 296 1169 340 faciat
1196 314 1203 338 ε
1230 309 1328 354 quae
1353 301 1403 336 ut
1426 292 1597 344 fierent,
1627 305 1705 333 nee

316 377 543 437 juberetur
561 409 571 428 ‚
598 373 632 417 si
653 370 762 416 nihil
780 370 842 414 ibi
865 377 1010 413 nostra
1032 365 1232 411 voluntas
1256 373 1401 422 ageret
1421 384 1434 419 '⁷
1459 377 1539 404 nec
1563 376 1707 404 orare-

320 455 409 501 tur,
429 446 461 489 si
476 444 566 489 sola
583 443 813 487 sufficeret.
829 438 1205 485 Commendantur
1218 450 1319 494 ergo
1336 450 1423 478 non
1441 448 1529 476 esse
1544 431 1704 490 gravia,

320 526 372 561 ut
388 516 457 561 cui
476 515 617 573 gravia
633 522 755 566 sunt,
772 509 985 567 intelligat
1007 508 1204 552 nondum
1226 523 1269 550 se
1292 504 1503 563 accepisse
1521 503 1705 556 donum,

321 603 410 647 quo
429 586 571 645 gravia
589 599 678 628 non
698 583 807 640 sint3
827 596 907 625 nec
926 580 1157 623 arbitretur
1171 593 1218 620 ea
1237 593 1281 621 se
1293 576 1514 635 perficere,
1532 571 1710 631 quando

318 666 380 713 ita
402 656 505 700 facit
524 690 535 709 ,
566 663 617 698 ut
638 653 782 712 gravia
804 652 902 695 sint.
932 668 950 692 «
987 649 1175 693 Hilarem
1204 648 1319 691 enim
1342 647 1537 689 datorem
1569 642 1712 700 diligit

321 745 343 768 υ
370 730 481 770 Deus
501 728 531 767 1.
557 743 575 765 »
606 727 696 769 Nec
718 733 863 767 tamen
877 756 887 774 ,
913 735 1012 764 cum
1035 735 1083 762 ea
1103 719 1247 777 gravia
1265 718 1418 770 sentit,
1439 712 1711 773 desperando

318 795 567 852 frangatur:
593 793 668 837 sed
690 792 745 836 ad
762 789 1066 850 quaerendum,
1083 787 1339 847 petendum,
1356 784 1711 846 pulsandumque

322 875 518 924 cogatur.

377 937 524 979 XXII.
562 932 801 978 Audiamus
818 945 921 988 ergo
943 938 986 973 et
1007 929 1051 972 in
1071 930 1134 971 his
1153 927 1407 972 testimoniis
1430 941 1528 985 quae
1551 923 1710 968 deinde

319 1006 462 1065 posuit
484 1039 495 1059 ‚
528 1007 665 1047 Deum
696 1017 771 1045 sua
795 1009 1009 1060 praecepta
1034 1015 1121 1043 non
1147 997 1289 1055 gravia
1312 995 1707 1040 commendantem.

324 1094 345 1117 «
365 1073 490 1128 Quod
512 1073 589 1118 Dei
610 1072 837 1125 mandata,
864 1070 1028 1129 inquit,
1054 1084 1142 1112 non
1167 1067 1298 1111 modo
1321 1064 1602 1125 impossibilia
1625 1079 1713 1107 non

320 1146 584 1200 sint‚verum
598 1159 653 1186 ne
677 1142 820 1201 gravia
843 1139 1037 1199 quidem.
1063 1143 1112 1182 ln
1139 1137 1592 1182 Deutffl·0nomi0:«Et
1614 1150 1710 1179 con-

322 1234 342 1258 »
368 1225 562 1260 vertetur
586 1214 794 1258 Dominus
820 1215 934 1258 Deus
958 1219 1058 1254 tuus
1081 1208 1247 1267 epulari
1276 1209 1319 1251 in
1342 1217 1385 1250 te
1408 1222 1537 1265 super
1569 1206 1710 1259 bonis,

324 1305 345 1329 >›
372 1286 484 1330 sicut
513 1284 715 1343 epulatus
741 1293 805 1326 est
825 1297 956 1340 super
976 1290 1116 1339 patres
1139 1289 1252 1333 tuos,
1277 1280 1311 1322 si
1328 1278 1547 1321 audieritis
1567 1292 1715 1321 vocem

326 1375 348 1398 »
376 1356 549 1400 Domini
584 1354 660 1398 Dei
682 1354 811 1397 vestri
832 1388 842 1405 ‚
877 1349 1094 1395 custodire
1117 1359 1158 1392 et
1188 1349 1328 1392 facere
1348 1349 1493 1392 omnia
1515 1348 1719 1392 mandata

329 1445 350 1469 »
377 1428 492 1486 ejus,
524 1434 567 1468 et
587 1424 794 1484 justitias,
829 1431 870 1466 et
896 1421 1060 1481 judicia
1091 1436 1188 1479 quze
1222 1420 1380 1478 scripta
1410 1420 1577 1462 suntin
1606 1418 1718 1462 libro

332 1514 354 1538 »
382 1495 646 1554 Legishujus
668 1498 684 1519 ’ἒ
707 1513 716 1537 2
744 1512 763 1534 »
787 1494 820 1536 si
842 1506 1071 1536 conversus
1089 1489 1220 1532 fueris
1247 1490 1301 1533 ad
1322 1490 1554 1533 Dominum
1582 1492 1717 1531 Deum

330 1575 458 1610 tuum
476 1581 526 1608 ex
548 1573 641 1608 toto
663 1562 793 1608 corde
812 1571 888 1606 tuo
905 1596 915 1616 ‚
937 1570 979 1604 et
997 1576 1046 1604 ex
1071 1570 1160 1604 tota
1187 1559 1330 1602 anima
1355 1568 1443 1602 tua.
1463 1560 1572 1612 Quia
1594 1573 1717 1602 man·-

332 1636 483 1680 datum
513 1637 612 1687 hoc,
647 1634 767 1695 quod
799 1647 879 1691 ego
913 1635 1073 1675 maudo
1107 1631 1183 1673 tibi
1207 1629 1352 1685 hodie⁷
1379 1646 1467 1674 non
1487 1640 1550 1674 est
1573 1645 1716 1685 grave,

330 1722 473 1766 neque
495 1723 517 1750 a
539 1715 580 1750 te
600 1706 728 1763 longe
749 1714 825 1748 est.
857 1706 952 1748 Non
976 1712 1038 1745 est
1060 1704 1103 1744 in
1118 1701 1232 1745 coelo
1251 1737 1261 1755 ,
1284 1709 1334 1744 ut
1356 1702 1470 1745 dicas
1496 1721 1503 1745 ;
1531 1702 1635 1754 Quis
1652 1717 1720 1744 as-

332 1777 490 1821 cendet
512 1777 557 1819 in
579 1775 738 1819 eoelum
753 1809 763 1827 ‚
782 1783 825 1817 et
850 1773 1031 1831 accipiet
1048 1771 1157 1815 illud
1185 1771 1323 1825 nobis,
1351 1781 1393 1815 et
1415 1771 1640 1815 audientes
1662 1771 1721 1814 ta—

334 1847 497 1892 ciemus
516 1848 533 1889 Ρ
554 1849 650 1891 Non
672 1854 735 1888 est
754 1854 870 1888 trans
898 1859 1029 1895 mare,
1057 1853 1106 1886 ut
1124 1844 1238 1886 dieas
1266 1862 1273 1886 2
1299 1843 1404 1895 Quis
1426 1842 1724 1886 transfretabit

334 1931 454 1960 mare
493 1925 536 1959 et
569 1916 752 1974 accipiet
785 1913 896 1957 illud
927 1913 1051 1957 nobis
1073 1948 1083 1967 ‚
1120 1922 1162 1956 et
1203 1912 1427 1957 audientes
1470 1914 1678 1957 faciemus
1706 1915 1723 1957 P

338 1989 469 2030 Juxta
495 1995 537 2029 te
567 1994 630 2029 est
670 1984 785 2027 enim
813 1984 995 2026 verbum
1022 1983 1067 2025 in
1092 1998 1165 2026 ore
1191 1993 1265 2026 tuo
1284 2019 1293 2036 ‚
1328 1983 1372 2027 in
1407 1984 1537 2028 corde
1557 2019 1567 2035 ‚
1605 1993 1648 2028 et
1678 1984 1723 2026 in

339 2056 542 2100 manibus
565 2055 649 2098 tuis
670 2054 813 2097 facere
837 2052 961 2096 illud.
999 2055 1107 2095 Item
1137 2054 1342 2097 Dominus
1371 2054 1415 2096 in
1452 2054 1688 2112 Evangelio
1712 2073 1721 2098 ε

343 2149 365 2173 «
404 2130 560 2174 Venite
588 2130 639 2173 ad
671 2144 739 2172 me
770 2143 918 2173 omnes
955 2128 1029 2186 qui
1072 2128 1275 2171 laboratis
1309 2138 1352 2172 et
1390 2130 1555 2172 onerati
1591 2130 1687 2173 estis
1711 2165 1720 2181 ,

342 2218 364 2242 >›
401 2209 444 2244 et
467 2216 547 2259 ego
569 2215 643 2245 vos
662 2200 929 2259 requiescere
950 2197 1149 2242 faciamss.
1179 2217 1198 2239 »
1230 2199 1384 2243 Tollite
1401 2202 1553 2259 jugum
1578 2216 1721 2244 meum

342 2287 364 2311 >›
401 2285 529 2328 super
557 2286 632 2314 vos
654 2304 664 2324 ‚
702 2278 744 2312 et
771 2269 922 2313 discite
949 2284 971 2310 a
997 2283 1066 2311 me
1092 2269 1193 2327 quia
1216 2269 1329 2312 mitis
1359 2286 1452 2313 sum
1481 2280 1526 2314 et
1550 2271 1724 2314 humilis

343 2358 365 2381 2)
401 2340 560 2389 corde;
587 2349 628 2384 et
650 2339 876 2383 invenietis
906 2339 1100 2397 requiem
1118 2339 1344 2383 animabus
1366 2341 1541 2385 vestris:
1568 2343 1724 2401 jugum

344 2427 367 2452 »
398 2424 511 2453 enim
541 2425 684 2453 meum
718 2424 847 2453 suave
877 2418 940 2452 est
964 2417 1007 2451 et
1030 2424 1139 2452 onus
1167 2425 1313 2452 meum
1348 2410 1438 2455 leve
1459 2422 1536 2456 est.
1562 2431 1581 2453 »
1617 2416 1724 2456 [tem

344 2481 389 2523 in
411 2479 603 2538 Epistola
631 2479 767 2522 sancti
798 2478 975 2522 Joannis
1005 2497 1012 2521 :
1044 2497 1062 2520 «
1090 2482 1192 2523 Haec
1229 2490 1292 2523 est
1322 2481 1506 2525 charitas
1543 2483 1615 2526 Dei
1636 2517 1646 2537 ‚
1677 2492 1726 2526 ut

392 2569 400 2585 ¹
426 2571 443 2594 2
462 2564 705 2605 001'·¹X2C)·-‘
724 2569 735 2584 2
752 2566 843 2594 Deut.
866 2573 981 2603 xxx79.
997 2581 1031 2585 „⁴
1052 2562 1064 2584 ⁵
1082 2563 1203 2595 Matth.
1225 2575 1269 2602 xi,
1290 2566 1343 2597 28.
