1804 3205
428 229 509 255 Ltu-
546 230 575 255 1.
614 231 666 256 υι-ῑ.
697 230 852 257 ouum
884 231 1064 260 ciiius'ri.
1364 227 1440 263 127

60 291 209 335 diens:
237 309 258 333 α
287 294 396 335 Deus
419 292 603 337 charitas
624 304 703 348 cst,
733 313 751 336 η
777 311 910 354 quare
933 296 1076 342 adhuc
1103 313 1238 357 usquc
1260 309 1442 344 conten-

62 361 141 416 dit,
164 360 284 421 quod
307 380 358 406 cx
393 363 473 408 illis
503 365 640 409 tribus
675 367 979 412 tantummodo
1014 369 1339 427 possibilitatem
1375 373 1445 416 ba-

63 432 240 477 beamus
260 448 311 476 cx
337 437 439 488 Deo,
467 434 624 480 bonam
645 451 746 482 vcro
765 437 1032 484 voluntatem
1051 439 1300 500 bonamque
1314 443 1446 486 actio-

63 519 161 548 nem
181 504 414 550 habeamus
431 522 481 550 ex
503 508 628 552 nobis
644 510 662 552 P
677 509 806 562 Quasi
825 525 925 554 vcro
943 510 1061 555 aliud
1082 512 1134 556 sit
1159 513 1270 556 bona
1295 513 1447 558 volun-

64 584 124 620 tas
154 592 288 636 quam
315 578 499 623 charitas
515 613 525 633 ‚
550 595 682 639 quam
707 581 927 640 Scriptura
953 582 1075 627 nobis
1097 599 1187 628 esse
1209 584 1367 629 clamat
1396 601 1445 629 ex

63 649 172 701 Deo,
199 657 242 692 et
263 665 285 692 a
316 652 439 694 Patre
461 650 605 696 datam
623 687 633 706 ,
659 661 708 697 ut
731 652 808 696 filii
830 655 921 712 ejus
944 670 1147 700 essemus,

120 721 285 764 XXIII.
311 720 395 766 Sed
412 720 540 775 forte,
564 732 612 767 ut
633 723 809 767 daretur
827 725 966 779 nobis,
991 727 1276 784 praecedentia
1295 727 1447 771 merita

60 798 203 834 nostra
222 789 419 837 fecerunt
438 812 446 837 z
463 793 574 838 sicut
597 794 675 838 iste
696 794 751 838 de
774 796 907 853 gratia
935 797 1008 840 Dei
1030 798 1159 841 sentit
1181 798 1223 841 in
1243 814 1293 841 co
1315 798 1445 852 libro,

58 876 189 920 quem
212 861 266 905 ad
286 878 450 907 sacram
473 864 683 923 virginem
706 867 874 925 scripsit
900 871 929 922 ¹,
956 869 1078 926 cujus
1102 869 1230 912 etiam
1256 884 1447 913 comme-

59 934 342 979 morationem
366 935 469 982 fecit
490 937 535 981 in
558 936 724 993 litteris,
751 955 857 997 quas
884 944 1062 984 Romam
1086 943 1215 985 misit.
1245 942 1307 985 Ibi
1331 942 1446 986 enim

59 1003 314 1062 interposito
330 1006 482 1051 Jacobi
503 1008 686 1066 apostoli
705 1009 951 1054 testimonio
967 1045 978 1064 ‚
1001 1027 1089 1070 quo
1111 1012 1170 1055 ait
1193 1031 1201 1056 :
1232 1031 1250 1053 α
1276 1012 1447 1057 Subditi

64 1093 80 1114 »
103 1083 240 1120 estote
260 1078 369 1131 Deo,
392 1078 572 1122 resistite
596 1087 741 1123 autem
764 1079 962 1135 diabolo,
988 1090 1032 1125 et
1055 1080 1192 1141 fugiet
1211 1098 1233 1126 a
1257 1083 1378 1126 vobis
1398 1087 1414 1109 2
1437 1102 1445 1127 z

57 1144 284 1204 subjungit
304 1156 347 1191 et
371 1146 477 1193 dixit
501 1149 725 1194 :Ostendit
747 1152 971 1210 quomodo
996 1153 1190 1197 resistere
1212 1153 1448 1197 debeamus

59 1213 263 1272 diabolo,
293 1218 326 1262 si
355 1220 507 1278 utique
534 1219 698 1265 subditi
723 1222 857 1266 simus
889 1226 976 1268 Deo
994 1258 1004 1278 ,
1036 1226 1216 1284 ejusque
1246 1225 1447 1269 faciendo

59 1286 348 1343 voluntatem,
374 1289 563 1334 divinam
585 1306 828 1336 mereamur
851 1294 1049 1351 gratiam,
1075 1304 1118 1338 et
1138 1298 1152 1320 ³
1176 1294 1344 1339 Iacilius
1368 1311 1446 1339 nc—

58 1373 190 1416 quam
218 1360 387 1418 spiritui
408 1395 417 1415 ‚
444 1363 580 1406 sancti
604 1363 786 1421 Spiritus
809 1363 970 1408 auxilio
994 1365 1254 1410 resistamus.
1284 1385 1302 1407 »
1338 1369 1448 1411 Ecce

57 1443 190 1487 quam
203 1431 342 1475 veraci
355 1431 488 1475 corde
502 1431 723 1477 damnavit
741 1434 783 1476 in
808 1433 1094 1479 ceclesiastico
1111 1435 1278 1495 judicio
1299 1436 1448 1480 Palaes-

57 1498 149 1543 tino
171 1514 259 1554 eos,
285 1501 360 1560 qui
383 1501 536 1546 dicunt
559 1504 740 1561 gratiam
767 1505 841 1548 Dei
863 1505 1105 1549 secundum
1131 1507 1283 1551 merita
1305 1517 1449 1551 nostra

57 1568 166 1614 dari.
193 1573 263 1615 An
284 1571 428 1616 adhuc
456 1588 556 1617 eum
586 1573 631 1617 id
658 1575 816 1619 sentire.
845 1585 887 1619 et
922 1577 1186 1634 apertissime
1214 1577 1449 1635 praedicare

57 1638 342 1685 dubitamus?
366 1644 599 1695 Quomodo
633 1659 734 1702 ergo
766 1661 895 1690 verax
920 1644 1005 1691 tuit
1029 1647 1075 1690 in
1097 1648 1328 1707 episcopali
1352 1663 1449 1692 exa-

57 1710 173 1756 mine
195 1710 269 1756 iIIa
290 1711 529 1758 confessio?
545 1717 613 1759 An
628 1713 742 1760 forte
753 1717 844 1775 jam
867 1716 996 1761 istum
1018 1718 1245 1777 scripserat
1266 1719 1445 1773 librum,

57 1781 134 1824 ubi
172 1783 436 1840 apertissime
477 1784 583 1829 dicit
621 1787 801 1843 gratiam
835 1787 1078 1831 secundum
1116 1790 1267 1833 merita
1302 1799 1448 1834 nostra

56 1850 166 1905 dari,
190 1852 310 1911 quod
331 1853 375 1898 in
400 1854 598 1899 orientali
620 1855 791 1912 synodo
814 1856 906 1900 sine
931 1856 1017 1900 ulla
1037 1859 1306 1902 recusatione
1322 1859 1449 1903 dam-

57 1922 211 1967 navit?
244 1925 538 1969 Confiteretur
567 1939 671 1983 ergo
702 1926 760 1970 sic
787 1942 831 1970 se
859 1926 1096 1987 aliquando
1128 1929 1341 1984 tenuisse,
1374 1929 1449 1973 sed

53 1993 144 2051 jam
162 2008 253 2038 non
270 2002 433 2049 tenere,
455 2004 504 2039 ut
523 1995 578 2039 de
600 1997 868 2040 correctione
885 1998 976 2056 ejus
994 1998 1259 2056 apertissime
1282 1999 1447 2058 gaude—

59 2078 219 2108 remus.
244 2067 369 2110 Nunc
390 2081 493 2110 vero
514 2082 615 2111 cum
638 2066 701 2110 illi
722 2068 836 2111 inter
857 2078 1010 2113 caetera
1033 2079 1076 2114 ct
1096 2070 1178 2115 hoc
1199 2070 1350 2115 fuisset
1367 2070 1447 2115 ob-

53 2135 219 2194 jectum
240 2137 463 2196 respondit
488 2157 496 2182 :
529 2157 549 2181 «
575 2141 679 2183 Haec
702 2148 851 2183 utrum
879 2139 1076 2185 Coelestii
1099 2142 1199 2196 sint,
1224 2142 1304 2201 ipsi
1325 2141 1447 2187 vide-

59 2206 173 2260 rint,
198 2207 275 2266 qui
296 2207 449 2253 dicunt
471 2224 520 2253 ea
541 2208 736 2254 Coelcstii
758 2225 847 2254 esse
875 2230 884 2255 :
909 2226 990 2270 ego
1012 2227 1115 2257 vero
1138 2228 1367 2271 nunquam
1388 2212 1446 2256 sic

59 2278 203 2332 tenui,
223 2278 298 2323 sed
318 2280 634 2325 anathematizo
650 2283 727 2341 qui
743 2282 802 2326 sic
820 2291 972 2326 tenent
986 2284 1018 2327 ⁴.
1040 2301 1059 2324 »
1081 2285 1314 2337 Quomodo
1333 2300 1449 2328 nun-

23 2402 29 2410 ι
60 2364 191 2408 quam
222 2350 282 2395 sic
314 2351 471 2406 tenuit,
506 2353 539 2396 si
574 2353 692 2397 hunc
725 2362 825 2397 ante
856 2354 1112 2399 condiderat
1140 2354 1330 2399 librum?
1360 2360 1448 2401 Aut

111 2475 118 2490 ¹
149 2468 286 2511 Epistola
311 2470 418 2502 estad
446 2471 708 2510 Demedriadem,
729 2483 797 2514 quae
830 2476 916 2504 extat
947 2473 975 2504 in
1008 2475 1194 2517 Appendice
1220 2475 1445 2508 Benedictino-

62 2533 145 2556 rum.
167 2541 209 2547 —
228 2531 241 2546 ²
269 2524 381 2557 Jacob.
414 2536 466 2566 iv,
497 2537 528 2568 7.
548 2543 587 2549 —
607 2525 620 2549 3
648 2527 752 2559 Forte
775 2532 821 2559 ut.
839 2544 880 2550 —
896 2527 910 2552 l*
937 2529 1014 2561 Vide
1038 2529 1094 2561 lib.
1125 2531 1165 2563 de
1187 2531 1292 2564 Gestis
1320 2531 1447 2573 Pelagii,

63 2588 136 2620 cap.
161 2578 211 2620 ¹4·
