1804 3205
316 214 478 243 comm
513 217 618 244 oms
651 216 781 245 misr.
819 215 1046 244 panorm.
1083 215 1165 242 Lux.
1203 217 1231 242 1.
1385 204 1468 244 409

80 300 100 324 »
125 282 252 326 liberi
281 282 410 325 eritis.
434 300 453 323 »
487 286 598 326 (lum
634 283 780 342 itaque
812 297 899 326 non
921 282 1069 326 vivant
1100 282 1210 325 bene
1233 281 1307 324 filii
1333 282 1470 325 liomi·

77 368 200 406 num,
222 353 303 396 nisi
319 353 463 397 ell'ecti
483 352 558 396 filii
579 353 675 410 Dei3
696 354 803 414 quid
822 351 1018 413 estquod
1036 352 1114 396 iste
1136 351 1272 395 libero
1291 353 1469 397 arbitrio

77 423 171 468 vult
193 423 304 468 bene
327 423 499 468 vivendi
523 424 712 468 tribuere
734 434 990 483 potestatem
1009 445 1020 482 3
1045 439 1146 468 cum
1172 424 1262 468 haec
1284 433 1470 482 potestas

77 510 166 540 non
189 495 317 540 detur
339 496 418 540 nisi
443 496 579 554 gratia
603 497 693 550 Dei,
722 511 797 556 per
817 499 964 540 ,lesum
987 496 1208 541 Christum
1235 495 1471 540 Dominum

78 575 272 610 nostrum
297 569 325 621 ¹,
345 564 519 611 dicente
536 567 773 625 Evangelio
797 587 804 611 1
831 586 850 609 «
872 573 1097 628 Quotquot
1123 575 1269 611 autem
1296 580 1471 625 recepe-

81 655 99 678 »
127 646 229 682 runt
251 652 352 681 eum
370 672 380 692 ‚
403 637 524 682 dedit
545 639 602 682 eis
626 647 883 697 potestatem
909 638 1020 684 filios
1043 638 1117 683 Dei
1142 638 1285 682 lieri²i³
1313 656 1332 678 »

138 711 212 753 VI.
252 708 335 754 Sed
357 725 412 753 ne
435 710 547 754 forte
570 711 733 765 dicant,
761 712 816 755 ad
840 713 922 757 hoc
945 726 1034 756 esse
1055 711 1242 770 adjutos,
1268 719 1316 753 ut
1337 710 1474 754 liabe-

80 789 175 825 rent
192 790 449 840 potestatem
469 782 559 825 fieri
583 782 657 826 filii
674 784 749 826 Dei
769 804 779 840 3
799 793 847 827 ut
867 792 1010 828 autem
1031 783 1142 827 hanc
1165 781 1360 841 accipere
1382 796 1474 825 me-

78 861 294 906 rerentur,
311 854 428 911 prius
448 868 547 897 eum
568 853 708 898 libero
730 854 922 909 arbitrio,
950 853 1069 898 nulla
1091 853 1228 911 adjuti
1252 853 1386 911 gratia
1407 866 1474 895 re-

75 932 314 982 ceperunt:
341 925 434 969 haec
462 934 525 969 est
549 926 712 985 quippe
737 926 922 970 intentio
947 940 1031 985 qua
1051 925 1232 983 gratiam
1252 923 1474 967 destruere

75 993 333 1049 moliuntur,
348 1003 397 1038 ut
410 1009 503 1039 eam
513 995 605 1039 dari
619 995 861 1039 secundum
874 995 1024 1039 merita
1037 1003 1181 1038 nostra
1191 993 1472 1037 contendant:

76 1079 131 1108 ne
147 1064 262 1109 forte
275 1081 378 1124 ergo
397 1066 509 1110 hanc
528 1065 821 1124 evangelicam
840 1065 1096 1110 sententiam
1116 1065 1174 1109 sic
1192 1062 1405 1117 dividant,
1428 1071 1477 1108 ut

76 1136 280 1180 meritum
302 1145 468 1195 ponant
484 1137 526 1179 in
543 1151 594 1182 eo
612 1137 732 1197 quod
749 1136 912 1180 dictum
933 1145 1011 1189 est,
1038 1154 1056 1177 «
1078 1138 1307 1193 Quotquot
1331 1142 1476 1177 autem

79 1224 99 1246 »
123 1216 382 1265 receperunt
404 1222 528 1262 eum3
550 1226 569 1248 n
597 1222 646 1251 ac
666 1207 826 1251 deinde
848 1222 935 1251 non
959 1207 1088 1265 gratis
1106 1205 1249 1249 datam
1263 1239 1273 1260 ,
1287 1205 1360 1248 sed
1377 1205 1476 1249 huic

76 1278 230 1322 merito
254 1276 469 1321 redditam
493 1278 672 1335 gratiam
699 1278 744 1321 in
765 1293 817 1322 eo
839 1276 958 1337 quod
981 1277 1193 1337 sequitur,
1223 1295 1242 1318 «
1268 1274 1396 1319 Dedit
1419 1276 1477 1319 eis

81 1356 378 1406 »potestatem
399 1347 509 1392 filios
530 1348 606 1391 Dei
625 1348 717 1391 fieri
737 1367 746 1391 ι
767 1366 786 1388 »
806 1348 1024 1407 numquid
1042 1348 1074 1391 si
1094 1355 1315 1406 quaeratur
1333 1345 1473 1400 abeis,

79 1417 186 1477 quid
210 1418 288 1472 sit,
318 1427 576 1476 receperunt
601 1433 723 1472 eum,
755 1418 912 1462 dicturi
936 1427 1038 1462 sunt
1063 1417 1179 1461 aliud
1196 1452 1207 1471 ‚
1233 1417 1312 1460 nisi
1335 1415 1476 1460 credi-

81 1487 241 1532 derunt
262 1489 309 1531 in
333 1490 466 1532 eum?
499 1490 550 1531 Ut
572 1489 704 1547 igitur
727 1497 770 1532 et
796 1489 879 1532 hoc
901 1489 1038 1532 sciant
1060 1486 1113 1531 ad
1137 1488 1317 1545 gratiam
1344 1487 1476 1545 perti-

80 1574 183 1603 nere
199 1594 209 1614 ‚
235 1559 383 1618 legant
405 1559 525 1619 quod
547 1559 607 1603 ait
629 1559 864 1618 Apostolus
889 1578 896 1603 :
923 1577 941 1600 «
970 1562 1021 1602 In
1043 1557 1166 1602 nullo
1189 1557 1478 1617 expavescatis

82 1649 101 1671 »
127 1631 182 1675 ab
211 1629 463 1675 adversariis
482 1665 492 1678 ,
526 1645 626 1690 quae
659 1629 838 1689 quidem
867 1639 930 1674 est
956 1628 1038 1673 illis
1069 1645 1195 1673 causa
1222 1628 1478 1688 perditionis

81 1719 101 1742 »
126 1709 280 1746 vestrae
304 1710 450 1746 autem
477 1700 626 1745 salutis
653 1701 696 1745 ³:
731 1718 750 1741 »
783 1709 825 1744 et
854 1702 936 1744 hoc
963 1715 985 1743 a
1016 1703 1132 1756 Deo3
1172 1717 1190 1740 «
1222 1699 1326 1758 quia
1353 1697 1477 1742 vobis

82 1791 102 1814 »
127 1772 339 1817 donatum
354 1782 418 1816 est
432 1787 509 1831 pro
521 1772 712 1826 Christo,
736 1787 826 1816 non
843 1780 1015 1814 tantum
1033 1780 1082 1814 ut
1096 1768 1280 1814 credatis
1295 1770 1339 1812 in
1355 1783 1474 1823 eum,

83 1861 102 1883 »
129 1843 204 1886 sed
227 1852 275 1886 ut
302 1843 430 1887 etiam
456 1842 682 1901 patiamini
706 1857 784 1901 pro
803 1857 869 1885 eo.
891 1860 910 1882 »
932 1844 1096 1900 Nempe
1114 1850 1353 1900 utrumque
1371 1838 1478 1883 dixit

80 1929 169 1959 esse
190 1914 418 1959 donatum.
448 1917 557 1958 Item
581 1912 702 1973 quod
725 1913 783 1957 ait
810 1932 818 1957 ε
848 1932 868 1954 «
891 1916 976 1956 Pax
999 1910 1206 1955 fratribus
1230 1920 1272 1955 et
1294 1911 1478 1954 charitas

84 2003 105 2027 »
129 2001 230 2030 cum
252 1985 340 2029 fide
362 2001 385 2029 a
408 1988 498 2029 Deo
522 1988 648 2029 Patre
671 1993 714 2028 et
736 1984 922 2028 Domino
944 1986 1046 2028 Jesu
1070 1983 1288 2028 Christo⁴.
1311 1985 1479 2040 Legant

85 2074 103 2097 »
130 2057 259 2100 etiam
283 2056 404 2116 quod
427 2056 517 2115 ipse
544 2055 756 2100 Dominus
775 2054 834 2098 ait
856 2074 864 2098 :
895 2055 1070 2098 «Nemo
1089 2061 1232 2112 potest
1254 2053 1402 2096 venire
1424 2051 1478 2095 ad

86 2145 105 2168 »
131 2141 200 2170 me
228 2127 308 2170 nisi
344 2129 468 2170 Pater
501 2126 576 2184 qui
609 2125 724 2169 misit
757 2139 842 2178 me,
875 2124 1051 2167 traxerit
1080 2138 1180 2166 eum
1200 2126 1230 2166 ⁵.
1261 2141 1281 2164 »
1310 2123 1394 2167 Ubi
1423 2137 1479 2165 ne

83 2197 312 2258 quisquam
341 2206 467 2256 putet
494 2195 614 2240 aliud
641 2195 809 2240 dictum
831 2209 948 2249 esse,
975 2194 1122 2238 venire
1144 2193 1198 2237 ad
1225 2208 1316 2247 me,
1345 2207 1479 2251 quam

84 2267 259 2313 credere
282 2269 327 2312 in
356 2283 452 2325 me3
484 2267 615 2326 paulo
644 2274 743 2325 post
777 2280 876 2309 cum
907 2265 962 2308 de
994 2279 1072 2307 suo
1101 2278 1284 2322 corpore
1313 2272 1356 2306 et
1384 2277 1480 2306 san-

87 2340 219 2398 guine
251 2338 522 2399 loqueretur,
560 2347 602 2381 et
634 2335 911 2381 scandalizati
943 2343 1084 2378 essent
1110 2332 1288 2393 plurimi
1314 2334 1360 2376 in
1388 2348 1480 2378 ser-

87 2424 215 2455 mone
237 2411 345 2469 ejus,
372 2410 432 2453 ait
452 2424 460 2450 :
487 2427 506 2450 «
532 2408 675 2452 Verba
698 2422 798 2466 quae
820 2422 900 2465 ego
923 2404 1095 2450 locutus
1117 2420 1211 2449 sum
1234 2404 1372 2459 vobis,
1397 2404 1481 2463 spi·

136 2518 144 2533 ¹
165 2513 254 2544 Rom.
276 2521 334 2551 vn,
364 2510 473 2542 25.--
488 2518 499 2533 ²
518 2513 608 2543 Joau.
630 2521 653 2547 l,
678 2517 728 2541 12.
743 2525 782 2531 —
798 2506 811 2531 3
831 2507 943 2549 Philip.
963 2518 986 2545 i,
1014 2507 1054 2539 93
1073 2511 1106 2539 et
1128 2505 1266 2548 29.—4
1297 2505 1409 2548 Ephes,
1433 2515 1476 2545 vi,

89 2566 142 2599 23.
160 2583 193 2589 —
214 2565 227 2589 ⁵
252 2569 344 2599 Joau.
369 2577 414 2607 vi,
433 2566 489 2608 44.
