1784 3205
327 219 409 258 432
745 234 777 257 s.
816 227 1045 256 Auous'rlm
1081 229 1260 256 EPISCOP}

325 305 395 340 tus
416 303 480 339 est
500 295 612 339 inter
635 298 773 339 Deum
795 303 837 338 et
864 294 1060 337 homines
1084 293 1310 348 mediator,
1334 294 1413 337 nisi
1428 294 1528 353 quia
1550 310 1600 336 ex
1623 294 1702 337 ho-

324 364 514 408 minibus
532 379 620 408 non
642 365 808 424 potuit¹
836 379 925 408 esse
940 373 1157 422 peccator.
1179 365 1266 408 Nee
1280 378 1330 407 ex
1344 363 1420 406 Dei
1433 363 1624 422 potentia
1636 362 1705 406 vel

325 434 371 479 in
383 435 547 478 malum
564 435 634 479 vel
654 435 700 479 in
719 435 883 479 bonum
897 435 1083 478 invitum
1099 433 1287 493 aliquem
1305 434 1398 491 cogi
1414 454 1424 490 3
1442 432 1517 476 sed
1534 436 1621 476 Deo
1633 432 1703 476 de-

323 515 491 550 serente
505 521 582 566 pro
594 506 755 551 meritis
773 505 834 549 ire
847 506 891 549 in
906 504 1085 559 malum,
1101 514 1143 549 et
1158 507 1246 548 Deo
1264 505 1497 564 adjuvante
1510 504 1599 547 sine
1611 518 1701 546 me-

324 577 413 620 ritis
426 577 619 621 converti
632 576 686 620 ad
702 577 883 621 bonum.
901 578 997 621 Non
1010 576 1126 619 enim
1140 584 1204 619 est
1218 576 1350 619 homo
1363 574 1505 618 bonus
1520 575 1551 617 si
1569 573 1701 631 nolit3

323 646 398 691 sed
420 647 554 704 gratia
576 647 654 691 Dei
676 648 804 692 etiam
835 648 889 691 ad
910 648 992 692 hoc
1012 647 1242 707 adjuvatur
1261 655 1311 690 ut
1334 645 1438 691 velit
1463 664 1471 689 ε
1497 645 1704 704 quoniam

322 732 410 760 non
431 717 615 761 inaniter
637 718 846 777 scriptum
872 727 957 772 est,
988 737 1007 758 «
1035 720 1149 762 Deus
1172 726 1236 761 est
1268 716 1379 759 enim
1403 716 1477 775 qui
1501 724 1704 774 operatur

324 804 344 828 >›
380 787 425 830 in
454 787 576 832 vobis
598 797 641 832 et
669 788 781 832 velle
806 797 848 832 et
865 804 1032 848 operam
1056 803 1135 848 pro
1158 788 1272 832 bona
1296 786 1520 832 voluntate
1536 789 1553 812 2
1573 804 1582 830 ε
1604 804 1623 827 »
1645 794 1703 840 et,

325 876 345 898 «
375 861 644 916 Praeparatur
659 858 861 903 voluntas
884 875 907 903 a
930 860 1114 903 Domino
1129 860 1160 901 3.
1189 879 1205 899 »

381 930 608 972 XXXVII.
635 931 722 974 Vos
744 939 888 974 autem
906 930 951 973 in
975 930 1091 973 bono
1109 943 1239 987 opere
1257 928 1315 972 sic
1333 926 1493 986 putatis
1514 926 1707 986 adjuvari

321 997 542 1042 hominem
563 1000 698 1057 gratia
721 1001 820 1055 Dei,
854 1010 902 1044 ut
927 999 1154 1045 excitanda
1177 1001 1268 1058 ejus
1296 998 1349 1042 ad
1370 999 1511 1058 ipsum
1541 998 1707 1042 bonum

321 1084 429 1126 opus
464 1070 709 1125 voluntate,
753 1071 863 1115 nihil
896 1086 990 1115 eam
1021 1071 1205 1115 credatis
1235 1070 1417 1129 operari.
1453 1070 1582 1122 Quod
1609 1069 1709 1113 satis

321 1139 411 1196 ipsa
433 1148 506 1183 tua
528 1142 660 1184 verba
682 1140 918 1185 declarant.
947 1144 1037 1186 Cur
1058 1142 1173 1184 enim
1197 1157 1286 1185 non
1307 1141 1464 1195 dixisti,
1486 1141 1708 1184 hominem

321 1208 398 1252 Dei
419 1210 554 1267 gratia
576 1211 621 1253 in
644 1211 809 1255 bonum
834 1226 944 1270 opus
966 1212 1155 1265 excitari,
1176 1212 1285 1255 sicut
1306 1211 1472 1264 dixisti,
1503 1229 1523 1252 κ
1548 1210 1592 1253 in
1612 1225 1704 1253 ma-

321 1278 413 1322 lum
444 1280 607 1324 diaboli
641 1282 990 1340 suggestionibus
1024 1281 1216 1338 incitari,
1253 1280 1328 1324 sed
1357 1281 1477 1334 aisti,
1508 1281 1553 1323 in
1589 1280 1707 1324 bono

321 1365 451 1408 opere
471 1366 493 1393 a
508 1351 585 1394 Dei
602 1352 735 1409 gratia
752 1366 920 1410 semper
941 1352 1163 1411 adjuvari?
1183 1371 1201 1393 »
1234 1361 1441 1410 tanquam
1463 1366 1540 1395 sua
1556 1350 1708 1394 volun-

320 1428 424 1474 tate,
449 1420 570 1464 nulla
594 1422 669 1464 Dei
693 1422 827 1480 gratia
849 1422 1014 1466 bonum
1039 1437 1147 1480 opus
1169 1436 1413 1479 aggressus,
1440 1422 1485 1464 in
1510 1421 1602 1479 ipso
1617 1422 1707 1480 jam

321 1506 451 1549 opere
474 1491 681 1536 divinitus
705 1494 950 1553 adjuvetur,
974 1508 1053 1551 pro
1068 1493 1230 1536 meritis
1252 1491 1453 1536 videlicet
1470 1491 1706 1536 voluntatis

321 1562 473 1617 bonae,
514 1570 564 1604 ut
597 1561 805 1606 reddatur
842 1563 987 1606 debita
1027 1564 1160 1620 gratia
1175 1598 1185 1617 ,
1226 1578 1313 1607 non
1349 1564 1537 1607 donetur
1579 1562 1705 1605 inde-

325 1630 410 1674 bita
435 1652 443 1674 2
467 1646 515 1674 ac
545 1632 603 1674 sie
627 1633 762 1690 gratia
791 1634 880 1691 jam
905 1648 993 1676 non
1016 1633 1063 1676 sit
1095 1633 1227 1690 gratia
1244 1667 1254 1686 ,
1281 1632 1355 1676 sed
1386 1634 1439 1677 sit
1458 1632 1569 1676 illud
1587 1632 1708 1692 quod

323 1700 518 1759 Pelagius
553 1702 594 1744 in
611 1701 777 1761 judicio
800 1702 1028 1746 Palaestino
1051 1704 1153 1747 ficto
1184 1704 1315 1747 eorde
1343 1703 1585 1757 damnavit,
1607 1719 1706 1761 gra·—

321 1772 423 1814 tiam
451 1772 525 1815 Dei
546 1773 788 1817 seeundum
811 1775 963 1817 merita
986 1783 1131 1818 nostra
1151 1773 1286 1816 dari4,
1318 1775 1394 1817 Dic
1421 1774 1548 1828 mihi,
1574 1774 1705 1818 obse—

320 1856 410 1895 cro,
429 1842 535 1901 quid
553 1843 656 1887 boni
670 1844 828 1887 Paulus
845 1845 987 1888 adhue
1009 1844 1162 1889 Saulus
1181 1843 1370 1897 volebat,
1394 1860 1441 1888 ac
1460 1860 1548 1889 non
1561 1845 1707 1903 potius

321 1927 476 1969 magna
494 1913 621 1967 mala,
639 1914 818 1973 quando
831 1915 998 1973 spirans
1010 1914 1176 1958 eaedem
1187 1915 1396 1974 pergebat
1409 1916 1464 1959 ad
1477 1915 1706 1960 vastandos

323 1982 538 2028 horrenda
560 1985 717 2029 mentis
734 1986 926 2030 caecitate
957 2002 1004 2030 ae
1023 1985 1170 2030 furore
1194 1987 1517 2031 Christianos&
1539 1987 1706 2039 Quibus

323 2054 484 2097 meritis
510 2055 636 2098 bonae
658 2055 895 2099 voluntatis
924 2060 1037 2101 Deus
1052 2055 1176 2100 illum
1195 2057 1248 2100 ab
1271 2057 1334 2100 his
1356 2057 1478 2100 malis
1496 2055 1549 2100 ad
1572 2057 1703 2110 bona,

322 2123 510 2167 mirabili
526 2134 568 2167 et
585 2126 808 2184 repentina
823 2128 1051 2171 vocatione
1064 2128 1302 2171 convertit?
1318 2128 1434 2180 Quid
1452 2143 1530 2186 ego
1546 2127 1703 2181 dicam,

322 2193 483 2250 quibus
506 2195 691 2249 meritis,
712 2211 814 2239 eum
841 2196 931 2254 ipse
954 2196 1110 2240 elamet
1128 2230 1138 2249 ,
1166 2215 1185 2237 «
1210 2199 1307 2240 Non
1326 2212 1376 2239 ex
1398 2197 1707 2255 operibusjus-

323 2279 346 2302 ³»
372 2263 478 2306 titiae
500 2280 598 2322 quae
620 2280 697 2308 nos
719 2264 899 2309 fecimus
916 2301 926 2321 ,
953 2267 1027 2310 sed
1053 2265 1291 2310 seeundum
1323 2281 1444 2310 suam
1462 2267 1706 2310 misericor-

325 2349 346 2373 »
368 2332 483 2377 diam
501 2335 639 2379 salvos
656 2351 734 2380 nos
757 2336 901 2380 fecit5.
925 2355 944 2378 »
965 2336 1082 2389 Quid
1110 2336 1221 2381 illud
1255 2339 1376 2397 quod
1395 2339 1483 2397 jam
1512 2353 1705 2382 comme-

323 2404 487 2447 moravi
520 2405 671 2450 dixisse
706 2406 962 2462 Dominum,
992 2425 1011 2449 «
1036 2410 1174 2452 Nemo
1201 2417 1341 2466 potest
1364 2408 1509 2453 venire
1533 2408 1587 2452 ad
1609 2423 1700 2461 me,

374 2516 381 2531 ¹
406 2509 609 2553 Intellzgicm·
622 2510 690 2552 ipse
705 2511 856 2543 Christus.
873 2529 913 2534 -
931 2519 943 2534 2
965 2512 1077 2554 Philip.
1098 2524 1132 2553 11,
1157 2511 1205 2544 13.
1221 2530 1259 2536 —
1273 2511 1285 2536 3
1300 2514 1392 2546 Prov.
1414 2525 1480 2555 vm,
1496 2514 1590 2554 juxta
1605 2514 1701 2546 Lxx.

324 2564 393 2595 -4
414 2566 506 2598 Rom.
526 2576 570 2607 xi,
589 2566 621 2599 6.
638 2565 706 2591 —5
729 2578 740 2599 1
762 2569 835 2600 Cor.
854 2577 899 2609 ix,
923 2578 1004 2600 1.—
1019 2567 1034 2591 0
1051 2567 1110 2600 Tit,
1133 2579 1180 2609 ιιι,
1202 2569 1231 2601 5.
