1784 3205
294 213 377 251 296
724 221 757 251 s.
796 221 1026 250 Auctis'rim
1059 223 1239 252 EPIScom

293 290 540 350 peccatricis
556 324 566 344 ‚
592 288 763 333 nullum
788 297 1014 348 peccatum
1044 290 1253 335 habentes
1284 299 1384 335 ante
1410 292 1550 335 carnis
1574 306 1672 336 con—

294 364 469 408 sortium
504 361 764 421 peccatricis.
799 364 892 405 Non
923 369 983 404 est
1012 370 1061 404 ut
1093 360 1281 416 dicatur,
1311 380 1330 404 «
1354 361 1471 407 Nihil
1508 362 1566 406 eis
1595 363 1674 406 ob-

298 434 378 478 luit
406 433 535 477 alieni
565 432 727 492 peccati
751 431 966 490 paulisper
993 433 1308 477 communicata
1330 433 1554 491 contagio,
1577 434 1674 492 qui—

295 506 375 548 bus
406 504 450 547 in
484 504 559 547 Dei
589 502 854 562 praescientia
893 502 1032 546 fuerat
1067 512 1215 562 parata
1255 503 1511 562 redemptio.
1552 521 1572 544 »
1617 506 1676 547 De

295 577 361 619 his
395 575 510 618 enim
543 589 661 617 nunc
702 572 943 632 loquimur,
986 574 1145 633 quibus
1183 582 1282 616 ante
1318 573 1582 632 baptismum
1621 572 1676 617 de

296 660 475 703 corpore
509 644 763 687 exeuntibus
796 641 1036 701 redemptio
1075 642 1195 686 nulla
1224 643 1448 687 succurrit.
1484 646 1581 688 Non
1614 652 1678 687 est

296 726 344 759 nt
382 716 571 770 dicatur,
602 735 621 756 «
653 717 735 758 Eas
768 729 873 773 quas
904 714 1117 773 baptisma
1153 730 1242 758 non
1275 714 1434 769 abluit,
1471 714 1677 759 sacrificia

295 802 373 845 pro
395 787 453 829 eis
490 786 641 830 crebra
662 784 964 840 mundabunt,
996 784 1115 845 quod
1148 786 1376 844 praesciens
1403 788 1541 839 Deus,
1573 799 1677 843 pau-

296 857 433 901 lulum
457 857 548 900 illas
576 856 716 901 voluit
749 855 896 899 alienis
928 857 1091 899 haerere
1112 856 1313 914 peccatis,
1349 856 1438 899 sine
1472 855 1564 899 ullo
1585 856 1678 898 exi-

299 931 355 973 tio
385 928 675 972 damnationis
700 936 890 981 aeternae,
926 936 968 970 et
999 942 1099 970 cum
1122 942 1196 986 spe
1213 925 1428 970 felicitatis
1450 935 1637 970 aeternae.
1654 944 1674 966 »

296 1004 357 1044 De
391 1000 456 1042 his
499 999 615 1041 enirn
656 1013 774 1042 nunc
815 998 1059 1056 loquimur,
1096 1014 1283 1057 quarum
1325 998 1523 1042 nativitas
1563 995 1680 1056 apud

297 1070 450 1127 impios
474 1079 516 1112 et
539 1084 589 1112 ex
605 1069 746 1126 impiis
771 1067 891 1112 nulla
921 1067 1020 1112 talia
1036 1069 1227 1127 potuerit
1247 1069 1441 1113 invenire
1462 1067 1676 1128 praesidia.

297 1143 405 1192 Quae
423 1139 599 1198 quidem
625 1139 657 1181 si
681 1138 876 1182 adhiberi
904 1149 1101 1198 possent,
1129 1139 1282 1198 procul
1305 1139 1441 1183 dubio
1464 1155 1553 1183 non
1576 1139 1681 1198 bap-

298 1210 432 1253 tizatis
457 1209 657 1267 prodesse
680 1224 768 1252 non
797 1218 969 1267 possent
997 1230 1004 1253 :
1030 1210 1140 1253 sicut
1160 1225 1238 1253 nec
1267 1210 1339 1253 illa
1373 1225 1471 1269 quae
1493 1209 1547 1252 de
1569 1209 1682 1252 libro

297 1280 649 1324 lllachabaeorum
686 1281 1040 1324 commemoravit
1085 1280 1289 1324 sacrificia
1331 1295 1409 1338 pro
1451 1283 1684 1338 peccatori—

302 1352 376 1394 bus
409 1350 629 1404 mortuis¹‚
663 1351 721 1394 eis
746 1349 909 1410 aliquid
937 1351 1224 1409 profuissent,
1260 1351 1293 1395 si
1331 1351 1571 1395 circumcisi
1595 1366 1682 1394 non

299 1421 490 1465 fuissent.

357 1493 477 1534 XIV.
502 1491 699 1534 Inveniat
716 1506 835 1549 ergo,
861 1493 892 1534 si
925 1501 1086 1550 potest,
1112 1492 1190 1536 iste
1207 1491 1314 1552 quid
1344 1492 1482 1547 dicat,
1508 1506 1608 1535 cum
1629 1492 1683 1535 ab

298 1561 371 1604 illo
394 1561 627 1619 quaeritur,
647 1561 753 1619 quid
773 1562 977 1605 meruerit
999 1563 1158 1616 anima,
1179 1563 1270 1606 sine
1288 1561 1378 1606 ullo
1400 1571 1594 1621 peccato,
1615 1561 1683 1605 vel

299 1631 518 1689 originali,
543 1630 610 1675 vel
631 1632 803 1689 proprio
821 1666 831 1685 ,
857 1631 915 1674 sic
939 1632 993 1675 ad
1016 1633 1296 1676 subeundum
1320 1633 1511 1676 alienum
1535 1647 1685 1691 pecca-

302 1713 389 1743 tum
413 1700 620 1757 originale
642 1701 859 1755 damnari,
891 1711 940 1745 ut
969 1717 1056 1745 non
1075 1702 1129 1745 ab
1152 1702 1227 1746 illo
1249 1701 1390 1746 valcat
1414 1702 1585 1745 liberari
1608 1721 1615 1746 :
1643 1711 1685 1745 et

300 1770 446 1814 videat
463 1771 569 1830 quid
594 1770 724 1828 eligat
745 1787 767 1813 c
791 1771 964 1815 duobus
980 1807 989 1825 ‚
1015 1782 1162 1815 utrum
1186 1772 1300 1816 dicat
1331 1774 1461 1816 ctiam
1487 1787 1556 1815 eas
1589 1772 1683 1815 ani-

303 1855 390 1883 mas
413 1841 689 1884 morientium
721 1841 1027 1898 parvulorum,
1054 1857 1152 1902 quae
1178 1842 1280 1886 hinc
1315 1843 1403 1885 sine
1431 1841 1602 1886 lavacro
1626 1857 1684 1884 re-

300 1912 585 1967 generationis
608 1912 864 1966 abscedunt,
891 1922 933 1956 ct
956 1929 1034 1972 pro
1057 1913 1217 1974 quibus
1232 1912 1404 1956 nullum
1427 1913 1683 1956 sacrificium

301 1982 491 2039 corporis
521 1982 732 2026 Dominici
755 1982 957 2037 offertur,
986 2000 1008 2027 a
1032 2000 1144 2028 nexu
1176 1984 1340 2043 peccati
1371 1984 1591 2042 originalis
1613 1983 1686 2027 ab·

301 2048 406 2093 solvi
421 2072 430 2106 3
450 2066 550 2093 cum
565 2050 798 2109 Apostolus
815 2053 984 2105 doceat,
1003 2069 1053 2096 ex
1071 2070 1159 2097 uno
1176 2054 1238 2097 irc
1254 2069 1404 2097 omnes
1422 2055 1465 2097 in
1483 2052 1684 2098 condem—

302 2120 564 2174 iiatioiiem2‚
597 2121 756 2179 quibus
791 2123 943 2181 utique
973 2138 1062 2166 non
1102 2124 1304 2168 subvenit
1334 2125 1491 2181 gratia,
1525 2133 1575 2168 ut
1607 2137 1684 2183 per

303 2205 439 2232 unum
473 2200 681 2234 eruantur
703 2191 746 2233 in
772 2192 1115 2250 redemptionem
1147 2212 1156 2237 :
1183 2209 1238 2237 an
1263 2192 1379 2237 dicat
1411 2194 1573 2237 animas
1595 2209 1683 2237 non

304 2260 510 2302 hahentes
530 2259 667 2303 ullum
693 2260 761 2303 vel
780 2263 1025 2319 proprium,
1051 2262 1119 2306 vel
1140 2263 1349 2321 originale
1368 2272 1616 2322 peccatum,
1641 2272 1683 2305 et

301 2329 420 2370 omni
438 2330 569 2371 modo
586 2330 857 2385 innocentes,
877 2332 1107 2390 simplices,
1129 2348 1271 2391 puras,
1293 2334 1444 2391 ajusto
1460 2336 1564 2387 Deo,
1583 2347 1682 2375 cum

301 2413 370 2440 cas
402 2398 490 2456 ipsc
520 2415 608 2442 non
637 2400 883 2444 liberandas
912 2403 1029 2446 carni
1061 2404 1208 2448 inserit
1229 2404 1485 2462 peccatrici,
1521 2412 1681 2446 :eterna

301 2468 579 2513 damnatione
596 2471 753 2527 puniri.

350 2560 354 2573 ¹
385 2562 403 2584 ‘2
423 2554 524 2585 Mar-li.
546 2566 598 2593 xii⁷
618 2555 671 2595 43.
689 2572 730 2576 —
750 2562 758 2575 ⁷
780 2558 869 2587 Rom.
891 2567 921 2596 v,
947 2558 995 2587 16.
