1784 3205
339 255 417 292 116
774 265 805 288 s.
845 258 1069 286 ,1101151111
1107 255 1286 282 Ertscori

326 329 585 389 imperavit,
623 327 753 370 etiam
783 324 933 383 gratiae
967 337 1056 366 suae
1091 319 1299 364 auxilium
1328 314 1642 366 subministret,
1665 320 1714 354 ut

331 401 452 461 quod
483 416 558 459 per
590 398 778 442 liberum
807 394 1003 439 homines
1035 392 1177 436 facere
1207 389 1418 449 jubentur
1451 385 1679 429 arbitrium
1702 417 1713 435 ,

332 472 499 517 facilius
520 478 692 531 possent
709 466 888 527 implere
911 480 985 525 per
1009 463 1205 523 gratiam.
1233 479 1251 501 »
1277 461 1335 503 Et
1349 467 1558 516 tanquam
1581 453 1719 513 expli·
1780 510 1784 512 q

331 553 506 589 caturus
539 556 670 601 quam
703 538 817 582 dicat
839 536 1019 596 gratiam
1039 570 1049 589 ,
1076 541 1248 578 secutus
1272 528 1471 590 adjunxit
1493 562 1503 582 ,
1529 526 1676 570 dicens
1710 542 1718 568 :

337 617 516 668 «Quam
554 627 629 657 nos
664 626 778 665 non,
815 617 864 653 ut
897 617 945 652 tu
978 615 1122 666 putas,
1152 604 1198 647 in
1227 605 1343 660 Lege
1386 595 1719 650 tantummodo,

335 686 410 729 sed
439 694 482 728 et
510 684 554 727 in
576 685 652 728 Dei
682 698 770 726 esse
805 678 1019 741 adjutorio
1051 676 1324 721 confitemur.
1365 691 1385 713 »
1416 670 1520 724 Quis
1543 684 1632 712 non
1653 667 1724 711 1110

335 754 563 808 desideret,
590 762 639 797 ut
660 752 862 798 ostendat
883 764 1015 809 quam
1032 747 1137 792 velit
1158 744 1341 802 intelligi
1365 742 1572 801 gratiam?
1596 743 1726 796 Prop-

340 836 401 871 ter
423 827 505 870 hoc
527 825 643 869 enim
673 824 859 868 maxime
877 821 931 866 de
952 821 1028 865 illo
1051 827 1278 878 expectare
1296 815 1522 868 debemus,
1543 820 1593 855 ut
1615 809 1728 854 dicat

336 899 421 943 1100
440 896 560 957 quod
579 896 700 950 dicit,
719 910 808 939 non
831 893 876 937 in
896 896 1010 951 Lege
1028 887 1336 934 tantummodo
1357 900 1401 929 se
1424 883 1603 943 gratiam
1628 896 1729 925 con-

338 970 463 1014 literi.
488 967 573 1014 Sed
595 966 720 1011 nobis
741 967 823 1010 hac
847 962 1145 1023 expectatione
1166 958 1397 1018 suspensis,
1423 953 1530 1015 quid
1552 951 1731 997 addide-

337 1042 391 1084 rit
422 1038 652 1083 intuemini
680 1057 687 1082 ;
725 1056 744 1078 «
777 1036 969 1095 Adjuvat
1005 1033 1119 1077 enim
1159 1046 1236 1074 1105
1274 1032 1418 1082 Deus,
1453 1024 1622 1083 inquit,
1657 1037 1733 1081 per

337 1111 579 1155 doctrinam
599 1118 641 1152 et
665 1107 973 1153 revelationem
988 1118 1127 1157 suam,
1149 1101 1253 1146 dum
1269 1099 1410 1144 cordis
1427 1096 1562 1141 nostri
1577 1092 1729 1139 oculos

336 1183 472 1242 aperit
496 1203 507 1239 3
532 1181 637 1225 dum
670 1179 793 1224 nobis
809 1213 820 1233 ,
853 1193 908 1221 ne
929 1175 1214 1236 praesentibus
1243 1184 1509 1230 occupemur
1531 1202 1541 1223 ,
1581 1165 1730 1210 futura

338 1254 606 1296 demonstrat
627 1272 638 1308 3
661 1250 766 1295 dum
790 1248 953 1293 diaboli
974 1245 1126 1306 pandit
1146 1243 1322 1288 insidias
1348 1263 1358 1298 3
1381 1240 1487 1285 dum
1512 1253 1591 1282 nos
1615 1235 1733 1280 mul-

340 1321 502 1380 tiformi
535 1331 578 1366 et
612 1319 824 1365 ineffabili
863 1318 980 1362 dono
1019 1317 1164 1374 gratiae
1206 1313 1393 1358 coelestis
1434 1309 1668 1354 illuminat.
1714 1326 1730 1346 »

339 1393 504 1438 Deinde
527 1392 786 1436 sententiam
816 1405 939 1434 suam
963 1387 1151 1448 quadam
1175 1386 1295 1429 velut
1327 1381 1602 1427 absolutione
1625 1393 1734 1423 con—

341 1465 521 1508 cludens
554 1483 562 1508 z
594 1483 614 1505 «
646 1462 727 1516 Qui
748 1463 843 1505 haec
870 1460 1000 1514 dicit,
1036 1458 1209 1518 inquit,
1243 1455 1424 1514 gratiam
1449 1453 1529 1497 tibi
1559 1450 1737 1496 videtur
1767 1443 1770 1446 ⁵

341 1551 499 1594 negare
522 1536 539 1577 Ρ
557 1538 626 1579 An
645 1543 688 1577 et
708 1533 897 1577 liberum
918 1530 1106 1584 hominis
1130 1527 1372 1580 arbitrium,
1395 1534 1438 1569 et
1455 1524 1531 1567 Dei
1546 1521 1731 1581 gratiam

341 1606 574 1650 confitetur
597 1606 614 1648 P
640 1622 659 1644 »
686 1607 738 1647 In
770 1604 836 1646 his
861 1601 1063 1646 omnibus
1086 1615 1174 1643 11011
1208 1597 1381 1642 recessit
1408 1611 1431 1639 a
1452 1591 1738 1639 commenda-

344 1678 462 1721 tione
477 1676 603 1735 Legis
621 1684 752 1735 atque
771 1674 999 1727 doctrinae,
1017 1672 1131 1715 hanc
1149 1684 1238 1714 esse
1262 1669 1541 1727 adjuvantem
1559 1663 1739 1723 gratiam

346 1747 577 1806 diligenter
595 1746 845 1800 inculcans,
866 1754 909 1788 et
930 1745 1013 1788 hoc
1037 1755 1253 1801 exequens
1278 1738 1398 1799 quod
1422 1743 1736 1796 proposuerat,

346 1833 445 1862 cum
472 1818 652 1872 diceret,
674 1835 695 1859 «
717 1816 793 1860 sed
816 1816 861 1858 in
884 1815 960 1858 Dei
989 1828 1077 1857 esse
1099 1810 1316 1871 adjutorio
1339 1809 1644 1853 confitemur.»
1659 1807 1742 1848 De-

348 1890 479 1948 nique
504 1889 581 1932 Dei
601 1887 867 1947 adjutorium
888 1883 1187 1943 multipliciter
1207 1879 1518 1926 insinuandum
1551 1876 1737 1936 putavit,

348 1958 730 2003 commemorando
753 1957 993 2002 doctrinam
1018 1964 1060 1998 et
1084 1952 1394 1997 revelationem
1412 1984 1422 2004 ,
1451 1958 1493 1992 et
1515 1946 1740 1992 oculorum

350 2029 489 2074 cordis
506 2029 832 2089 adapertionem
858 2061 869 2081 ,
893 2036 935 2070 et
958 2023 1372 2069 demonstrationem
1397 2020 1674 2072 futurorum,
1701 2024 1744 2060 et

351 2100 618 2159 apertionem
637 2097 954 2143 diabolicarum
976 2095 1250 2148 insidiarum,
1270 2102 1312 2136 et
1336 2089 1595 2136 multiformi
1613 2097 1744 2146 atque

350 2171 562 2215 ineffabili
592 2170 710 2215 dono
745 2169 892 2228 gratiae
921 2165 1107 2210 coelestis
1136 2163 1501 2208 illuminationem
1535 2180 1544 2204 ι
1586 2158 1640 2203 ad
1662 2160 1744 2202 hoc
1782 2194 1784 2200 .

352 2241 502 2301 utique
530 2250 578 2285 ut
601 2240 747 2285 divina
767 2246 983 2298 praecepta
1006 2245 1049 2280 et
1071 2234 1278 2294 promissa
1297 2232 1528 2276 discamus.
1556 2232 1649 2274 Hoc
1680 2236 1742 2271 est

353 2327 454 2370 crgo
471 2311 652 2369 gratiam
672 2311 747 2355 Dei
767 2324 928 2369 ponere
950 2308 996 2351 in
1015 2310 1129 2364 Lege
1150 2314 1279 2363 atque
1302 2303 1515 2347 doctrina.
1782 2290 1784 2298 ¹

412 2384 490 2424 IX.
528 2382 640 2425 Hinc
664 2381 810 2440 itaque
829 2387 1029 2439 apparet,
1054 2376 1167 2420 hanc
1201 2390 1300 2418 eum
1327 2373 1508 2433 gratiam
1528 2369 1742 2422 confiteri,

356 2469 441 2514 qua
465 2454 733 2497 demonstrat
761 2462 803 2495 et
832 2450 994 2496 revelat
1027 2451 1141 2492 Deus
1175 2446 1282 2507 quid
1311 2461 1437 2505 agere
1468 2444 1704 2488 debeamus
1731 2460 1741 2497 3

356 2540 444 2568 non
472 2539 560 2584 qua
581 2522 715 2567 donat
748 2531 879 2582 atque
913 2520 1090 2580 adjuvat
1121 2527 1172 2562 ut
1206 2531 1382 2575 agamus
1407 2535 1415 2559 ε
1450 2529 1549 2559 cum
1581 2514 1635 2556 ad
1664 2512 1745 2555 hoc

355 2597 498 2653 potius
529 2593 671 2639 valeat
693 2593 817 2652 Legis
839 2591 1002 2650 agnitio
1021 2625 1031 2645 ,
1057 2589 1090 2634 si
1109 2588 1256 2648 gratiae
1280 2586 1391 2632 desit
1418 2583 1675 2644 opitulatio,
1696 2588 1745 2624 ut
1781 2593 1783 2633 j
