1784 3205
329 287 411 326 436
767 291 799 314 s.
836 282 858 311 Α
868 281 1065 311 [GUSTINI
1091 276 1281 305 Emscom

327 360 489 409 Christi
510 372 599 403 non
621 354 752 399 fuerit
771 348 1033 395 necessarius
1065 364 1073 389 :
1107 347 1362 387 evacuantes
1393 333 1513 396 quod
1541 332 1705 376 dictum

328 441 392 476 est
413 447 421 472 :
451 448 471 471 «
498 431 618 472 Unus
640 424 754 468 enim
779 424 915 473 Deus,
937 430 1050 460 unus
1071 421 1115 458 et
1137 409 1348 456 mediator
1370 406 1473 460 Dei,
1497 412 1540 449 et
1565 400 1708 445 homi-

331 520 353 545 »
375 515 480 546 num
493 500 625 543 homo
640 493 835 540 Christus
848 491 971 533 Jesus
986 488 1018 529 ¹.
1043 504 1063 527 »

388 573 481 615 XL.
507 588 527 611 «
549 565 739 611 Gratiam
762 559 936 613 Christi,
956 555 1179 616 inquiunt,
1205 547 1409 595 omnibus
1431 540 1710 588 necessariam

331 651 375 686 et
395 638 630 699 majoribus
647 644 690 679 et
708 630 897 694 parvulis
916 627 1174 673 confitemur
1195 641 1206 678 3
1231 629 1273 664 et
1290 632 1361 662 eos
1383 615 1459 675 qui
1480 613 1633 658 dicunt
1659 609 1714 653 de

332 711 506 757 duobus
528 705 752 767 baptizatis
785 710 938 746 natum
960 712 1050 743 non
1082 693 1242 739 debere
1268 686 1509 748 baptizari,
1534 681 1712 727 anathe-

333 782 602 827 matizamus.
637 796 658 819 »
679 774 887 824 Novimus
909 766 1131 830 quomodo
1152 778 1242 808 non
1265 756 1506 805 secundum
1534 751 1718 798 Paulum

334 851 597 913 apostolum,
623 849 700 893 sed
723 844 964 892 secundum
984 836 1207 896 Pelagium
1232 830 1485 877 haereticum
1502 826 1582 870 ista
1598 823 1718 867 dica-

336 925 388 969 tis
402 943 411 969 :
429 920 619 983 parvulis
632 916 834 964 videlicet
847 911 1113 972 baptismum
1125 901 1427 953 necessarium,
1441 911 1531 941 non
1546 901 1721 954 propter

336 994 632 1039 remissionem
641 996 938 1049 peccatorum,
949 980 1024 1027 sed
1036 973 1341 1025 tantummodo
1352 978 1529 1030 propter
1541 977 1723 1023 regnum

337 1064 568 1109 coelorum.
590 1061 704 1105 Datis
731 1057 847 1102 enim
870 1055 930 1099 eis
949 1061 1067 1097 extra
1096 1060 1280 1107 regnum
1301 1042 1381 1088 Dei
1406 1041 1553 1084 locum
1577 1033 1724 1080 salutis

338 1143 382 1178 et
410 1133 510 1177 vitae
531 1140 703 1174 aeternae
723 1162 735 1183 ,
760 1128 926 1171 etiamsi
947 1137 1037 1168 non
1055 1118 1219 1165 fuerint
1240 1111 1460 1173 baptizati.
1479 1111 1567 1155 Nec
1590 1114 1727 1150 atten-

343 1203 445 1248 ditis
469 1199 591 1261 quod
613 1199 823 1257 scriptum
854 1205 918 1239 est
955 1213 963 1238 2
1005 1212 1025 1234 «
1055 1190 1137 1242 Qui
1158 1184 1390 1231 crediderit
1419 1190 1462 1225 et
1485 1178 1727 1238 baptizatus

345 1294 364 1317 »
391 1272 548 1326 fuerit,
578 1270 720 1314 salvus
736 1267 816 1311 erit
841 1286 854 1324 ς
878 1263 955 1324 qui
977 1270 1121 1306 autem
1139 1272 1226 1302 non
1244 1251 1492 1304 crediderit,
1517 1246 1728 1293 condem-

343 1363 364 1387 »
392 1343 611 1388 nabitur2.
626 1358 647 1381 »
663 1342 845 1396 Propter
869 1332 990 1394 quod
1010 1332 1057 1375 in
1068 1326 1261 1374 Ecclesia
1286 1320 1513 1369 Salvatoris
1534 1332 1610 1378 per
1628 1315 1731 1360 alios

341 1414 514 1475 parvuli
536 1410 724 1457 credunt
741 1444 752 1464 ,
788 1409 897 1452 sicut
924 1420 976 1448 ex
1009 1401 1100 1446 aliis
1128 1415 1178 1442 ea
1208 1410 1307 1457 quae
1339 1392 1422 1437 illis
1449 1393 1495 1435 in
1517 1387 1733 1448 baptismo

344 1487 626 1531 remittuntur
656 1488 833 1541 peccata
864 1480 1104 1522 traxerunt.
1134 1471 1223 1515 Nec
1255 1463 1367 1510 illud
1401 1460 1627 1520 cogitatis,
1663 1471 1734 1501 eos

340 1559 474 1603 vitam
500 1555 661 1598 habere
686 1567 776 1596 non
796 1563 919 1608 posse
935 1581 946 1602 ,
971 1545 1048 1605 qui
1070 1541 1232 1586 fuerint
1254 1543 1447 1596 expertes
1470 1529 1664 1590 corporis
1691 1535 1737 1570 et

346 1626 563 1684 sanguinis
585 1622 747 1669 Christi
764 1619 938 1664 dicente
954 1617 1048 1676 ipso
1066 1635 1077 1672 3
1106 1631 1125 1654 «
1150 1610 1239 1656 Nisi
1256 1600 1620 1652 manducaveritis
1639 1613 1736 1643 car-

351 1718 371 1740 »
390 1712 493 1742 nem
505 1709 664 1749 meam,
680 1701 724 1737 et
745 1689 940 1735 biberitis
958 1684 1211 1743 sanguinem
1226 1692 1390 1732 meum,
1415 1690 1504 1719 non
1523 1669 1739 1716 habebitis

351 1789 372 1812 »
393 1770 526 1814 vitam
550 1768 595 1811 in
616 1765 740 1811 vobis
765 1764 796 1806 3.
827 1780 847 1803 n
872 1763 960 1805 Aut
987 1758 1020 1801 si
1052 1751 1306 1812 evangelicis
1328 1747 1508 1793 vocibus
1530 1740 1736 1801 cogimini

349 1839 547 1886 confiteri
562 1873 572 1893 ,
594 1851 674 1880 nec
695 1835 829 1879 vitam
848 1829 1120 1886 salutemque
1138 1837 1261 1883 posse
1280 1818 1442 1864 habere
1464 1812 1666 1875 parvulos
1683 1810 1738 1854 de

349 1924 531 1970 corpore
563 1914 768 1951 exeuntes
791 1939 801 1959 ,
840 1901 923 1946 nisi
960 1897 1122 1943 fuerint
1158 1890 1364 1952 baptizati
1400 1909 1410 1945 3
1444 1883 1625 1945 quaerite
1661 1895 1738 1925 cur

351 1979 670 2039 compellantur
697 1990 787 2019 non
816 1968 1022 2030 baptizati
1050 1962 1252 2012 secundae
1280 1958 1431 2005 mortis
1460 1955 1604 2000 subire
1633 1966 1739 2010 sup-

351 2051 531 2111 plicium
553 2085 563 2104 ,
584 2047 808 2109 judicante
822 2042 897 2087 illo
919 2041 995 2101 qui
1009 2037 1228 2083 neminem
1251 2024 1707 2076 damnatimmeritum
1726 2042 1737 2078 3

355 2131 398 2166 et
417 2120 642 2165 invenietis
663 2115 784 2178 quod
806 2128 896 2158 non
916 2110 1064 2163 vultis,
1090 2102 1296 2164 originale
1319 2107 1560 2160 peccatum.

415 2193 529 2234 XLI.
557 2208 577 2230 «
608 2189 694 2231 Eos
732 2184 862 2228 etiam
898 2181 974 2240 qui
996 2179 1151 2223 dicunt
1171 2209 1181 2229 ,
1210 2172 1377 2231 inquit,
1407 2168 1621 2227 baptisma
1651 2175 1741 2206 non

358 2262 501 2307 omnia
516 2267 690 2319 peccata
709 2255 869 2308 delere,
891 2250 1255 2300 condemnamus,
1275 2242 1376 2301 quia
1398 2240 1553 2283 scimus
1570 2234 1742 2294 plenam

357 2331 659 2393 purgationem
697 2343 773 2386 per
798 2327 887 2384 ipsa
909 2320 1112 2379 mysteria
1140 2307 1461 2361 conferri.'Hoc
1490 2307 1674 2352 dicimus
1702 2310 1744 2345 et

360 2419 438 2447 nos
466 2422 475 2447 ;
500 2402 575 2446 scd
597 2398 797 2459 parvulos
818 2408 995 2455 quoque
1016 2407 1093 2451 per
1117 2390 1208 2448 ipsa
1241 2382 1444 2441 mysteria
1463 2415 1473 2435 ,
1497 2378 1647 2438 primae
1669 2388 1745 2418 na-

362 2473 540 2517 tivitatis
562 2480 604 2514 et
625 2468 824 2514 obnoxiae
846 2461 1124 2511 successionis
1138 2455 1322 2503 vinculis
1344 2452 1478 2505 solvi,
1497 2464 1585 2493 non
1606 2446 1745 2490 dicitis

365 2560 452 2588 vos.
476 2535 654 2600 Propter
678 2538 796 2598 quod
817 2538 870 2580 de
890 2533 1078 2580 Ecclesia
1095 2527 1269 2580 Christi,
1287 2539 1384 2584 quae
1405 2524 1486 2565 hoc
1509 2517 1746 2577 antiquitus

414 2632 422 2638 ⁴
451 2642 457 2651 «
482 2628 559 2657 Tim.
585 2625 728 2666 11,5.—-
745 2630 755 2644 ‘1
779 2625 961 2658 Marc.xv1‚
987 2608 1365 2650 1<3.—-3J0;1n.v1,54.
