1804 3205
298 232 351 259 m:
383 229 521 260 ΑΝῙΜΑ
555 231 609 259 ET
640 231 737 259 mus
769 230 963 268 omnum,
998 229 1081 257 Lm.
1118 231 1148 257 1.
1329 218 1416 259 299

28 303 162 346 Porro
192 300 226 345 si
255 308 445 360 quatuor
474 299 553 343 ista
577 299 799 353 devitans,
824 313 924 358 quae
945 311 1046 341 sana
1079 295 1274 341 doctrina
1308 312 1415 341 eon-

27 370 225 427 demuat,
248 370 294 416 id
308 380 387 426 cst,
407 370 440 415 si
461 386 548 414 non
568 369 731 414 audens
745 369 911 424 dicere,
933 366 1001 412 vel
1016 367 1108 412 sine
1132 367 1222 411 ullo
1237 377 1414 426 peccato

26 443 269 497 existentes,
296 458 318 486 a
343 445 433 486 Deo
454 442 544 485 fieri
566 441 730 484 animas
756 440 1027 500 peccatrices,
1045 447 1120 483 aut
1141 438 1232 482 sine
1254 438 1413 483 Christi

25 522 293 558 sacramento
312 513 355 557 in
371 513 430 557 eis
445 511 551 557 solvi
574 511 784 571 originale
803 519 1048 570 peccatum,
1073 518 1146 553 aut
1168 524 1236 553 eas
1255 508 1415 553 alicubi

26 599 245 644 peccasse,
272 593 507 643 antequam
530 583 809 628 mitterentur
836 582 880 626 in
906 596 1106 636 carnem,
1138 589 1214 625 aut
1239 596 1287 624 ca
1314 596 1415 640 quae

25 670 253 715 nunquam
285 655 538 699 habuerunt
559 655 603 698 in
631 655 690 698 eis
714 664 889 713 peecata
907 653 1132 698 damnari:
1157 653 1190 697 si
1213 653 1307 696 haec
1332 667 1414 696 no-

27 726 92 770 bis
117 741 205 770 non
223 724 387 769 audens
401 726 559 780 dicere,
585 725 792 785 quoniam
817 740 905 769 non
923 733 1024 769 sunt
1043 725 1196 783 utique
1213 722 1412 778 dicenda,

27 796 183 841 dixerit
222 795 425 856 parvulos
467 812 556 840 non
589 797 760 840 trahere
793 795 1002 855 originale
1035 804 1293 855 peccatum,
1334 808 1415 838 nec

23 868 185 912 habere
199 870 318 912 unde
335 869 614 922 damnentur,
644 869 676 912 si
695 884 783 912 non
805 877 982 927 accepto
1001 875 1271 912 sacramento
1292 881 1415 924 rege-

24 940 256 984 nerationis
276 939 376 984 hinc
399 949 575 998 exeant,
602 940 642 984 in
659 940 853 983 haeresim
880 939 1152 998 Pelagianam
1176 938 1267 982 sine
1285 936 1417 980 dubi-

27 1011 188 1054 tatione
205 1009 501 1054 damnabilem
520 1009 795 1054 damnandus
809 1010 1016 1054 incurret.
1038 1008 1165 1061 Quod
1180 1008 1218 1051 ei
1235 1022 1290 1050 ne
1306 1021 1416 1051 con-

28 1080 188 1139 tingat,
214 1090 380 1140 quanto
407 1080 560 1124 melius
587 1089 701 1124 tenet
729 1080 784 1124 de
804 1080 962 1123 animae
984 1079 1150 1137 origine
1169 1078 1411 1122 cunctatio-

24 1166 122 1196 nem
145 1166 304 1206 meam,
321 1167 376 1195 ne
391 1151 548 1196 audeat
561 1151 794 1206 affirmare,
815 1150 937 1211 quod
949 1166 1030 1195 nee
1046 1151 1237 1194 humana
1251 1150 1417 1193 ratione

23 1222 380 1281 comprehendit,
408 1238 489 1267 nec
512 1223 659 1268 divina
678 1223 936 1267 auctoritate
958 1221 1181 1275 defendit,
1208 1236 1263 1264 ne
1287 1235 1418 1278 coga-

26 1301 98 1336 tur
119 1293 411 1352 insipientiam
429 1294 650 1353 profiteri,
676 1294 783 1337 dum
805 1302 980 1338 veretur
1003 1292 1294 1351 ignorantiam
1317 1306 1418 1336 con·

26 1364 153 1408 fiteri.

87 1437 232 1479 XVII.
261 1434 341 1480 Hic
363 1435 476 1480 forte
506 1435 647 1492 dicat,
673 1436 931 1480 sententiam
959 1451 1083 1481 suam
1105 1435 1252 1481 divina
1266 1442 1418 1479 aucto-

27 1505 156 1550 ritate
186 1504 365 1550 defendi
392 1526 400 1551 :
425 1507 634 1566 quoniam
667 1517 915 1552 sanctarum
950 1507 1272 1567 Scripturarum
1297 1506 1419 1550 testi·

26 1577 182 1622 moniis
203 1577 388 1636 probare
400 1593 444 1622 se
465 1578 693 1634 existimat,
718 1580 882 1623 animas
905 1595 927 1622 a
948 1582 1053 1635 Deo,
1076 1595 1165 1624 non
1186 1594 1240 1623 ex
1262 1594 1419 1638 propa·

29 1649 127 1706 gine
148 1648 257 1703 fieri,
282 1648 357 1693 sed
378 1664 511 1694 novas
527 1649 705 1708 singulis
729 1650 959 1694 insufflari.
984 1650 1171 1705 Probet,
1192 1650 1225 1694 si
1250 1659 1416 1708 potest,

30 1727 73 1763 et
96 1716 271 1763 fatebor
297 1734 368 1764 me
400 1719 598 1765 didicisse
624 1721 679 1765 ah
712 1720 815 1776 illo,
842 1721 964 1781 quod
993 1736 1149 1779 magna
1178 1720 1421 1764 intentione

29 1789 296 1848 quaerebam.
329 1789 414 1834 Sed
434 1800 604 1850 quaerat
633 1790 741 1846 alia,
767 1807 823 1835 ne
845 1790 1036 1836 fortassis
1072 1791 1290 1835 inveniat:
1319 1805 1419 1834 nam

29 1859 112 1904 hoc
133 1859 223 1903 istis
245 1859 517 1915 testimoniis,
542 1876 644 1920 quae
661 1862 750 1921 jam
772 1863 938 1920 posuit,
964 1877 1054 1906 non
1077 1861 1291 1921 probavit.
1317 1863 1420 1905 Om-

28 1928 98 1973 nia
119 1930 283 1989 quippe
306 1946 406 1990 quae
436 1931 506 1976 hic
540 1931 767 1987 adhibuit,
796 1930 852 1976 ad
879 1931 1044 1992 aliquid
1073 1942 1191 1977 certa
1218 1940 1343 1989 sunt3
1366 1933 1421 1976 ad

29 1999 114 2044 hoc
136 2016 255 2055 vero,
277 2000 397 2060 quod
420 2003 475 2046 de
499 2003 655 2046 animae
677 2003 844 2061 origine
865 2003 1099 2062 quaeritur,
1124 2003 1421 2048 demonstran-

31 2080 105 2115 tur
124 2071 345 2130 ambigua.
370 2075 553 2117 Certum
577 2083 641 2118 est
671 2075 786 2118 enim
812 2078 950 2119 Deum
976 2074 1143 2119 dedisse
1171 2074 1423 2119 hominibus

31 2142 185 2186 flatum
207 2151 250 2186 et
266 2143 488 2202 spiritum,
508 2143 680 2188 dicente
694 2145 931 2204 Propheta:
957 2164 977 2186 «
999 2146 1066 2190 Sic
1084 2144 1190 2190 dicit
1212 2146 1422 2190 Dominus

36 2231 55 2254 »
79 2213 157 2273 qui
177 2213 283 2258 fecit
305 2214 485 2270 coelum,
510 2224 554 2260 et
570 2215 772 2261 fundavit
791 2225 965 2269 terram,
987 2226 1030 2261 et
1051 2232 1151 2276 quae
1167 2226 1269 2260 sunt
1285 2217 1330 2260 in
1352 2231 1417 2270 ea,

38 2303 56 2325 »
81 2284 157 2343 qui
179 2283 254 2328 dat
270 2284 425 2329 flatum
454 2286 618 2345 populo
640 2302 768 2345 super
796 2302 891 2330 eam
907 2321 917 2341 ,
942 2297 986 2331 et
1005 2287 1204 2345 spiritum
1223 2286 1424 2331 calcanti-

37 2372 57 2394 »
83 2354 164 2398 bus
192 2359 330 2399 eam2.
356 2374 375 2398 »
408 2359 500 2401 Hoc
532 2358 828 2402 testimonium
864 2359 944 2402 iste
972 2359 1017 2402 in
1047 2373 1142 2402 eam
1164 2359 1423 2403 sententiam

33 2424 129 2470 vult
150 2427 307 2485 accipi,
327 2443 460 2487 quam
483 2429 704 2483 defendit,
728 2438 773 2473 ut
793 2430 911 2488 quod
935 2430 1010 2483 ait,
1032 2449 1051 2471 «
1074 2429 1149 2474 dat
1172 2430 1325 2475 flatum
1348 2445 1424 2489 po-

34 2495 163 2555 pulo,
183 2513 202 2537 »
223 2511 313 2542 non
329 2513 380 2542 ex
397 2499 633 2558 propagine
650 2498 791 2544 facere
808 2500 973 2545 animas
987 2501 1152 2560 populo
1164 2536 1176 2555 ,
1201 2501 1276 2547 sed
1291 2516 1424 2546 novas

88 2588 94 2601 ¹
118 2580 190 2614 lsai.
208 2591 280 2621 xnu,
301 2582 332 2614 5.
