1804 3205
370 197 446 222 riu.
486 197 530 222 ΙΙ.
565 196 615 222 DF.
652 197 742 222 l'ECC
754 199 827 222 &¹1¹⁰
859 197 1095 223 ()ΙΗ(;ΙΝᾹΙ.Ι.
1345 186 1421 223 los!

42 262 230 321 parvulis
247 261 409 305 diecret
435 281 442 305 2
466 283 482 301 »
500 261 658 305 deiude
676 263 861 320 subjecit
881 271 1011 321 atque
1034 262 1120 313 ait,
1149 280 1169 302 «
1189 262 1293 313 Quis
1311 264 1424 305 onim

43 334 98 377 ita
120 333 379 390 evangelicae
394 332 590 377 lectionis
615 334 786 390 ignarus
809 343 889 386 cst,
909 334 983 392 qui
1003 333 1085 377 lioc
1107 347 1194 376 non
1221 333 1350 376 niodo
1368 336 1428 375 :it-

39 403 209 446 firmare
230 412 428 456 conetur,
451 402 525 447 sed
548 403 623 462 qui
642 403 707 446 vel
729 403 882 447 leviter
905 403 1068 457 dicere,
1090 402 1312 446 autetiam
1337 417 1427 445 scn-

42 474 124 517 tire
144 474 306 531 possit?
333 474 494 517 Deinde
508 475 604 533 quis
627 483 712 518 tam
737 475 922 533 impius,
944 475 1019 534 qui
1040 473 1242 533 parvulos
1265 482 1431 517 exortes

44 545 163 602 regni
186 544 398 588 coelorum
421 560 511 588 csse
533 542 653 599 velit,
678 544 784 588 dum
808 559 879 588 cos
900 544 1105 603 baptizari
1130 553 1177 588 et
1198 544 1243 587 in
1260 544 1432 588 Christo

51 615 214 659 renasci
233 623 362 658 vetat.
394 633 412 654 υ

99 688 217 729 xxi.
248 692 415 730 Frustra
439 686 516 729 ista
535 686 665 730 dicit:
689 702 775 730 non
794 685 894 730 inde
913 702 956 730 se
975 696 1148 745 purgat.
1177 688 1226 729 lu
1249 699 1431 743 regnum

38 755 251 799 erulorum
265 757 355 800 sine
381 757 594 815 baptismo
608 757 809 816 parvulos
823 758 980 801 intrare
994 772 1080 801 non
1101 771 1239 816 posse,
1259 772 1336 799 net·
1356 757 1433 814 ipsi

38 827 272 886 aliquando
295 837 577 884 negaverunt.
603 829 686 872 Sed
705 845 791 872 non
817 828 919 872 inde
945 829 1128 888 quaestio
1146 837 1207 871 est
1226 847 1234 871 ε
1253 826 1307 870 de
1329 842 1433 885 pur-

39 899 211 955 gatione
233 897 428 956 originali
450 901 635 957 speccati
660 900 703 942 in
728 900 917 959 parvulis
937 900 1120 958 quaestio
1152 906 1228 941 est.
1259 897 1367 941 Inde
1391 913 1434 939 sc

39 978 218 1027 purget,
239 970 313 1029 qui
345 985 431 1013 non
470 969 564 1013 vult
593 970 741 1023 fateri,
771 970 992 1014 lavacrum
1019 968 1355 1026 regenerationis
1388 967 1429 1009 in

40 1039 227 1097 parvulis
244 1040 404 1084 habere
425 1039 543 1099 quod
560 1050 731 1099 purget.
755 1043 809 1084 Et
825 1040 923 1084 ideo
945 1049 1102 1084 caetera
1125 1054 1224 1097 quae
1237 1038 1434 1082 dicturus

38 1119 98 1152 est
139 1110 432 1154 attendamus,
480 1114 579 1155 Post
619 1112 919 1170 interpositum
956 1111 1070 1155 enim
1105 1127 1155 1154 ex
1196 1108 1434 1168 Evangelio

41 1181 336 1224 testimonium
351 1216 361 1235 ‚
388 1182 508 1241 quod
530 1182 610 1226 nisi
634 1192 808 1226 renatus
831 1198 881 1226 ex
904 1198 1016 1241 aqua
1033 1191 1076 1225 et
1093 1181 1257 1240 Spiritu
1274 1184 1306 1232 ¹,
1335 1196 1433 1238 reg-

43 1267 148 1295 num
172 1251 386 1296 coelorum
411 1252 558 1296 nullus
583 1253 717 1312 possit
739 1253 899 1296 intrare
916 1288 926 1307 ‚
964 1252 1082 1295 unde
1110 1250 1192 1294 illis
1211 1286 1221 1304 ,
1247 1260 1296 1294 ut
1318 1249 1433 1293 dixi-

37 1336 155 1374 mu5‚
182 1321 299 1365 nulla
333 1323 381 1365 sit
413 1323 619 1382 quaesti03
654 1332 826 1367 secutus
849 1322 1046 1381 adjunxit
1080 1320 1252 1374 dicens,
1284 1320 1424 1372 «Quis

38 1390 108 1434 ille
130 1401 216 1435 tam
242 1393 398 1450 impius
423 1401 507 1446 est,
534 1394 610 1452 qui
633 1392 866 1452 cujuslibet
888 1391 1026 1436 aetatis
1050 1390 1431 1449 parvulointerdi-

35 1471 104 1505 cat
135 1477 410 1505 communem
436 1463 615 1506 humani
639 1463 806 1521 generis
832 1461 1210 1520 redemptionem?
1230 1478 1248 1501 »
1270 1463 1326 1503 Et
1349 1460 1432 1503 hoc

35 1532 291 1589 ambiguum
320 1541 408 1585 est,
434 1532 609 1590 qualem
628 1533 742 1576 dicat
776 1531 1122 1590 redemptionem
1157 1550 1164 1574 :
1199 1540 1345 1573 utrum
1381 1545 1430 1573 ex

35 1600 149 1645 malo
172 1601 226 1645 ad
244 1602 428 1656 honum,
450 1618 504 1646 an
528 1619 579 1646 ex
596 1603 714 1647 bono
733 1602 785 1646 ad
809 1602 981 1646 melius.
1003 1604 1109 1646 Nam
1134 1610 1177 1644 et
1199 1599 1433 1645 Coelestius

35 1670 151 1730 apud
168 1673 475 1729 Carthaginem
498 1673 542 1716 in
564 1672 714 1717 libello
737 1688 816 1716 suo
832 1672 1055 1716 confessus
1079 1680 1143 1715 est
1166 1670 1433 1729 redemptio-

35 1756 134 1784 nem
152 1741 449 1800 parwlorum,
467 1752 510 1786 et
531 1752 674 1786 tamen
695 1742 1051 1786 noluitconfiteri
1070 1757 1122 1785 ex
1137 1740 1276 1785 Adam
1297 1740 1341 1784 in
1360 1754 1433 1784 eos

35 1813 234 1856 transisse
262 1822 506 1871 peccatum.

97 1884 239 1926 xxii.
273 1882 355 1926 Sed
370 1883 477 1940 quid
495 1882 654 1926 deinde
677 1884 755 1926 iste
779 1882 1029 1941 subjungat,
1056 1881 1268 1925 advertite
1291 1898 1299 1923 ;
1327 1898 1346 1920 «
1373 1881 1428 1922 Et

38 1952 80 1995 iu
102 1961 372 2011 perpetuam,
390 1952 548 2010 inquit,
569 1961 820 2010 certamque
838 1953 971 1994 vitam
994 1951 1158 1995 renasci
1174 1958 1289 1993 vetet
1305 1963 1423 2001 eum,

39 2023 114 2081 qui
137 2032 263 2066 uatus
280 2022 333 2066 sit
356 2021 409 2065 ad
432 2022 667 2065 incertam?
690 2022 733 2065 id
757 2031 841 2075 est,
863 2022 968 2074 Quis
993 2030 1079 2064 tam
1103 2021 1260 2079 impius
1277 2028 1356 2073 est,
1378 2027 1427 2062 ut

36 2102 152 2136 vetet
188 2093 349 2136 renasci
383 2092 437 2135 ad
469 2100 724 2151 perpetuam
760 2101 1009 2151 certamque
1039 2091 1169 2134 vitam
1194 2105 1315 2142 cum,
1350 2089 1426 2148 qui

39 2174 164 2206 natus
180 2164 233 2206 sit
255 2163 309 2206 ad
328 2163 564 2206 incertam?
588 2181 607 2202 »
632 2165 733 2206 Haec
757 2163 886 2206 verba
906 2163 1084 2222 quando
1102 2162 1303 2220 primitus
1316 2160 1424 2217 legi-

38 2248 154 2285 mus,
192 2231 453 2276 credidimus
475 2247 575 2276 eum
607 2233 813 2275 incertam
839 2232 973 2275 vitam
1003 2232 1127 2275 istam
1151 2230 1334 2274 voluisse
1356 2228 1425 2272 di-

38 2318 133 2347 cere
162 2302 444 2361 temporalem
473 2322 481 2346 :
513 2302 710 2362 quamvis
742 2302 867 2345 nobis
907 2302 1125 2345 videretur
1159 2299 1293 2357 magis
1333 2314 1425 2342 eam

39 2372 265 2416 mortalem
288 2371 431 2415 dicere
454 2371 670 2424 debuisse,
691 2387 823 2430 quam
847 2373 1073 2424 incertam,
1095 2385 1146 2414 eo
1168 2369 1289 2429 quod
1310 2378 1426 2412 certa

39 2454 178 2488 morte
207 2443 397 2487 finiatur.
444 2446 605 2487 Tamen
636 2441 830 2501 quandiu
861 2441 1064 2491 ducitur,
1096 2441 1303 2499 quoniam
1332 2453 1427 2483 mo—

91 2534 98 2548 ·
120 2528 212 2557 soan.
234 2537 284 2564 ιιι,
310 2527 325 2554 ⁷»
