1804 3205
292 214 343 239 ms
375 215 543 243 NUP‘tttS
580 219 627 244 ετ
659 220 1024 260 concomscfflvrm,
1060 226 1141 252 Lux.
1178 230 1222 252 n.
1371 219 1451 257 273

73 276 233 320 malum
258 287 401 322 autem
420 296 508 324 non
536 293 644 327 essct
668 285 710 328 in
733 286 945 344 parvulis,
979 288 1057 332 nisi
1083 290 1305 336 voluntate
1329 296 1453 352 primi

73 346 255 391 hominis
274 362 538 408 peccaretur,
565 364 606 398 et
629 356 795 414 origine
819 359 962 403 vitiata
986 370 1210 419 peccatum
1246 364 1454 423 originale

70 418 327 463 traheretur.
354 423 450 466 Non
471 439 572 480 ergo
593 426 703 469 sicut
727 427 803 470 iste
830 430 902 484 ait,
932 449 951 471 «
980 430 1172 476 l’ersecte
1189 435 1455 479 Manicliaeus

69 497 147 542 est,
173 490 248 547 qui
269 491 428 536 malum
448 495 654 552 originale
675 496 871 543 defendit
912 521 919 544 ;
955 502 1028 545 sed
1059 503 1246 561 perfecte
1264 507 1455 565 Pelagia-

70 573 150 602 nus
171 570 255 615 est,
276 563 351 621 qui
375 564 538 608 malum
563 567 769 624 originale
793 585 880 614 non
898 572 1049 617 credit.
1071 592 1090 615 »
1112 577 1261 635 Neque
1277 578 1391 621 enim
1408 594 1458 622 ex

69 646 158 689 quo
187 647 276 675 esse
312 626 703 697 coepitlkManicliaei
731 642 1023 699 pestilentiosa
1052 646 1289 711 doctrin-abi
1310 664 1361 691 ex
1384 649 1459 693 illo

69 703 369 759 ‹xeperuntin
394 705 1461 773 Eechsshtlhnlunvulibapnzandiexonnzarict

68 773 298 826 exsufllan,
330 776 500 834 utipsss
534 781 747 836 ruJSterns
769 783 1180 832 osunidereturiion
1205 790 1334 833 eosin
1362 806 1462 850 reg-

70 856 175 885 num
196 843 355 888 Christi
376 845 454 890 nisi
476 858 620 893 erutos
636 865 657 894 a
673 853 949 898 tenebrarum
965 866 1174 915 potestate
1188 859 1430 904 transferri¹
1451 880 1459 905 :

68 912 204 956 autin
227 911 348 958 libris
364 917 591 962 Manichaei
613 919 788 979 legitur,
815 925 935 982 quod
955 929 1119 971 venerit
1143 928 1256 973 filius
1278 931 1463 975 hominis

69 999 263 1043 quaerere
286 995 329 1030 et
356 987 519 1032 salvare
542 991 661 1050 quod
687 994 896 1050 perierat²
927 1015 934 1039 :
964 1007 1038 1042 aut
1067 999 1188 1057 quod
1216 1015 1292 1058 per
1326 1017 1461 1046 unum

68 1055 287 1100 hominem
316 1069 541 1119 peccatum
564 1062 608 1104 in
628 1063 744 1108 hunc
760 1066 975 1110 mundum
995 1069 1167 1114 intravit
1182 1073 1196 1095 3
1215 1093 1224 1128 3
1247 1082 1289 1117 et
1306 1083 1462 1118 caetera

68 1126 122 1169 ad
138 1128 336 1171 eamdem
360 1131 618 1176 sententiam
637 1135 915 1191 pertinentia,
937 1154 1037 1197 quae
1055 1156 1182 1199 supra
1201 1157 1461 1189 commemo-

67 1196 254 1241 ravimus
282 1218 289 1243 :
315 1209 389 1243 aut
411 1201 530 1260 quod
551 1202 694 1247 reddit
714 1207 828 1249 Deus
844 1218 1020 1265 peccata
1042 1220 1213 1269 patrum
1231 1213 1276 1256 in
1296 1213 1429 1259 filios⁴
1449 1235 1458 1261 2

67 1276 142 1310 aut
163 1268 283 1327 quod
307 1270 351 1313 in
376 1271 547 1317 Psalmo
570 1275 779 1332 scriptum
802 1286 866 1322 est
896 1298 903 1322 :
932 1298 950 1320 «
979 1283 1072 1339 Ego
1090 1282 1134 1325 in
1157 1283 1460 1343 iniquitatibus

69 1355 88 1377 »
115 1350 355 1399 conceptus
387 1357 499 1397 sum,
526 1353 567 1387 et
599 1344 643 1388 in
667 1349 854 1405 peccatis
877 1359 1014 1394 mater
1044 1367 1138 1397 mea
1163 1354 1207 1397 in
1238 1364 1362 1401 utero
1394 1372 1461 1401 me

68 1426 87 1449 »
114 1408 250 1454 aluit5
282 1431 289 1455 :
318 1430 337 1452 »
365 1422 454 1465 aut,
483 1433 502 1454 «
531 1417 671 1460 Homo
706 1419 885 1463 vanitati
915 1420 1064 1465 similis
1092 1423 1233 1468 factus
1256 1436 1345 1481 est,
1371 1427 1461 1473 dies

68 1497 86 1519 n
113 1481 206 1539 ejus
228 1481 348 1526 velut
372 1484 525 1527 umbra
550 1492 840 1544 praetereunt⁶
866 1509 873 1533 ;
907 1509 926 1531 »
948 1501 1039 1545 aut,
1062 1495 1172 1538 Ecce
1194 1504 1359 1541 veteres
1378 1513 1459 1556 po-

67 1567 86 1590 »
107 1550 228 1594 suisti
242 1551 330 1596 dies
346 1568 479 1609 meos,
498 1564 541 1599 et
558 1556 799 1602 substantia
818 1575 911 1604 mea
930 1563 1052 1621 quasi
1070 1563 1253 1608 nihilum
1273 1576 1371 1611 ante
1390 1577 1454 1625 te,

67 1638 86 1661 »
113 1632 411 1668 verumtamen
436 1625 636 1671 universa
660 1629 847 1684 vanitas,
881 1633 1020 1676 omnis
1043 1633 1175 1680 homo
1200 1637 1347 1682 vivens
1362 1640 1376 1663 ⁷
1400 1657 1409 1683 z
1433 1658 1452 1680 »

62 1701 138 1736 aut
159 1693 280 1752 quod
297 1695 532 1754 Apostolus
555 1697 662 1742 dicit
673 1700 706 1754 8,
731 1719 750 1741 «
769 1702 920 1746 Omnis
938 1713 1136 1750 creatura
1150 1708 1329 1752 vanitati
1348 1710 1452 1753 sub-

68 1782 83 1802 »
104 1763 218 1822 jecta
242 1774 306 1809 est
330 1784 338 1809 z
365 1770 490 1810 »Aut
515 1767 557 1811 in
580 1767 694 1813 libro
716 1771 1010 1829 Ecclesiastae,
1040 1795 1059 1816 «
1087 1778 1262 1821 Vanitas
1284 1780 1450 1824 vanita-

65 1850 84 1873 »
109 1841 218 1888 tum,
243 1844 287 1878 et
315 1837 460 1880 omnia
482 1838 664 1882 vanitas.
694 1842 803 1892 Quae
827 1842 1094 1888 abundantia
1124 1856 1188 1890 est
1218 1848 1383 1892 homini
1407 1850 1451 1893 in

64 1920 83 1942 »
107 1904 226 1947 omni
248 1903 398 1948 labore
418 1921 497 1950 suo
515 1922 644 1966 quem
670 1909 759 1967 ipse
783 1909 951 1956 laborat
983 1914 1064 1957 sub
1091 1914 1236 1959 sole9‘?
1264 1937 1281 1958 »
1304 1928 1379 1962 aut
1406 1919 1451 1962 in

59 1970 172 2018 libro
206 1974 535 2031 Ecclesiastico,
567 1997 587 2019 «
616 1981 780 2038 ,Iugum
806 1997 934 2039 grave
956 1998 1085 2042 super
1119 1986 1228 2031 filios
1260 1987 1397 2033 Adam
1427 2005 1451 2033 a

63 2061 83 2084 »
108 2044 178 2088 die
190 2046 329 2089 exitus
349 2045 403 2090 de
426 2057 575 2091 ventre
594 2049 740 2093 matris
757 2066 924 2107 eorum,
946 2069 1082 2113 usque
1097 2056 1141 2099 in
1163 2056 1277 2101 diem
1302 2060 1449 2117 sepul-

61 2131 82 2154 »
108 2123 215 2158 turae
237 2116 281 2159 in
304 2125 485 2160 matrem
508 2118 706 2162 omnium
728 2121 777 2164 ¹⁰:
794 2139 812 2162 »
831 2131 906 2165 aut
927 2123 1046 2182 quod
1063 2124 1168 2169 dicit
1189 2128 1444 2186 Apostolus,

64 2203 83 2225 «
112 2187 160 2228 In
182 2185 320 2230 Adam
345 2202 494 2232 omnes
518 2190 804 2234 moriuntur¹¹
826 2211 834 2236 :
865 2211 884 2233 »
909 2203 983 2238 aut
1005 2196 1125 2254 quod
1147 2197 1251 2241 dicit
1274 2210 1448 2244 sanctus

59 2254 162 2309 Job,
183 2256 259 2299 ubi
285 2256 339 2300 de
365 2259 546 2316 peccatis
569 2260 654 2303 suis
671 2259 883 2320 loquitur,
913 2283 931 2304 α
955 2267 1096 2308 Homo
1117 2267 1232 2310 enim
1252 2280 1377 2314 natus
1396 2288 1446 2314 ex

62 2343 81 2366 n
105 2325 302 2382 muliere,
328 2328 467 2372 brevis
488 2330 587 2388 vitae
605 2340 647 2374 et
666 2331 819 2389 plenus
839 2334 1090 2390 iracundiae,
1111 2337 1220 2382 sicut
1241 2340 1318 2383 flos
1337 2340 1446 2386 foeui

109 2453 117 2466 ¹
138 2445 259 2479 Coloss.
291 2459 315 2486 1.,
346 2448 394 2479 13.
413 2466 453 2472 —·-
471 2456 483 2471 ²
508 2451 584 2482 Luc.
604 2461 676 2489 xix,
712 2463 760 2483 10.
779 2470 818 2475 —
837 2452 849 2474 3
870 2456 959 2486 Rom.
987 2467 1019 2495 v,
1044 2465 1092 2488 1⁴2.
1111 2474 1151 2480 -—
1167 2458 1182 2487 4
1212 2461 1308 2492 Exod,
1333 2474 1381 2494 xx.
1400 2481 1439 2487 --

61 2500 76 2525 5
94 2502 175 2534 Psal.
201 2514 232 2542 ι,
264 2514 294 2545 7.
311 2504 381 2528 -6
401 2505 447 2537 Id.
474 2517 582 2544 cxmn,
605 2507 636 2547 4.
658 2515 719 2540 ---7
748 2509 794 2540 Id.
815 2521 945 2548 xxxvnr,
972 2514 1002 2544 6.
1022 2530 1060 2536 ——
1078 2512 1092 2535 8
1115 2517 1203 2547 Rom.
1234 2527 1310 2556 vni,
1330 2527 1383 2551 20·
1401 2537 1441 2543 —

61 2565 77 2590 9
94 2558 200 2592 Eccle.
221 2569 243 2599 ι,
267 2567 296 2591 2.
316 2577 355 2582 —
376 2567 404 2581 '0
425 2561 521 2594 Eccli.
541 2573 592 2602 xa,
617 2573 643 2594 1.
669 2579 701 2586 —·
720 2570 747 2586 ²¹
773 2576 782 2596 1
807 2566 877 2597 eor.
898 2576 953 2607 xv,
974 2575 1026 2600 22.

251 2623 362 2652 CXLL
1215 2626 1263 2664 18
