1784 3205
316 206 367 242 88
749 219 781 244 s.
818 215 1044 245 Auens-nm
1083 218 1259 245 EPISCOI‘I

317 285 411 326 bam
439 292 487 327 ut
508 283 541 327 si
563 283 797 341 inciperem
816 283 1072 341 redarguere
1090 317 1100 337 ‚
1124 297 1279 341 negare
1297 295 1385 325 non
1403 291 1559 341 posset.
1587 285 1693 327 Pos-

316 365 381 399 tea
410 371 511 398 vero
535 371 666 414 quam
695 356 739 398 in
765 354 954 398 Africam
978 355 1122 410 venit,
1147 369 1216 398 me
1239 355 1436 408 absente,
1462 362 1630 408 nostro,
1651 354 1695 397 id

313 435 401 481 est,
434 427 700 486 Hipponensi
734 425 879 469 littore
908 434 1112 485 exceptus
1142 434 1221 479 est,
1252 425 1327 468 ubi
1359 424 1553 479 omnino,
1585 424 1695 468 sicut

313 499 503 556 comperi
521 514 542 541 a
558 499 728 551 nostris,
747 496 853 540 nihil
869 496 922 540 ab
935 496 1011 541 illo
1025 496 1273 555 hujusmodi
1288 495 1484 539 auditum
1499 503 1561 539 est
1575 495 1697 555 :quia

313 578 356 613 et
378 568 502 612 citius
525 583 655 628 quam
678 568 929 626 putabatur,
955 567 1056 610 inde
1080 566 1299 625 profectus
1313 575 1392 610 est.
1414 565 1697 610 Postmodum

313 640 402 697 ejus
432 638 584 682 faciem
613 637 894 694 Carthagine,
923 646 1136 696 quantum
1165 635 1307 681 recolo
1328 671 1338 691 ‚
1369 636 1501 680 semel
1525 636 1593 681 vel
1615 636 1696 680 ite-

313 725 409 752 rum
433 709 550 764 vidi,
580 709 756 769 quando
784 723 887 752 cura
915 707 1184 764 Collationis‚
1213 723 1344 768 quam
1364 723 1462 751 cum
1486 707 1699 752 haereticis

312 780 544 823 Donatistis
566 780 755 823 habituri
782 795 949 823 eramus
968 814 978 834 ‚
1004 780 1358 838 occupatissimus
1377 778 1440 822 fui
1467 798 1476 823 ι
1500 778 1574 822 ille
1597 793 1698 823 vero

311 851 439 894 etiam
470 849 524 894 ad
550 851 831 894 transmarina
858 851 1118 909 properavit.
1147 853 1317 894 Interea
1340 865 1416 908 per
1431 865 1504 893 ora
1528 864 1695 904 eorum,

311 922 386 980 qui
408 922 498 980 ejus
520 920 717 980 discipuli
741 920 1008 976 ferebantur,
1030 921 1237 979 dogmata
1258 920 1337 964 ista
1359 919 1590 965 fervebant
1609 940 1618 966 ε
1639 921 1699 965 ita

311 1001 361 1036 ut
381 992 609 1039 Coelestius
631 992 685 1035 ad
709 992 1045 1036 ecclesiasticum
1062 992 1278 1051 judicium
1299 991 1615 1050 pe1·veniret,et
1633 1006 1700 1034 re-

313 1071 504 1121 portaret
529 1062 701 1120 dignam
738 1079 812 1106 sua
845 1063 1121 1121 perversitate
1159 1063 1433 1106 sententiam.
1474 1061 1698 1106 Salubrius

312 1149 413 1177 sane
438 1134 640 1177 adversus
662 1149 732 1177 eos
754 1133 822 1191 agi
846 1133 1121 1192 putabamus,
1152 1133 1184 1176 si
1207 1133 1434 1176 hominum
1452 1132 1701 1176 nominibus

313 1205 464 1257 tacitis,
490 1206 569 1263 ipsi
591 1204 887 1249 refutarentur
910 1214 952 1248 et
973 1205 1338 1263 redarguerentur
1359 1219 1539 1256 errores,
1571 1212 1702 1262 atque

311 1276 368 1317 ita
396 1284 515 1318 metu
541 1277 683 1333 potius
705 1274 980 1320 ecclesiastici
997 1275 1151 1335 judicii
1179 1276 1449 1332 corrigentur
1472 1275 1667 1318 homines
1686 1308 1698 1328 ‚

311 1361 442 1404 quani
471 1348 562 1404 ipso
587 1345 752 1406 judicio
781 1347 1056 1405 punirentur.
1090 1349 1177 1392 Nec
1201 1346 1320 1390 libris
1345 1347 1476 1404 igitur
1498 1345 1701 1390 adversus

312 1415 424 1458 mala
452 1415 524 1458 illa
552 1416 774 1470 disserere,
804 1432 885 1460 nec
914 1418 1198 1475 popularibus
1226 1415 1481 1461 tractatibus
1504 1417 1702 1461 cessaba-

313 1499 424 1528 mus.

372 1557 550 1599 XLVII.
583 1557 695 1600 Cum
728 1570 828 1600 vero
859 1556 965 1599 mihi
995 1557 1124 1600 etiam
1150 1556 1258 1600 liber
1290 1556 1363 1600 ille
1391 1556 1517 1600 datus
1550 1566 1658 1601 esset
1682 1573 1704 1601 a

314 1627 445 1670 servis
476 1628 549 1670 Dei
576 1627 700 1671 bonis
729 1636 771 1671 et
798 1624 1112 1671 honestisviris
1138 1629 1321 1671 Timasio
1349 1636 1392 1671 et
1418 1627 1598 1682 Jacob0‚
1626 1628 1704 1672 ubi

314 1697 579 1756 apertissime
610 1695 806 1755 Pelagius
835 1697 1050 1756 objectam
1071 1697 1150 1740 sibi
1176 1714 1198 1740 a
1230 1712 1274 1740 se
1302 1698 1395 1756 ipso
1417 1707 1625 1757 tanquam
1648 1697 1703 1741 ab

314 1768 587 1823 adversario,
621 1768 739 1811 unde
769 1769 858 1826 jam
892 1767 1043 1826 grandi
1070 1767 1230 1812 invidia
1258 1768 1501 1823 laborabat,
1539 1768 1593 1812 de
1626 1769 1703 1813 Dei

314 1840 451 1895 gratia
473 1840 759 1898 quaestionem
779 1855 868 1883 non
892 1839 1013 1883 aliter
1030 1840 1110 1883 sibi
1131 1839 1295 1883 solvere
1312 1840 1427 1884 visus
1449 1848 1529 1895 est,
1554 1839 1634 1883 nisi
1655 1848 1703 1904 ut

316 1916 515 1952 naturam
546 1924 646 1953 cum
674 1909 813 1952 libero
841 1909 1021 1953 arbitrio
1046 1910 1286 1965 conditam,
1318 1911 1393 1954 Dei
1421 1909 1584 1954 diceret
1608 1924 1704 1967 gra-

317 1979 417 2023 tiam
441 1999 449 2024 :
469 1980 706 2040 aliquando
722 2015 733 2035 ,
764 1980 896 2040 idque
917 1982 1122 2036 tenuiter,
1153 1997 1234 2026 nec
1257 1991 1403 2041 aperte
1419 2017 1430 2037 ‚
1456 1982 1495 2025 ei
1515 1983 1703 2041 conjun-

314 2065 417 2108 gens
437 2051 506 2095 vel
523 2051 628 2110 legis
650 2052 932 2111 adjutorium,
951 2052 1022 2096 vel
1041 2052 1333 2097 remissionem
1354 2054 1480 2097 etiam
1499 2062 1703 2113 peccato-

316 2137 411 2165 rum
436 2137 444 2162 t
472 2131 566 2166 tum
589 2138 690 2166 vero
714 2124 804 2166 sine
824 2121 913 2166 ulla
936 2123 1210 2167 dubitatione
1232 2124 1338 2166 mihi
1360 2124 1544 2180 claruit,
1570 2141 1703 2185 quam

314 2203 423 2237 esset
450 2194 694 2239 christianae
717 2193 845 2238 saluti
868 2208 1085 2238 venenum
1109 2193 1223 2238 illius
1246 2195 1533 2253 perversitatis
1555 2196 1702 2240 inimi-

314 2280 429 2309 cum.
457 2268 545 2310 Nec
567 2266 625 2310 sic
652 2275 797 2309 tamen
822 2266 942 2324 operi
966 2281 1062 2310 meo
1077 2300 1088 2319 ,
1111 2280 1200 2325 quo
1222 2265 1426 2309 eumdem
1448 2265 1609 2310 librum
1632 2282 1702 2310 re·-

313 2335 430 2390 felli,
453 2336 613 2395 Pelagii
631 2351 792 2381 nomen
806 2337 966 2381 inserui
985 2355 993 2380 ;
1015 2335 1184 2381 facilius
1202 2351 1270 2379 me
1288 2336 1535 2381 existimans
1550 2336 1703 2396 profu-

314 2420 428 2459 rum,
447 2407 479 2448 si
499 2416 662 2450 servata
683 2406 882 2462 amicitia,
904 2407 1047 2450 adhuc
1065 2408 1155 2467 ejus
1173 2406 1447 2450 verecundiae
1464 2422 1699 2465 parcerem,

315 2477 437 2534 cujus
466 2476 617 2521 litteris
643 2478 732 2536 jam
759 2492 933 2536 parcere
955 2492 1045 2522 non
1070 2476 1291 2521 deberem.
1326 2477 1436 2521 Hinc
1469 2486 1545 2532 est,
1583 2478 1703 2537 quod

316 2561 434 2591 nunc
458 2547 635 2591 moleste
663 2547 772 2602 fero,
805 2549 848 2592 in
872 2549 954 2593 hoc
979 2547 1146 2607 judicio
1173 2547 1326 2592 dixisse
1354 2546 1478 2592 illum
1509 2547 1701 2607 quodam
