1804 3205
286 225 338 251 nn
373 225 537 251 moerus
572 225 622 252 m·
653 225 1021 258 conciriscnu‘ru,
1058 226 1138 252 Lm.
1178 228 1205 252 ι.
1366 217 1441 254 197

58 305 133 334 nes
149 324 160 344 ‚
188 290 297 335 sicut
318 305 444 334 canes
465 312 476 347 3
505 299 546 334 et
569 292 687 350 quod
713 300 776 335 est
798 291 1051 346 absurdius,
1077 307 1165 336 non
1188 293 1299 336 sicut
1322 308 1449 337 canes

57 363 312 419 crescendo,
348 364 422 409 sed
454 366 676 424 peccando
703 366 848 425 adepti
876 374 976 410 sunt
1009 366 1179 409 visum?
1211 366 1335 409 Absit
1365 367 1447 410 hoc

58 438 248 482 credere.
285 436 369 482 Sed
399 436 516 481 unde
547 446 779 482 moventur
812 439 887 498 qui
916 439 998 483 hoe
1030 447 1209 498 putant,
1245 436 1355 481 illud
1388 447 1450 482 est

58 508 178 569 quod
211 508 395 568 legitur:
425 528 444 551 «
481 511 662 554 Sumens
693 510 747 553 de
793 509 936 554 fructu
976 512 1082 570 ejus,
1118 508 1223 564 edit,
1257 518 1299 553 et
1328 509 1450 553 dedit

59 597 78 621 ι)
104 581 197 625 viro
219 596 296 625 suo
317 595 480 635 secum,
504 590 546 625 et
570 580 756 626 ederunt
774 603 784 639 3
805 591 848 625 et
873 582 1010 641 aperti
1035 591 1137 626 sunt
1159 581 1274 625 oculi
1298 581 1451 624 ambo-

61 670 80 692 »
107 667 220 705 rum,
246 661 289 695 et
310 661 582 711 agnoverunt
605 653 706 712 quia
730 652 837 696 nudi
860 662 984 697 erant
1003 656 1031 696 ¹.
1063 672 1081 694 »
1110 653 1222 697 Hinc
1249 651 1448 711 estquod

57 738 210 783 parum
245 722 563 782 intelligentes,
600 724 836 784 opinantur
871 734 993 769 antea
1027 725 1157 769 fuisse
1190 723 1269 768 illis
1303 723 1452 768 oculos

56 793 247 848 clausos,
274 794 394 853 quod
417 809 488 839 eos
512 804 615 840 tunc
637 805 806 855 apertos
830 796 976 840 divina
1001 796 1224 855 Scriptura
1248 803 1445 839 testatur.

59 866 142 909 Sed
161 865 376 924 numquid
397 875 438 910 et
456 870 570 925 Agar
589 866 741 911 aneilla
764 869 894 922 Sarae,
918 867 1096 927 qnando
1114 866 1284 911 sitiente
1301 875 1344 910 et
1363 866 1451 925 plo—

57 945 181 981 rante
213 937 303 982 filio
328 939 496 997 aperuit
524 938 673 982 oeulos
698 955 819 992 snos,
846 948 888 983 et
910 939 1018 983 vidit
1043 947 1226 998 puteum
1244 972 1254 991 ‚
1279 937 1446 981 clausos

56 1008 176 1067 prius
198 1008 346 1052 oculos
370 1009 524 1052 habuit
542 1010 586 1051 ²?
611 1012 699 1053 Aut
717 1009 778 1053 illi
797 1008 887 1054 duo
904 1008 1102 1068 discipuli
1120 1018 1216 1069 post
1233 1023 1451 1052 resurrec-

59 1079 220 1123 tionem
244 1079 415 1122 Domini
437 1079 481 1122 in
502 1079 567 1122 via
590 1094 689 1123 cum
712 1078 788 1124 illo
810 1079 964 1125 clausis
981 1080 1117 1125 oeulis
1141 1079 1445 1134 ambulabant,

58 1150 112 1194 de
134 1150 294 1210 quibus
318 1150 603 1209 Evangelium
627 1150 839 1210 loquitur,
867 1151 988 1212 quod
1015 1170 1034 1193 «
1068 1152 1112 1195 in
1137 1149 1347 1196 fractione
1370 1167 1448 1210 pa-

62 1239 81 1262 »
107 1221 172 1264 nis
208 1221 344 1280 aperti
376 1230 477 1265 sunt
509 1221 624 1266 oculi
656 1237 824 1276 eorum,
855 1232 898 1267 et
936 1231 1207 1281 agnoverunt
1235 1236 1333 1265 eum
1359 1223 1405 1264 3?
1432 1242 1443 1258 n

58 1291 187 1345 Quod
220 1307 323 1350 ergo
355 1292 563 1350 scriptum
593 1301 655 1336 est
684 1292 738 1336 de
770 1293 1020 1337 hominibus
1053 1293 1228 1352 primis:
1253 1311 1272 1332 α
1298 1292 1447 1351 Aperti

60 1380 80 1402 »
117 1370 218 1405 sunt
247 1361 362 1406 oculi
390 1363 617 1406 amborum
641 1382 649 1406 :
679 1381 698 1403 n
729 1361 969 1420 intelligere
992 1362 1203 1406 debemus
1221 1397 1231 1416 ,
1261 1370 1473 1406 attentos*

61 1433 197 1478 factos
230 1432 283 1477 ad
308 1433 569 1478 intuendum
599 1443 641 1478 et
673 1434 1023 1493 agnoscendum,
1055 1433 1175 1494 quod
1211 1448 1373 1478 novum
1407 1433 1453 1476 in

60 1519 209 1549 eorum
231 1519 413 1563 corpore
435 1504 648 1549 acciderat
675 1524 683 1550 :
709 1505 830 1565 quod
852 1505 1004 1565 utique
1025 1520 1180 1564 corpus
1203 1503 1452 1564 patentibus

59 1591 209 1621 eorum
238 1576 373 1620 oculis
403 1585 446 1620 et
472 1577 641 1621 nudum
667 1577 864 1637 quotidie
892 1577 1176 1637 subjacebat,
1210 1585 1254 1620 et
1275 1584 1448 1619 notum.

59 1645 265 1706 Alioquin
288 1647 511 1706 quomodo
534 1647 589 1691 ad
611 1663 654 1691 se
677 1646 876 1692 adductis
895 1647 1154 1691 animalibus
1176 1645 1452 1690 terrestribus

57 1726 100 1762 et
125 1716 343 1762 volatibus
376 1718 594 1772 omnibus,
627 1719 765 1762 Adam
794 1717 950 1763 clausis
980 1718 1116 1763 oculis
1148 1718 1323 1762 nomina
1348 1731 1451 1775 pos-

57 1796 121 1832 set
141 1788 364 1846 imponere
382 1823 393 1842 ,
413 1787 535 1848 quod
557 1789 637 1833 nisi
660 1787 946 1833 discernendo
971 1805 1059 1833 non
1083 1789 1259 1841 faceret,
1286 1787 1450 1831 discer-

58 1873 161 1902 nere
191 1867 339 1902 autem
365 1859 449 1902 nisi
476 1857 666 1903 videndo
696 1874 785 1902 non
810 1861 982 1918 posset?
1006 1857 1237 1911 Quomodo
1259 1856 1449 1916 denique

59 1928 149 1987 ipsa
171 1927 328 1972 mulier
356 1929 394 1972 ei
417 1927 710 1972 demonstrata
735 1937 824 1983 est,
851 1928 1028 1989 quando
1051 1929 1109 1972 ait
1132 1948 1139 1972 :
1171 1946 1190 1969 «
1216 1930 1309 1972 Hoc
1330 1942 1449 1970 nunc

61 2016 82 2039 »
117 2013 164 2042 os
182 2013 231 2042 ex
250 1999 415 2042 ossibus
438 1999 558 2053 τηθὶς,
585 2007 628 2042 et
649 2013 747 2043 caro
769 1999 824 2043 de
846 2014 975 2043 carne
997 2015 1091 2043 mea
1111 2000 1153 2043 4?
1178 2017 1197 2039 »
1226 2002 1449 2043 Postremo

58 2069 92 2113 si
114 2084 250 2128 usque
273 2068 381 2113 adeo
403 2069 634 2129 quisquam
656 2068 788 2113 fuerit
809 2070 1106 2114 contentiosus
1122 2104 1133 2124 ‚
1158 2078 1208 2114 ut
1230 2070 1323 2113 haee
1346 2083 1447 2112 eum

58 2140 173 2183 dicat
196 2155 285 2184 non
312 2140 554 2194 cernendo,
585 2140 659 2184 sed
682 2139 899 2200 palpando
922 2142 1112 2201 potuisse
1138 2162 1146 2185 ;
1172 2141 1279 2201 quid
1301 2140 1447 2185 dictu-

60 2226 131 2256 rus
159 2220 244 2266 est,
277 2211 475 2270 quodibi
501 2211 660 2271 legitur
680 2211 836 2256 mulier
863 2213 1032 2272 lignum
1053 2215 1084 2267 ⁵,
1115 2212 1170 2257 de
1194 2228 1282 2272 quo
1306 2212 1448 2256 fuerat

58 2282 206 2326 cibum
234 2291 461 2341 sumptura
492 2281 778 2341 prohibitum,
806 2282 961 2327 vidisse
990 2298 1121 2342 quam
1147 2292 1257 2326 esset
1279 2283 1447 2341 specio-

57 2367 152 2396 sum
179 2352 315 2396 oculis
348 2351 401 2395 ad
438 2351 706 2396 videndum:
733 2371 751 2393 «
777 2354 914 2395 Erant
936 2352 1081 2412 itaque
1108 2351 1244 2407 nudi,
1281 2361 1324 2396 et
1355 2368 1444 2396 non

59 2440 80 2462 n
115 2421 561 2479 confundebantur⁰3
596 2437 684 2465 non
717 2422 815 2481 quia
851 2437 940 2465 non
971 2421 1205 2476 videbant,
1236 2422 1309 2467 sed
1341 2423 1442 2481 quia

106 2531 114 2547 ¹
138 2527 218 2556 Gen.
237 2537 285 2561 ιιι,
304 2525 326 2555 6
342 2532 374 2556 et
397 2536 426 2566 7.
447 2543 480 2548 —
501 2526 669 2564 21‹l.x‹1‚
693 2535 731 2566 ις)
762 2541 801 2547 -
819 2523 831 2546 3
852 2527 928 2557 Luc.
952 2536 1038 2563 xxiv.
1069 2526 1104 2558 3«
1137 2531 1167 2557 et
1189 2526 1239 2557 33.
1260 2524 1330 2554 -l,
1361 2528 1427 2556 «jon

59 2590 94 2613 n,
113 2579 168 2611 23.
190 2596 229 2602 ἡ
244 2578 257 2602 5
275 2580 321 2610 Μ,
343 2591 387 2615 ιιι,
406 2580 437 2611 (i.
457 2579 523 2602 —0
541 2580 574 2611 ld
609 2592 644 2615 ιι,
665 2581 717 2611 ὶῧ,
