1804 3205
315 222 477 249 αυΝΤιιΛ
515 226 618 250 uuas
653 227 783 254 briss.
822 229 1047 255 malacim..
1088 232 1165 257 μιιι.
1208 234 1232 256 ι.
1393 224 1469 262 417

88 303 108 326 »
128 286 250 345 quod
264 296 355 330 erat
374 288 417 331 in
439 289 589 344 vitam,
611 292 693 336 hoc
711 308 801 337 esse
820 294 862 337 in
887 302 1086 340 mortem.
1105 299 1337 342 Peccatum
1356 301 1471 345 enini

83 373 103 397 »
127 366 305 416 accepta
323 360 548 405 occasione
568 378 643 421 per
662 364 915 409 mandatum
935 364 1087 410 fefellit
1105 382 1189 421 mc,
1207 376 1249 412 et
1273 384 1347 428 per
1363 370 1472 416 illud

81 444 102 468 n
125 426 299 472 occidit.
313 431 466 490 Itaque
480 434 566 476 Lex
581 434 760 493 quidem
775 445 938 490 sancta,
951 446 994 481 et
1007 436 1259 483 mandalum
1274 451 1472 486 sanctum

81 514 102 538 »
123 499 344 558 etjustum
361 510 404 545 et
422 501 748 558 bonum.Quod
771 521 871 564 ergo
891 508 1057 552 bonum
1080 517 1160 565 est,
1186 511 1293 554 mihi
1309 511 1473 556 factum

80 586 100 610 ιι
119 579 184 614 est
205 585 320 616 mors
342 573 360 616 P
382 574 521 619 Absit.
558 574 642 620 Sed
665 587 892 636 peceatum
917 590 967 625 ut
995 590 1200 641 appareat
1228 593 1470 641 peccatum,

80 656 198 700 »per
219 642 387 688 bonum
420 646 524 690 mihi
559 658 787 707 operatum
820 660 882 696 est
911 661 1122 708 mortem,
1157 662 1207 698 ut
1239 655 1315 699 fiat
1345 671 1474 715 supra

79 728 100 752 »
124 712 304 758 modum
324 726 526 774 peccator
548 727 622 763 aut
646 730 872 779 peccatum
897 737 973 782 per
993 724 1252 768 mandatum
1278 728 1306 768 ¹.
1331 729 1470 771 »Haec

76 784 238 840 omnia,
254 787 364 832 sicut
381 788 486 844 dixi,
504 798 646 848 potest
665 792 801 836 videri
818 794 1050 852 Apostolus
1073 795 1127 840 de
1149 811 1225 840 sua
1243 796 1329 841 vita
1343 812 1466 842 com-

75 869 335 904 memorasse
368 861 584 918 praeterita
614 881 622 905 :
652 872 701 907 ut
729 862 838 907 illud
869 865 990 925 quod
1018 866 1077 910 ait
1109 885 1117 910 ε
1161 886 1180 908 «
1206 870 1298 925 Ego
1322 877 1470 912 autem

78 944 98 968 »
125 927 326 974 vivebam
349 930 585 991 aliquando
608 933 699 977 sine
722 937 834 992 Lege
856 956 867 991 3
898 953 918 976 ι)
945 945 1116 980 aetatem
1140 952 1260 980 suam
1284 938 1469 996 primam

74 998 130 1042 ab
151 999 336 1044 infantia
356 1010 456 1046 ante
487 1003 717 1048 rationales
736 1020 872 1049 annos
899 1005 1086 1050 voluerit
1108 1005 1293 1065 intelligi
1314 1026 1322 1050 :
1347 1007 1467 1067 quod

73 1078 219 1114 autem
241 1070 440 1131 adjunxit
463 1092 471 1117 :
502 1092 521 1115 «
547 1074 818 1119 Adveniente
839 1083 985 1119 autem
1011 1075 1220 1121 mandato
1240 1087 1469 1136 peccatum

75 1158 96 1182 »
129 1142 312 1198 revixit,
339 1158 419 1203 ego
446 1154 592 1189 autem
628 1154 827 1190 mortuus
853 1161 948 1191 sum
977 1168 988 1204 3
1016 1165 1035 1188 »
1068 1148 1157 1206 jam
1187 1164 1231 1191 se
1262 1150 1468 1208 praecepti

72 1228 291 1273 capacem,
312 1214 386 1261 sed
411 1231 500 1261 non
518 1217 760 1273 etlicacem,
778 1227 821 1262 et
838 1217 937 1263 ideo
954 1219 1327 1278 praevaricatorem
1343 1221 1467 1280 Legis

72 1285 335 1331 ostenderet.

130 1358 226 1401 XV.
253 1360 342 1402 Nec
370 1368 543 1404 moveat
566 1360 688 1419 quod
711 1359 765 1404 ad
789 1359 1085 1420 Philippenses
1111 1363 1279 1420 scripsit
1305 1381 1313 1407 z
1344 1381 1363 1404 «
1389 1365 1467 1407 Se-

73 1446 92 1470 »
121 1431 317 1474 cundum
347 1431 560 1490 justitiam
594 1447 694 1492 quae
726 1432 772 1475 in
804 1435 918 1490 Lege
948 1441 1009 1476 est
1032 1467 1042 1487 ,
1079 1434 1153 1493 qui
1189 1432 1347 1476 fuerim
1375 1434 1467 1477 sine

73 1519 94 1543 »
127 1502 304 1561 querela
332 1506 364 1546 ².
411 1524 428 1544 »
463 1503 612 1548 Potuit
647 1503 764 1547 enim
800 1518 890 1547 esse
933 1503 1050 1548 intus
1084 1504 1130 1547 in
1158 1504 1462 1548 affectionibus

69 1573 212 1631 pravis
231 1573 536 1633 praevaricator
552 1573 690 1631 Legis,
708 1583 752 1618 et
776 1583 923 1618 tamen
939 1574 1172 1633 conspicua
1190 1590 1320 1634 opera
1340 1575 1466 1633 Legis

68 1643 272 1704 implere,
299 1644 368 1690 vel
391 1645 546 1689 timore
568 1644 821 1699 hominum,
845 1644 913 1688 vel
932 1644 1064 1703 ipsius
1082 1645 1187 1701 Dei,
1217 1645 1292 1688 sed
1321 1659 1466 1703 poenae

70 1712 304 1759 formidine
320 1750 330 1770 ,
356 1730 446 1760 non
472 1714 709 1759 dilectione
738 1723 781 1758 et
808 1713 1096 1758 delectatione
1112 1715 1308 1773 justitiae.
1331 1713 1467 1757 Aliud

68 1794 133 1830 est
159 1788 275 1829 enim
294 1785 523 1829 voluntate
544 1783 846 1829 benefaciendi
869 1782 1127 1829 benefacere
1143 1819 1153 1839 ,
1175 1784 1294 1828 aliud
1319 1793 1466 1828 autem

70 1855 125 1900 ad
147 1853 515 1899 malefaciendum
534 1854 592 1898 sic
610 1853 835 1899 voluntate
852 1853 1067 1909 inclinari,
1089 1863 1139 1897 ut
1157 1857 1285 1898 etiam
1306 1852 1467 1898 faceret

69 1927 105 1971 si
131 1927 216 1972 hoc
250 1935 395 1986 posset
427 1928 607 1986 impune
629 1925 836 1986 permitti.
863 1927 973 1971 Nam
995 1925 1054 1969 sic
1077 1924 1274 1984 profecto
1303 1925 1347 1969 in
1375 1925 1466 1984 ipsa

68 1996 186 2042 intus
218 1997 446 2042 voluntate
478 2004 659 2056 peccat,
686 1996 762 2055 qui
787 2011 876 2040 non
908 1995 1165 2049 voluntate,
1197 1994 1274 2040 sed
1313 1996 1466 2039 timore

67 2083 158 2112 non
184 2077 350 2127 peccat.
388 2070 439 2111 In
472 2067 632 2126 quibus
666 2066 944 2110 interioribus
975 2066 1060 2110 suis
1093 2065 1223 2109 talem
1257 2082 1300 2110 se
1335 2065 1467 2109 fuisse

69 2139 207 2183 sciens
229 2138 463 2198 Apostolus
487 2147 587 2182 ante
610 2137 790 2196 gratiam
806 2138 911 2192 Dei,
930 2153 1029 2197 quae
1051 2152 1128 2196 per
1148 2139 1298 2181 Jesum
1320 2137 1469 2181 Chris-

70 2218 165 2253 tum
193 2209 431 2253 Dominum
453 2216 650 2253 nostrum
684 2216 779 2261 est,
815 2206 920 2251 alibi
952 2208 1036 2252 hoc
1065 2207 1330 2266 apertissime
1359 2222 1468 2250 conn

70 2281 234 2325 fitetur-1.
263 2281 465 2326 Scribens
487 2280 651 2339 quippe
684 2279 739 2322 ad
762 2278 972 2336 Ephesios
1005 2297 1014 2322 ε
1044 2297 1062 2319 t(
1093 2281 1149 2321 Et
1171 2293 1246 2322 vos
1264 2312 1274 2332 ,
1296 2278 1464 2336 inquit,

73 2370 95 2393 ι)
120 2367 220 2396 cum
239 2353 382 2396 essetis
400 2351 558 2395 mortui
584 2348 754 2394 delictis
777 2357 820 2391 et
841 2348 1030 2406 peccatis
1052 2349 1220 2402 vestris,
1248 2348 1291 2391 in
1309 2348 1469 2407 quibus

76 2440 94 2464 »
120 2421 358 2482 aliquando
375 2420 628 2466 ambulastis
646 2416 888 2464 secundum
912 2417 1121 2462 sacculum
1145 2416 1299 2461 mundi
1323 2419 1469 2478 hujus,

73 2512 94 2535 ι)
119 2491 361 2537 secundum
387 2492 630 2552 principem
665 2489 889 2549 potestatis
923 2489 1029 2534 a'e'ris
1066 2488 1240 2549 spiritus
1269 2490 1361 2548 ejus
1393 2488 1471 2547 qui

122 2583 128 2600 ¹
155 2579 247 2611 Rom.
270 2587 324 2617 vn,
346 2585 444 2616 7-12.
466 2593 507 2599 -
525 2582 536 2598 ²
554 2574 666 2616 Philip.
695 2583 743 2612 ιιι,
761 2574 792 2605 6.

234 2640 347 2670 cxrr
1254 2626 1305 2663 27
