1804 3205
276 237 326 260 mi
362 237 526 262 Misius
564 239 611 264 m*
645 241 763 267 (maci
786 241 1012 278 1¹1scEN'1·iA‚
1054 246 1132 269 ι,ιι;,
1174 247 1199 270 ι,
1358 240 1432 275 221

49 297 288 342 secundum
317 316 512 349 carnem,
541 320 672 362 quain
699 306 775 348 nisi
804 316 968 352 teneret
998 309 1180 353 carnalis
1204 313 1440 370 concupis-

48 368 205 419 centia,
226 384 357 428 quam
374 370 511 428 legem
534 376 696 432 pcccati
717 386 864 432 vocat,
888 393 974 422 non
1000 380 1154 439 utiquc
1174 380 1216 424 in
1237 396 1283 424 ca
1301 382 1439 426 ullum

48 437 246 482 illicitum
271 440 531 486 desiderium
546 478 556 497 ‚
583 446 652 488 cui
679 461 797 490 mens
819 448 996 493 obedire
1012 465 1099 494 non
1118 451 1300 507 debeat,
1326 468 1442 496 com-

47 518 253 553 moveret.
268 511 396 563 Quod
418 522 667 559 autemnon
683 517 757 566 ait,
775 519 1067 577 captivantem
1089 536 1263 566 carnem
1281 538 1440 582 meam3

47 578 138 634 sed,
169 599 187 622 «
209 583 499 641 captivantem
525 601 593 630 me
616 603 623 628 :
654 606 672 627 υ
702 588 801 632 hinc
828 590 986 634 tactum
1011 601 1097 647 est,
1130 603 1178 637 ut
1201 610 1348 639 sensus
1372 595 1441 640 hic

47 650 155 696 alius
182 664 473 712 quaereretur,
504 666 546 701 et
581 659 874 718 acciperemus
896 683 914 704 «
937 664 1226 722 captivantem
1243 701 1253 719 ,
1278 684 1297 707 »
1321 665 1442 711 velut

46 719 236 778 dixisset,
252 725 470 784 captivare
493 738 739 773 conantem.
760 732 843 776 Sed
861 748 940 777 cur
955 749 1044 778 non
1062 733 1242 791 diceret,
1263 755 1281 778 «
1299 737 1441 796 capti-

48 810 68 833 »
88 802 262 838 vantem
288 810 380 851 me,
401 814 420 837 n
447 798 522 842 ubi
544 798 676 844 vellet
694 801 877 862 intelligi
896 820 1070 849 carnem
1093 821 1214 850 suam
1227 810 1244 851 P
1267 810 1441 853 Annon

44 862 212 908 dictum
234 875 297 910 est
319 866 373 911 de
396 870 514 923 Jesu,
541 886 642 915 cum
673 872 716 916 in
739 886 1026 921 monumento
1050 893 1138 922 non
1164 877 1319 924 fuisset
1341 895 1442 924 caro

45 935 136 994 ejus
160 936 350 992 inventa,
376 958 395 980 «
425 939 639 986 'l'ulerunt
664 945 895 989 Dominum
927 962 1094 1001 meum,
1130 958 1173 994 et
1195 951 1340 995 nescio
1363 951 1438 993 ubi

49 1023 69 1045 »
94 1018 332 1065 posuerunt
355 1013 511 1054 eum¹P
534 1015 683 1057 »Num
702 1013 800 1059 ideo
813 1031 900 1060 non
920 1027 1037 1062 recte
1055 1018 1220 1064 dictum
1245 1030 1324 1075 est,
1340 1021 1439 1080 quia

43 1092 133 1122 non
160 1078 326 1124 dictum
359 1092 443 1137 est,
478 1098 678 1139 carnem,
707 1086 775 1130 vel
808 1103 966 1148 corpus
999 1091 1171 1136 Domini
1202 1093 1311 1150 mei3
1345 1093 1438 1148 sed,

48 1166 68 1190 «
93 1150 329 1195 Dominum
349 1156 522 1198 meum?
537 1173 555 1196 n

103 1222 284 1267 XXXV.
322 1226 583 1285 Quanquam
614 1227 746 1287 paulo
775 1231 988 1288 superius,
1019 1241 1062 1276 et
1088 1233 1179 1292 ipse
1208 1234 1441 1292 Apostolus

43 1293 266 1351 quomodo
292 1304 406 1339 recte
430 1298 621 1355 potuerit
644 1299 698 1342 de
723 1315 852 1343 carne
875 1316 951 1345 sua
973 1302 1116 1347 dicere
1131 1339 1141 1357 ,
1167 1322 1187 1345 «
1212 1305 1439 1363 captivan-

47 1379 66 1403 »
103 1372 189 1407 teni
211 1379 306 1419 me,
337 1383 356 1406 »
382 1367 481 1411 satis
504 1367 727 1413 evidenter
750 1372 934 1429 aperuit.
962 1375 1074 1418 Cum
1098 1376 1212 1418 enim
1237 1375 1435 1419 dixisset:

46 1452 66 1476 «
104 1435 200 1479 Scio
219 1437 332 1480 enim
350 1439 450 1497 quia
470 1454 558 1483 non
578 1439 743 1485 habitat
763 1442 806 1485 in
826 1458 895 1486 me
911 1446 926 1467 ²
944 1462 951 1488 :
976 1464 991 1484 »
1011 1444 1199 1504 idipsum
1219 1461 1438 1505 exponens

43 1503 241 1565 adjunxit
257 1542 267 1562 ‚
304 1516 346 1551 et
381 1509 466 1563 ait,
508 1528 527 1552 «
565 1511 647 1555 hoc
682 1521 770 1565 est,
808 1513 853 1556 in
894 1530 1022 1559 carne
1055 1531 1149 1560 mea
1191 1516 1373 1561 bonum.
1413 1535 1435 1558 »

43 1578 147 1621 Haec
169 1592 271 1637 ergo
293 1580 536 1638 captivatur
557 1582 639 1625 sub
662 1581 757 1642 lege
780 1585 960 1643 peccati,
983 1587 1028 1629 in
1050 1603 1135 1647 qua
1158 1603 1246 1632 non
1271 1588 1439 1632 habitat

42 1648 207 1693 bonum
226 1685 237 1706 ,
269 1651 352 1696 hoc
385 1661 476 1708 est,
508 1669 620 1698 caro.
653 1657 838 1700 Carnem
867 1666 1013 1702 autem
1039 1674 1158 1704 nunc
1183 1660 1459 1720 appellavit,x
1503 1652 1535 1673 Χ)

44 1719 119 1763 ubi
142 1729 206 1764 est
232 1722 454 1768 morbidus
476 1724 654 1784 quidam
675 1726 814 1770 carnis
834 1727 1042 1786 affectus3
1068 1745 1156 1774 non
1178 1730 1314 1789 ipsam
1338 1746 1437 1775 cor-

43 1790 160 1849 poris
177 1792 587 1850 conformationem,
609 1798 734 1856 cujus
751 1798 945 1842 membra
965 1815 1053 1843 non
1073 1800 1320 1845 adhibenda
1335 1811 1437 1846 sunt

44 1875 161 1905 arma
190 1873 368 1921 peccato
387 1899 397 1918 ‚
429 1864 472 1908 id
511 1875 601 1920 est,
631 1867 772 1910 eidem
810 1868 887 1926 ipsi
918 1871 1304 1929 concupiscentiae,
1336 1888 1437 1930 quae

44 1932 127 1977 hoc
149 1933 320 1978 carnale
343 1944 538 1979 nostrum
561 1937 781 1994 captivum
806 1947 939 1982 tenet.
969 1942 1077 1985 Nam
1101 1951 1314 2001 quantum
1337 1943 1437 1986 atti·-

44 2013 119 2048 net
142 2003 196 2048 ad
222 2006 356 2064 ipsam
385 2007 652 2066 corporalem
679 2008 965 2054 substantiam
996 2020 1128 2072 atque
1149 2022 1367 2068 naturam,
1392 2014 1440 2057 in

44 2074 142 2118 viris
170 2074 386 2131 fidelibus,
426 2078 514 2121 sive
548 2079 788 2138 conjugatis
809 2114 819 2134 ‚
849 2081 935 2125 sive
968 2083 1321 2137 continentibus,
1348 2085 1436 2144 jam

45 2144 258 2204 templum
289 2147 364 2190 Dei
390 2156 468 2191 est.
496 2151 705 2192 Attamen
727 2148 761 2194 si
784 2152 961 2196 omnino
984 2153 1093 2196 nihil
1118 2155 1258 2198 carnis
1280 2163 1440 2200 nostrae

45 2215 267 2273 captivum
290 2225 528 2273 teneretur,
556 2234 645 2264 non
667 2220 846 2279 quidem
873 2223 954 2266 sub
978 2222 1173 2280 diabolo,
1196 2225 1296 2285 quia
1315 2234 1358 2269 et
1380 2225 1439 2268 ibi
1480 2217 1508 2234 ‘i
1561 2273 1573 2279 μ

46 2283 161 2331 facta
184 2296 246 2331 est
274 2290 439 2347 peccati
466 2290 657 2334 remissio
677 2326 687 2345 ‚
720 2300 769 2334 ut
796 2302 1023 2350 peccatum
1053 2310 1142 2339 non
1173 2296 1436 2355 imputetur,
1492 2309 1513 2324 Ἡ,
1547 2293 1550 2296 >

48 2358 169 2417 quod
201 2360 374 2418 proprie
404 2361 471 2404 lex
505 2362 668 2420 peccati
697 2371 899 2419 vocatur;
932 2373 1076 2408 tamen
1105 2366 1186 2409 sub
1222 2366 1312 2425 ipsa
1342 2365 1439 2425 lege

47 2429 236 2487 peccati,
259 2430 343 2475 hoc
364 2440 448 2486 est,
475 2432 556 2476 sub
579 2433 927 2491 concupiscentia
946 2449 1038 2491 sua,
1063 2436 1142 2480 nisi
1165 2436 1440 2497 aliquantum

50 2507 270 2544 teneretur
283 2515 382 2546 caro
404 2510 550 2548 nostra
572 2503 757 2562 captiva,
777 2504 1001 2563 quomodo
1021 2515 1132 2552 esset
1149 2522 1301 2553 verum
1317 2509 1439 2568 quod

98 2589 106 2606 ¹
127 2585 221 2618 Joau.
243 2596 295 2624 xx,
316 2594 349 2619 2.
363 2602 403 2610 —
421 2593 433 2610 ²
452 2588 542 2620 Rom.
563 2598 618 2628 νυ,
642 2588 692 2620 ιὸ.
710 2604 750 2611 --
769 2586 781 2611 3
803 2589 849 2623 121.
867 2600 913 2627 vi,
941 2591 991 2623 13.
