1784 3205
305 225 387 262 286
408 210 410 219 ι
743 240 775 263 s.
813 235 854 262 Α(
872 236 1042 263 ous'rim
1077 236 1257 263 Ενιεεοιη

362 304 395 344 Ι.
406 303 722 345 SINCERiTATEM
737 310 855 345 tuam
870 316 968 359 erga
984 302 1267 355 nos¹,Renate
1281 300 1683 356 fratereharissime,

300 380 343 416 et
366 371 596 416 fraternam
632 372 1003 427 benevolentiam,
1030 381 1264 425 acmutuae
1287 371 1528 416 dilectionis
1553 372 1685 415 affec-

299 451 393 486 tum
414 444 641 502 probatum
667 443 843 503 quidem
866 452 907 486 et
930 452 1053 487 antea
1080 442 1338 486 tenebamus
1361 461 1369 487 z
1391 458 1540 486 verum
1567 457 1685 487 nunc

301 514 594 572 probatiorem
626 514 748 557 nobis
780 513 911 556 amica
940 512 1163 572 diligentia
1200 512 1526 567 demonstrasti,
1566 510 1687 572 quod

300 583 405 626 mihi
421 583 530 628 duos
548 584 698 639 libros,
718 585 806 643 ejus
824 583 1000 643 quidem
1019 583 1206 627 hominis
1228 598 1358 642 quem
1378 583 1548 642 penitus
1566 583 1685 641 igno-

300 655 466 708 rabam,
495 671 573 699 nec
597 665 739 698 tamen
763 653 861 697 ideo
884 654 1214 708 contemnendi,
1235 654 1449 697 Vincentii
1469 654 1651 697 Victoris
1670 688 1680 708 ,

299 723 376 780 (sic
402 726 513 767 enim
546 735 831 783 praenotatum
859 724 919 767 ibi
948 740 1106 768 nornen
1139 725 1230 783 ejus
1263 723 1446 781 inveni,)
1489 716 1682 782 prexime

300 786 515 852 praeterita
551 805 698 839 aestate
726 795 873 839 misisti
900 814 909 839 ;
936 794 1132 854 quamvis
1161 794 1362 848 mihi,veo
1388 793 1506 853 quod
1531 794 1684 837 absens

300 863 473 907 fuissem
495 900 505 919 ,
533 865 577 908 in
602 866 802 909 autumni
824 865 911 908 fine
931 865 1018 908 sint
1040 863 1212 908 redditi.
1243 864 1475 917 Quomodo
1496 863 1611 907 enim
1635 873 1684 907 tu

300 935 569 980 charissimus
582 951 704 980 meus
716 952 863 995 posses
879 935 947 981 vel
960 936 1139 980 deberes
1162 936 1207 979 in
1229 951 1369 979 meam
1388 951 1475 980 non
1495 934 1683 994 perferre

300 1006 514 1060 notitiam,
540 1023 639 1050 cum
660 1007 703 1050 in
723 1023 872 1050 manus
892 1016 983 1051 tuas
1002 1008 1220 1051 venissent
1243 1004 1474 1066 cujuslibet
1495 1006 1684 1049 hominis

299 1075 637 1136 qualescumque
656 1076 824 1131 litterae,
846 1077 947 1121 licet
969 1078 1024 1121 ad
1042 1077 1174 1120 alium
1192 1077 1432 1131 scribentis,
1448 1076 1525 1120 ubi
1540 1086 1684 1120 tamen

298 1162 458 1190 nomen
473 1158 884 1191 commemoraretur
905 1158 947 1191 et
965 1147 1179 1207 legeretur
1195 1163 1337 1191 meum
1348 1182 1358 1201 ,
1377 1148 1433 1191 ita
1453 1156 1501 1191 ut
1516 1155 1684 1191 contra-

299 1215 513 1260 diceretur
541 1217 682 1273 verbis
712 1219 839 1272 meis,
868 1234 966 1277 quae
996 1219 1040 1261 in
1062 1217 1322 1277 quibusdam
1349 1216 1566 1276 opusculis
1589 1216 1683 1261 edi-

299 1287 484 1331 dissem?
508 1291 599 1332 Hoc
621 1288 767 1348 itaque
790 1288 942 1344 fecisti,
965 1288 1086 1349 quod
1103 1288 1410 1332 sincerissimus
1429 1297 1472 1332 et
1489 1287 1682 1332 dilectis-

298 1359 430 1402 simus
452 1360 615 1404 amicus
638 1376 758 1403 meus
780 1359 921 1404 facere
944 1359 1145 1404 debuisti.

360 1433 417 1472 ΙΙ.
457 1430 539 1474 Sed
562 1431 664 1474 hinc
686 1446 820 1488 angor
842 1430 1085 1489 paululum,
1109 1430 1228 1490 quod
1247 1429 1389 1474 adhuc
1412 1439 1499 1473 tuae
1523 1430 1682 1473 sancti-

301 1500 375 1542 tati
401 1501 542 1543 minus
571 1511 702 1559 quam
726 1500 881 1544 vellem
923 1501 1121 1558 cognitus
1169 1516 1263 1544 sum
1293 1520 1300 1546 :
1324 1500 1681 1560 quandoquidem

298 1569 459 1627 putasti
484 1585 550 1613 me
578 1570 637 1613 sic
669 1579 964 1629 accepturum,
992 1572 1113 1630 quasi
1137 1580 1186 1615 tu
1211 1572 1314 1615 mihi
1337 1571 1538 1631 injuriam
1563 1570 1680 1615 fece-

299 1639 368 1691 ris,
396 1649 546 1683 notum
571 1640 770 1684 faciendo
788 1642 908 1700 quod
923 1641 1029 1684 alius
1051 1640 1166 1684 fecit.
1189 1645 1410 1694 Quantum
1437 1651 1581 1686 autem
1597 1641 1680 1686 hoc

298 1709 408 1752 absit
430 1710 483 1753 ab
501 1709 645 1753 animo
661 1725 777 1767 meo,
796 1710 910 1764 vide,
931 1721 978 1754 ut
996 1726 1049 1754 ne
1065 1711 1119 1754 ab
1137 1710 1213 1755 illo
1231 1712 1407 1771 quidem
1424 1727 1492 1754 me
1507 1726 1679 1770 passum

296 1779 495 1838 injuriam
519 1795 774 1839 conquerar.
797 1783 908 1825 Cum
939 1781 1053 1824 enim
1077 1780 1199 1824 aliter
1221 1782 1422 1841 quaedam
1446 1797 1576 1841 quam
1600 1797 1679 1839 ego

297 1859 485 1908 superet,
508 1852 823 1910 numquidnam
845 1851 997 1895 debuit
1018 1852 1225 1896 reticere?
1249 1852 1371 1897 Unde
1388 1852 1493 1896 mihi
1507 1861 1678 1911 gratum

297 1936 385 1964 esse.
405 1921 550 1975 debet,
582 1921 698 1981 quod
724 1925 780 1965 ita
803 1938 891 1966 non
915 1923 1065 1977 tacuit,
1095 1932 1144 1966 ut
1160 1923 1203 1966 id
1227 1925 1356 1967 etiam
1380 1924 1522 1982 legere
1540 1923 1676 1982 possi-

296 2006 407 2034 mus.
429 1992 613 2035 Deberet
627 1993 802 2052 quidem
820 2002 988 2036 tantum
1006 1993 1192 2036 scribere
1206 1993 1346 2052 potius
1365 1993 1419 2037 ad
1434 2009 1517 2048 me,
1543 2008 1677 2053 quam

294 2059 350 2103 ad
373 2060 557 2104 alterum
582 2062 635 2104 de
655 2078 721 2105 me
748 2082 756 2106 ε
783 2064 856 2106 sed
881 2062 1001 2122 quod
1025 2063 1130 2105 mihi
1153 2072 1259 2106 esset
1281 2063 1454 2122 ignotus
1469 2099 1478 2117 ,
1503 2079 1592 2108 non
1614 2072 1677 2107 est

294 2146 422 2174 ausus
439 2146 482 2174 se
496 2131 600 2174 mihi
615 2132 804 2189 ingerere
814 2132 857 2175 in
869 2147 1064 2175 meorum
1075 2131 1336 2176 refutatione
1349 2133 1675 2178 dictorum.Nec

294 2200 609 2245 consulendum
638 2217 706 2245 me
731 2202 913 2260 putavit,
944 2203 1017 2245 ubi
1041 2202 1122 2246 sibi
1138 2202 1308 2247 videtur
1336 2203 1513 2246 minime
1540 2202 1674 2247 dubi-

296 2272 492 2326 tandum,
518 2271 591 2316 sed
612 2273 737 2331 plane
754 2274 969 2331 cognitam
986 2283 1027 2317 et
1049 2283 1207 2318 certam
1228 2283 1374 2317 tenere
1395 2274 1668 2318 sententiam.

294 2343 616 2402 Obtemperavit
643 2352 788 2387 autem
811 2344 947 2388 amico
963 2359 1056 2398 suo,
1074 2359 1097 2387 a
1112 2359 1199 2403 quo
1215 2359 1274 2399 se,
1296 2353 1345 2388 ut
1364 2344 1586 2399 scriberet,
1607 2343 1674 2387 di-

291 2413 348 2456 cit
369 2428 457 2456 esse
487 2414 775 2472 compulsum.
806 2415 910 2458 Etsi
933 2415 1039 2475 quid
1065 2416 1176 2459 inter
1197 2415 1527 2474 disputandum,
1551 2403 1670 2476 quod

291 2483 335 2526 in
369 2499 506 2526 meam
534 2484 841 2528 contumeliam
874 2485 1162 2540 redundaret,
1195 2486 1426 2545 expressit3
1455 2501 1542 2530 non
1565 2500 1666 2530 eum

341 2573 346 2586 ¹
376 2568 452 2600 Vide
471 2572 507 2601 D.
527 2568 662 2606 Guillon,
683 2573 760 2601 toni.
788 2580 851 2608 xxi,
873 2580 943 2613 pag.
963 2569 1080 2612 44-55.
