1784 3205
324 206 407 244 242
762 214 796 237 s.
834 206 1063 236 Aucusmm
1098 203 1279 231 umscom

318 297 390 326 cos
411 280 509 325 ideo
527 278 662 324 teneri
684 312 694 333 ‚
720 277 822 338 quia
845 273 1043 319 homines
1066 279 1194 325 sunt,
1221 266 1339 329 quod
1363 275 1531 310 naturae
1549 280 1709 310 nomen

319 361 398 408 est,
425 352 546 412 cujus
574 358 726 395 auctor
761 344 959 390 diabolus
989 357 1078 387 non
1101 350 1196 398 est3
1230 339 1305 384 sed
1332 337 1432 398 quia
1462 345 1709 396 peccatores

319 432 436 478 sunt,
454 414 583 482 ¹quod
600 419 741 478 culpae
759 430 918 461 nomen
934 422 1013 468 est,
1029 412 1152 472 cujus
1174 409 1373 454 diabolus
1396 416 1546 452 auctor
1567 415 1644 450 est.

381 496 520 538 XVII.
561 490 645 537 Sed
674 490 786 534 inter
815 495 880 530 tot
909 484 1085 530 nomina
1113 483 1326 527 bonarum
1356 494 1528 533 rerum,
1551 477 1597 520 id
1616 485 1706 532 est,

320 577 569 623 corporum,
591 574 790 613 sexuum,
810 555 1186 617 conjunctionum,
1206 551 1434 596 libidinem
1458 548 1523 592 vel
1548 562 1712 592 concu-

322 633 574 695 piscentiam
602 630 742 675 carnis
772 629 852 674 iste
879 643 966 672 non
989 626 1200 670 nominat.
1236 625 1389 676 Tacet,
1417 620 1517 680 quia
1540 618 1678 679 pudet
1702 636 1711 662 ε

308 699 362 748 ὀἱ
379 705 483 747 mira
502 702 557 759 (si
573 700 657 745 dici
677 703 836 761 potest)
852 697 1028 760 pudoris
1046 694 1334 755 impudentia,
1353 690 1474 752 quod
1490 689 1716 734 nominare

320 773 471 834 pudet,
498 772 679 817 laudare
698 787 790 815 non
812 770 973 830 pudet„¹
989 766 1186 826 Denique
1204 764 1318 818 vide,
1341 759 1716 822 quemadmodum

271 904 274 907 Ἴ
324 846 457 903 magis
486 859 579 888 eam
610 844 774 887 circum
809 839 1031 900 loquendo
1058 835 1262 881 maluerit
1291 832 1554 892 significare,
1583 843 1717 890 quam

324 915 467 960 dicere
494 935 533 958 .«
565 919 800 974 Postquam
825 920 969 956 autem
991 911 1084 965 vir,
1109 908 1255 968 inquit
1275 941 1285 961 ,
1313 902 1498 948 naturali
1523 900 1718 961 appetitu

322 986 525 1044 cognovit
548 1000 739 1029 uxorem.
773 1002 792 1024 »
819 986 934 1027 Ecce
954 982 1113 1025 iterum
1127 978 1272 1022 dicere
1288 974 1444 1029 noluit,
1465 972 1603 1017 carnis
1618 986 1718 1015 con·

324 1057 588 1117 cupiscentia
613 1054 818 1114 cognovit
840 1067 1018 1096 uxorem
1045 1068 1055 1094 .·
1081 1048 1155 1094 sed
1178 1068 1197 1090 «
1229 1045 1432 1100 naturali,
1454 1042 1614 1104 inquit,
1644 1055 1717 1100 ap-

326 1128 467 1187 petitu
493 1146 501 1171 :
532 1147 550 1168 n
573 1126 651 1171 ubi
675 1126 820 1169 adhuc
842 1137 1071 1184 possumus
1094 1118 1336 1177 intelligere
1363 1117 1497 1176 ipsam
1515 1114 1720 1158 volunta-

328 1207 412 1241 tem
432 1199 593 1257 justam
620 1205 663 1240 et
684 1197 931 1249 honestam,
953 1209 1038 1253 qua
1056 1190 1196 1236 voluit
1218 1187 1331 1232 filios
1353 1199 1607 1246 procreare3
1631 1196 1722 1227 non

325 1268 448 1311 illam
472 1268 718 1321 libidinem,
740 1266 794 1309 de
812 1281 897 1324 qua
916 1265 995 1308 iste
1017 1264 1076 1307 sic
1098 1260 1330 1314 erubescit,
1352 1269 1398 1301 ut
1417 1256 1620 1314 ambigue
1642 1269 1722 1298 no-

330 1340 394 1382 bis
416 1338 536 1398 loqui
562 1336 699 1391 malit,
730 1350 862 1396 quam
895 1333 1122 1394 perspicue
1151 1330 1271 1391 quod
1304 1328 1433 1373 sentit
1465 1325 1718 1386 exprimere.

330 1407 446 1462 Quid
464 1417 527 1452 est
553 1427 573 1449 «
599 1405 786 1451 naturali
815 1405 1042 1464 appetitu?
1071 1421 1089 1443 »
1117 1404 1184 1446 An
1206 1415 1294 1444 non
1320 1407 1362 1443 et
1386 1396 1498 1442 velle
1529 1411 1616 1439 esse
1638 1394 1723 1439 sal-

331 1495 453 1534 vum,
479 1488 522 1523 et
543 1478 655 1523 velle
680 1479 794 1538 ipsos
820 1477 1054 1535 suscipere,
1081 1473 1264 1528 nutrire,
1288 1469 1461 1515 erudire
1481 1468 1609 1522 filios,
1644 1481 1724 1510 na-

337 1549 486 1593 turalis
509 1558 572 1593 est
601 1548 834 1608 appetitus,
866 1546 1073 1605 idemque
1097 1542 1273 1587 rationis
1294 1550 1372 1596 est,
1394 1556 1482 1584 non
1504 1537 1726 1582 libidinis?

336 1619 418 1665 Sed
432 1615 543 1686 {quia
570 1619 701 1679 hujus
728 1618 927 1662 novimus
951 1607 1383 1673 intentionemssideo
1405 1625 1494 1654 non
1519 1623 1618 1652 eum
1643 1622 1727 1666 pu-

334 1700 473 1734 tamus
498 1690 565 1733 his
593 1689 750 1744 verbis,
781 1687 862 1732 nisi
894 1685 1123 1730 libidinem
1151 1683 1448 1727 membrorum
1474 1677 1726 1739 genitalium

333 1762 574 1820 significare
595 1759 798 1803 voluisse.
829 1761 984 1803 Nonne
1003 1756 1085 1800 tibi
1112 1754 1318 1800 videntur
1341 1753 1434 1796 haec
1461 1750 1594 1794 verba
1624 1747 1728 1792 folia

333 1847 423 1876 esse
444 1832 648 1895 ficulnea,
669 1830 750 1874 sub
770 1828 929 1889 quibus
951 1827 1072 1881 latet,
1098 1825 1204 1887 quid
1229 1823 1365 1878 aliud,
1386 1836 1518 1882 quam
1541 1819 1586 1863 id
1607 1816 1728 1879 quod

335 1893 585 1964 pudetitjta
608 1901 769 1962 quippe
793 1901 872 1944 iste
896 1899 979 1943 sibi
1001 1895 1398 1942 circumlocutionis
1420 1893 1549 1953 hujus
1576 1891 1728 1935 obsta-

335 1974 450 2028 cula,
476 1974 587 2017 sicut
600 1971 663 2016 illi
684 1970 969 2016 succinctoria
984 1957 1503 2026 consuer11nf}contexat
1520 1970 1567 2020 et,
1581 1960 1697 2005 dicat
1717 1977 1725 2004 :

344 2065 357 2084 α
388 2048 622 2104 Postquam
641 2051 788 2086 autem
806 2041 871 2085 vir
888 2039 1077 2084 naturali
1095 2037 1291 2097 appetitu
1305 2034 1510 2095 cognovit
1531 2045 1726 2085 uxorem,

339 2114 445 2159 dicit
470 2115 689 2174 Scriptura
713 2112 875 2166 divina,
905 2129 925 2152 «
950 2109 1162 2168 Concepit
1190 2111 1280 2152 Eva
1310 2116 1353 2150 et
1374 2104 1542 2166 peperit
1569 2102 1726 2156 filium,

341 2204 360 2226 »
387 2195 429 2230 et
452 2186 620 2230 vocavit
642 2199 803 2229 nomen
825 2183 915 2242 ejus
937 2181 1090 2226 Cain&
1119 2197 1139 2219 »
1175 2177 1259 2223 Sed
1287 2176 1412 2236 quid,
1439 2175 1605 2235 inquit,
1625 2172 1730 2216 dicit

338 2259 475 2302 Adam
491 2257 717 2302 audiamus
735 2274 744 2300 ε
769 2274 788 2297 «
804 2251 1025 2313 Acquisivi
1039 2251 1261 2295 hominem
1278 2263 1354 2308 per
1367 2251 1503 2292 Deum
1516 2248 1549 2288 ².
1568 2243 1729 2289 »Unde

335 2339 502 2374 constat
525 2344 632 2390 opus
653 2327 730 2372 Dei
758 2342 868 2381 esse,
894 2339 1024 2385 quem
1047 2338 1125 2383 per
1148 2325 1288 2366 Deum
1306 2319 1564 2380 acquisitum
1585 2315 1727 2375 Scrip-

337 2410 430 2445 tura
449 2401 595 2445 divina
616 2407 813 2443 testatur.
840 2415 860 2439 »
881 2397 986 2450 Quis
1007 2395 1110 2439 hinc
1131 2393 1329 2437 dubitet?
1346 2391 1442 2452 quis
1466 2391 1550 2434 hoc
1571 2395 1717 2446 neget,

269 2485 275 2511 ἰ
318 2470 514 2527 [maxime
537 2470 777 2515 catholicus
798 2457 1110 2527 (ἊπὶεῑίειιπιυεἵῗξΔ
1120 2466 1240 2524 Opus
1263 2462 1340 2507 Dei
1363 2470 1427 2506 est
1453 2461 1585 2506 homo
1612 2475 1621 2503 :
1646 2454 1723 2501 sed

378 2562 386 2578 ¹
403 2558 482 2589 Gen.
505 2561 557 2594 111,
585 2560 693 2596 ·7.--1
713 2552 765 2586 Id.
786 2562 831 2593 ιν,
862 2562 889 2584 1.
