1804 3205
382 265 463 291 Lus.
501 267 545 292 ιι.
586 269 635 293 nu
673 270 845 297 risccx'ro
878 272 1113 300 oninium.
1365 270 1436 304 177

58 337 184 385 cepto
208 343 293 371 uno
319 329 491 374 homine
518 333 588 375 nei
609 342 649 377 ct
668 336 758 392 ejus
780 338 963 396 conjuge
987 341 1013 391 ¹,
1036 339 1260 399 tribusque
1285 342 1379 385 liliis
1402 353 1444 386 et

59 397 237 441 totidem
262 400 460 449 nuribus,
477 403 595 460 justo
612 403 777 462 judicio
803 407 892 460 Dei,
919 407 1031 451 sicut
1051 409 1149 467 igne
1169 420 1314 468 postea
1335 421 1442 456 terra

55 468 206 526 exigua
228 469 514 515 Sodomorum
534 478 566 526 ²,
590 473 644 517 ita
667 483 781 518 totus
804 478 993 521 mundus
1010 477 1176 524 diluvio
1194 480 1411 526 deleretur
1427 486 1444 525 ἰ’

58 540 118 581 Ex
132 555 218 597 quo
236 548 428 599 tempore
443 543 574 600 igitur
588 559 663 603 pcr
680 561 812 588 unum
835 548 1050 592 hominem
1068 560 1292 609 peccatum
1312 553 1443 596 intra-

55 609 114 651 vit
147 609 188 652 in
225 611 456 663 mundum,
485 623 527 657 ct
552 629 626 673 per
658 626 883 674 peccatum
911 634 1040 672 mors,
1072 630 1113 665 ct
1143 622 1200 665 ita
1231 623 1274 665 in
1297 638 1446 667 omncs

58 678 251 723 homines
272 683 517 739 pertransiit
535 687 566 736 ³,
590 685 631 727 in
650 702 739 744 quo
757 702 906 731 omnes
926 701 1228 747 ptis-caverunt,
1250 694 1445 751 profecto

54 748 251 794 universa
282 766 416 795 massa
448 753 699 811 perditionis
729 757 841 801 sacta
866 768 928 803 est
961 763 1167 817 possessio
1199 763 1440 821 perditoris.

52 821 188 863 Nemo
214 821 382 880 itaque,
411 838 538 868 nemo
565 840 738 883 prorsus
763 827 864 871 inde
888 828 1093 875 liberatus
1118 843 1179 876 est
1198 868 1208 888 ,
1234 843 1308 877 aut
1333 834 1442 878 libc-

52 898 186 944 ratur,
213 902 287 935 aut
312 892 570 939 liberabitur
592 897 671 940 nisi
695 899 828 955 gratia
857 899 1172 960 Redemptoris.

108 963 289 1007 XXXV.
313 967 368 1009 Et
389 975 488 1009 aute
506 967 723 1012 Abraham
747 969 923 1028 quidem
949 981 1094 1016 utrum
1121 974 1267 1034 aliquo
1289 992 1439 1035 corpo·

49 1029 126 1075 rali
149 1042 191 1076 ct
216 1033 373 1077 visibili
397 1046 666 1081 sacramento
684 1039 810 1097 justi,
838 1039 904 1083 vel
928 1056 1078 1086 eorum
1104 1044 1270 1102 parvuli
1293 1048 1440 1105 signa-

46 1112 214 1157 rentur,
235 1105 454 1164 Scriptura
473 1122 561 1151 non
577 1109 790 1167 exprimit.
821 1113 916 1170 Ipse
940 1122 1084 1157 tamen
1109 1115 1328 1160 Abraham
1354 1118 1440 1175 sig-

46 1188 152 1215 num
193 1176 356 1233 accepit
385 1176 737 1234 circumcisionis,
769 1181 1041 1240 signaculum
1071 1186 1250 1244 justitiae
1278 1187 1379 1231 fidei
1405 1191 1434 1230 ⁴.

49 1245 101 1287 Et
129 1244 188 1288 sic
218 1247 398 1304 accepit,
427 1257 475 1291 ut
504 1248 708 1310 deinceps
733 1251 860 1295 etiam
884 1268 1034 1298 omnes
1056 1256 1260 1314 parvulos
1283 1258 1437 1302 (lomus

44 1328 134 1358 suae
162 1316 473 1361 circumcidere
497 1321 728 1378 juberetur
752 1324 783 1376 ⁵,
810 1326 1124 1370 recentissimos
1149 1343 1171 1371 a
1201 1329 1432 1373 visceribus

46 1393 250 1439 matrum,
285 1396 439 1432 octavo
471 1388 541 1433 die
573 1392 808 1436 nativitatis
840 1409 1006 1449 eorum,
1039 1406 1086 1440 ut
1115 1397 1243 1441 etiam
1273 1400 1332 1452 hi,
1360 1401 1434 1460 qui

43 1455 173 1499 corde
204 1457 258 1501 ad
280 1458 490 1517 justitiam
519 1462 695 1505 credere
722 1463 917 1507 nondum
948 1476 1137 1523 possent,
1162 1469 1343 1526 justitiae
1367 1483 1434 1514 ta-

43 1539 140 1568 men
159 1526 258 1570 fidei
276 1528 546 1586 signaculum
567 1542 790 1576 sumerent
811 1535 842 1576 ὓ.
871 1535 999 1587 Quod
1022 1536 1104 1579 sub
1129 1546 1290 1582 terrore
1314 1548 1433 1584 tante

41 1605 103 1639 est
133 1597 418 1655 imperatum,
456 1610 505 1644 ut
538 1599 701 1645 diceret
738 1606 875 1656 Deus,
909 1606 1095 1649 animam
1121 1606 1236 1651 illam
1267 1610 1321 1652 dc
1355 1626 1433 1654 suo

42 1667 206 1726 populo
233 1669 486 1727 perituram,
513 1677 635 1727 cujus
662 1683 816 1718 octavo
845 1674 914 1718 die
936 1678 1135 1736 praeputii
1159 1679 1430 1725 circumcisio

37 1737 150 1782 facta
176 1754 265 1783 non
296 1739 459 1785 fuisset.
484 1745 622 1802 Hujus
654 1754 742 1788 tam
778 1746 996 1790 horribilis
1033 1764 1178 1807 poenae
1205 1752 1370 1809 justitia
1395 1753 1427 1796 si

38 1818 275 1867 quaeratur,
300 1826 447 1855 nonne
468 1813 650 1857 istorum
673 1816 812 1859 omnis
835 1815 890 1859 de
912 1816 1049 1862 libero
1073 1820 1251 1864 arbitrio
1269 1831 1311 1864 et
1332 1821 1425 1864 lau·

39 1878 173 1922 dabili
188 1881 370 1925 sanitate
388 1891 430 1925 et
449 1884 636 1940 puritate
655 1895 820 1929 naturae
836 1921 846 1940 ‚
868 1888 1194 1945 quantumlibet
1208 1901 1358 1948 arguta
1373 1893 1427 1935 sit

38 1954 354 2008 argumentatio
376 1987 385 2006 ,
427 1969 671 2011 repercussa
711 1966 753 2000 et
795 1957 1015 2003 confracta
1059 1960 1272 2005 dissiliet?
1309 1963 1425 2015 Quid

37 2021 151 2064 enim
175 2022 299 2076 mali,
326 2038 494 2082 quaeso,
521 2026 725 2083 parvulus
751 2029 922 2086 propria
946 2029 1168 2074 voluntate
1190 2033 1420 2085 commisit,

36 2099 83 2134 ut
112 2090 195 2135 alio
225 2092 467 2151 negligente
488 2103 529 2138 ct
556 2111 654 2138 eum
681 2111 770 2140 non
792 2098 1132 2144 circumcidente
1154 2136 1163 2155 ,
1190 2102 1278 2161 ipse
1301 2103 1424 2147 dam-

36 2171 179 2215 netur,
211 2161 490 2208 damnatione
524 2174 611 2209 tam
638 2181 812 2221 severa,
846 2177 893 2211 ut
925 2179 1068 2227 pereat
1093 2171 1236 2215 anima
1264 2172 1337 2217 illa
1369 2174 1423 2217 dc

37 2231 199 2290 populo
221 2248 298 2277 suo
317 2235 335 2276 P
359 2236 508 2293 Neque
532 2235 647 2279 enim
673 2238 919 2296 temporalis
944 2241 1092 2284 mortis
1115 2250 1252 2285 terror
1274 2244 1420 2288 incus-

34 2316 104 2344 sus
125 2311 210 2358 est3
236 2318 334 2346 cum
364 2303 418 2346 de
437 2305 581 2361 justis,
608 2306 785 2365 quando
805 2308 1120 2363 moriebantur,
1147 2320 1250 2355 tunc
1278 2314 1420 2371 potius

35 2369 252 2415 diceretur
274 2390 283 2416 ι
309 2390 328 2413 «
355 2375 410 2416 Et
432 2375 652 2432 appositus
675 2385 739 2419 est
761 2375 813 2419 ad
837 2378 1047 2436 populum
1072 2395 1198 2423 suum
1217 2383 1248 2435 ⁷,
1284 2400 1303 2422 »
1330 2383 1414 2437 vel,

84 2498 90 2510 '
125 2493 202 2523 Gen.
226 2502 278 2528 vn,
300 2502 315 2532 ¹5
340 2497 371 2523 et
391 2492 444 2524 23.
464 2510 503 2515 -
524 2501 534 2515 ²
566 2495 686 2525 ld.x1.x¹
704 2520 711 2534 ‚
738 2496 789 2536 24.
808 2513 846 2517 —<
866 2494 878 2517 3
900 2499 975 2528 Itoni
1010 2509 1103 2537 v,12
1135 2500 1199 2529 «4
1221 2501 1254 2533 ld
1300 2515 1341 2541 ιι,
1369 2516 1416 2534 ιι.

36 2544 104 2568 -5
124 2548 200 2578 Gen.
224 2557 313 2587 xvii,
352 2558 389 2579 ro
419 2552 450 2580 ct
480 2559 555 2591 seqq
586 2565 625 2570 —
645 2547 660 2570 ⁰
688 2552 765 2581 nom
803 2561 836 2582 x.
860 2561 894 2582 ιω
918 2556 949 2584 et
978 2555 1056 2585 Gen.
1091 2565 1165 2587 xvn.
1194 2556 1246 2592 (1¹.
1269 2565 1335 2589 —7
1371 2559 1415 2588 121.

34 2611 121 2642 xxv,
150 2612 198 2644 ις.

222 2666 335 2696 cxii,
1159 2658 1203 2704 12'
