1804 3205
355 251 408 279 nn
440 251 730 280 murm-monz
761 252 959 279 summm
992 252 1188 279 nonnus.
1410 243 1457 280 11

78 317 278 362 voluntas
299 316 523 361 voluntate
544 318 718 361 mutari.
753 335 773 358 »
800 316 1127 376 Respondemus
1145 350 1156 370 ,
1181 316 1466 362 admonentes

79 403 168 433 esse
195 386 475 445 cogitandum
502 397 664 446 quanta
693 387 746 430 sit
768 387 845 430 ista
871 386 1172 446 praesumptio,
1199 403 1284 446 qua
1308 388 1467 431 dicitur

78 456 167 502 non
189 457 328 502 solum
356 473 495 516 posse,
519 458 655 517 (quod
674 456 850 517 quidem
875 457 1108 517 adjuvante
1133 459 1265 515 gratia
1297 458 1368 500 Dei
1389 474 1467 501 ne-

78 526 267 586 gandum
305 543 394 571 non
426 531 522 583 est),
557 528 631 570 sed
663 528 791 571 etiam
820 527 1023 586 perfacile
1049 543 1169 585 posse
1198 528 1467 572 voluntatem

78 597 304 644 voluntate
324 598 480 642 mutari
505 617 513 642 ε
536 614 637 642 eum
660 598 776 642 dicat
798 598 1056 656 Apostolus:
1076 618 1094 639 «
1115 602 1227 643 Caro
1245 600 1470 657 concupis-

83 687 102 710 »
137 669 197 713 cit
219 668 422 713 adversus
443 669 640 728 spiritum
663 679 706 713 ct
728 669 902 727 spiritus
926 669 1130 713 adversus
1152 685 1325 713 carnem
1345 691 1355 726 3
1379 671 1469 715 liaec

83 759 103 782 »
138 741 251 785 enim
276 741 458 784 invicem
482 741 782 795 adversantur,
811 750 856 785 ut
881 756 969 784 non
992 757 1039 784 ea
1065 757 1164 799 quae
1186 740 1317 784 vultis
1340 740 1469 786 sacia-

83 830 103 852 »
141 812 227 855 tis¹.
247 813 376 855 »Non
397 810 510 854 onim
533 811 637 862 ait,«
657 814 758 855 Ilaec
782 812 967 855 invicem
983 811 1283 865 adversantur,
1301 822 1348 856 ut
1371 828 1471 871 quae

84 899 104 923 »
146 881 322 940 potestis
341 880 499 934 fucere,
514 882 710 925 nolitisz»
729 880 820 935 sed,
838 891 886 925 ut
904 898 991 925 non
1010 897 1056 924 ea
1080 898 1179 940 quae
1199 882 1326 925 vultis
1345 883 1473 926 sacia-

84 970 104 993 »
147 952 213 995 tis.
240 953 361 995 »Cur
387 967 490 1008 ergo
520 952 871 1010 concupiscentia
892 953 1045 1004 carnis,
1071 956 1189 1011 (quae
1212 954 1363 1011 utique
1385 952 1473 996 cul·

80 1021 236 1081 pabilis
261 1031 391 1081 utque
414 1022 562 1065 vitiosa
592 1032 671 1076 est,
700 1021 898 1081 nihilque
921 1032 983 1066 cst
1006 1022 1125 1065 aliud
1149 1038 1278 1082 quam
1309 1022 1474 1066 deside-

82 1093 194 1136 rium
214 1093 378 1151 peccati
394 1126 404 1146 ,
426 1091 546 1152 quod
564 1091 679 1136 idem
696 1092 929 1151 Apostolus
945 1093 1163 1152 pra-cipit,
1185 1108 1239 1136 ne
1260 1102 1409 1151 regnet
1429 1094 1473 1135 in

81 1173 230 1208 nostro
254 1162 427 1207 mortali
457 1179 638 1221 corpore
654 1166 687 1218 ⁴2,
714 1163 791 1206 ubi
817 1164 916 1207 satis
937 1163 1127 1207 ostendit
1147 1179 1234 1207 esse
1256 1173 1402 1207 tamen
1429 1164 1473 1207 in

82 1242 230 1278 nostro
258 1232 430 1278 mortali
467 1248 663 1292 corpore,
698 1233 818 1292 quod
848 1232 1189 1292 permittendum
1222 1249 1310 1277 non
1339 1234 1393 1277 sit
1425 1243 1474 1277 ut

83 1310 249 1363 regnet)
271 1324 280 1349 ι
301 1320 378 1348 eur
398 1319 502 1363 ergo
531 1304 610 1348 ista
641 1305 992 1363 concupiscentia
1022 1320 1111 1348 non
1141 1313 1305 1348 mutata
1335 1313 1398 1347 est
1425 1319 1474 1348 ea

84 1373 309 1420 voluntate
327 1409 337 1428 ,
379 1389 511 1434 quam
553 1374 823 1419 voluntatem
865 1375 965 1418 satis
1005 1375 1230 1419 evidenter
1271 1375 1476 1433 expressit

83 1444 316 1505 Apostolus
337 1444 485 1490 dicens
504 1478 516 1500 ‚
542 1455 591 1489 ut
613 1461 702 1489 non
725 1462 773 1489 ea
795 1460 894 1504 quae
918 1445 1048 1489 vultis
1070 1444 1236 1489 faciatis
1258 1465 1269 1501 3
1293 1444 1326 1488 si
1348 1444 1476 1489 facile

83 1525 226 1576 potest
247 1515 448 1560 voluntas
468 1514 693 1559 voluntate
714 1515 901 1559 mutari?
922 1517 1009 1560 Nec
1028 1529 1128 1558 sana
1149 1515 1230 1558 isto
1252 1514 1383 1558 modo
1405 1530 1477 1559 na-

87 1595 243 1640 turam,
269 1586 358 1630 sive
378 1587 548 1640 animae,
569 1586 656 1630 sive
674 1586 866 1644 corporis
885 1619 896 1639 ,
925 1600 1058 1644 quam
1082 1588 1196 1628 Deus
1219 1586 1405 1637 creavit,
1435 1594 1478 1629 et

84 1673 185 1717 quae
209 1666 299 1702 tota
327 1647 443 1701 bona
468 1666 548 1711 est,
577 1672 830 1702 accusamus
851 1675 860 1701 :
881 1657 956 1700 sed
978 1671 1071 1700 eam
1096 1655 1281 1699 dicimus
1303 1660 1478 1715 propria

85 1728 314 1773 voluntate
336 1728 530 1772 vitiatam
552 1763 562 1783 ,
587 1729 680 1772 sine
704 1728 780 1772 Dei
802 1728 937 1785 gratia
963 1743 1052 1771 non
1079 1742 1202 1785 posse
1223 1728 1379 1770 sanari.

143 1801 270 1844 XIII.
309 1818 331 1842 «
363 1802 550 1854 lterum,
587 1800 660 1854 ait,
701 1799 988 1859 quaerendum
1026 1806 1117 1852 est,
1155 1799 1188 1841 si
1219 1813 1308 1841 non
1339 1805 1481 1856 potest

84 1870 219 1915 horno
246 1870 336 1915 sine
357 1880 538 1930 peccato
560 1886 673 1924 esse,
703 1871 827 1929 cujus
849 1868 977 1927 culpa
999 1878 1078 1922 est,
1103 1868 1236 1927 ipsius
1258 1884 1313 1911 ne
1336 1868 1479 1911 homi-

86 1941 178 1995 nis,
210 1956 266 1984 an
296 1940 528 2000 cujuslibet
565 1939 740 1984 alterius
762 1940 826 1984 :si
855 1940 988 1998 ipsius
1018 1940 1228 1992 hominis,
1258 1939 1480 1998 quomodo

86 2009 215 2069 culpa
235 2010 425 2054 hominis
448 2019 526 2064 est,
551 2011 585 2054 si
606 2011 690 2054 hoc
709 2025 798 2054 non
816 2019 880 2054 est
897 2009 1017 2069 quod
1038 2024 1128 2053 esse
1151 2023 1239 2052 non
1263 2010 1432 2067 potest?
1458 2025 1477 2049 »

89 2081 436 2139 Respondemus,
467 2079 567 2124 ideo
596 2095 686 2124 esse
716 2079 892 2139 culpam
919 2080 1122 2133 hominis,
1160 2078 1280 2137 quod
1307 2094 1394 2122 non
1420 2086 1483 2122 est

89 2150 180 2195 sine
204 2160 381 2209 peceato
400 2185 410 2205 ,
438 2151 540 2210 quia
563 2150 651 2195 sola
674 2151 859 2196 hominis
881 2150 1108 2195 voluntate
1132 2149 1296 2194 factum
1327 2159 1406 2202 est,
1433 2158 1483 2192 ut

90 2222 147 2266 ad
168 2221 293 2265 istam
322 2222 622 2266 necessitatem
644 2222 827 2276 veniret,
853 2236 987 2282 quam
1008 2220 1097 2265 sola
1120 2220 1307 2264 hominis
1328 2219 1485 2264 volun·

90 2301 155 2337 tas
171 2307 372 2350 superare
395 2308 484 2337 non
509 2293 655 2351 possit.
809 2348 813 2352 y

150 2365 270 2406 XIV.
305 2366 535 2419 «Iterum,
561 2364 618 2406 ait
640 2398 650 2417 ,
677 2361 964 2423 quaerendum
987 2371 1066 2415 est,
1099 2361 1142 2406 Si
1163 2369 1317 2405 natura
1341 2360 1484 2404 homi-

92 2432 158 2476 nis
182 2432 294 2476 bona
316 2442 404 2487 est,
432 2433 553 2493 quod
577 2432 724 2477 nullus
746 2448 906 2491 negare
931 2432 1010 2476 nisi
1032 2432 1226 2476 Marcion
1250 2440 1323 2474 aut
1346 2430 1486 2475 Mani-

93 2491 239 2536 chaeus
254 2489 459 2548 audebit,
480 2492 703 2552 quomodo
721 2492 854 2551 igitur
870 2492 984 2536 bona
1003 2501 1081 2545 est,
1104 2490 1136 2536 si
1154 2490 1269 2535 malo
1287 2491 1325 2534 ci
1342 2504 1486 2535 carere

143 2581 151 2598 ¹
173 2574 241 2607 Gal.
265 2585 296 2615 v,
321 2585 427 2617 17.-
443 2582 454 2597 ²
475 2570 566 2607 Rom.
587 2584 706 2616 w,12.
