1804 3205
283 207 332 232 ne
368 206 503 233 ΛΜΜΛ
540 206 589 232 ετ
622 207 718 234 time
750 195 944 245 aniame,
981 211 1061 236 riu.
1102 212 1157 236 iv.
1330 202 1413 238 379

18 285 178 332 :quaeso
207 270 327 331 quod
353 280 520 315 tantum
554 282 720 317 naturzc
744 283 900 318 nostrae
923 290 1116 334 arrogas,
1157 285 1204 319 ut
1238 292 1289 320 co
1324 278 1414 336 ipso

11 362 15 367 ·
39 357 118 386 ouo
137 340 267 386 distat
290 357 311 385 a
336 356 516 400 pecore,
538 343 626 402 jam
657 344 772 388 norit
800 344 855 388 de
883 345 1048 403 origine
1071 346 1312 390 animarum
1334 347 1413 391 dis-

21 414 200 458 mirere
235 424 366 474 atque
400 413 630 472 disserere3
674 425 716 459 et
753 431 899 461 rursus
935 432 1030 461 eam
1062 417 1121 460 sic
1157 417 1260 461 facis
1291 419 1417 478 hujus

28 485 286 544 cognitionis
315 494 561 544 expertem,
591 495 641 530 ut
672 487 755 532 hoc
785 488 892 532 scire
922 488 1174 532 humanitus
1203 500 1412 549 nequeat,

26 556 108 602 nisi
128 555 285 600 divinis
306 556 485 600 testibus
501 556 680 601 credat?

85 630 182 672 XV.
211 626 374 671 Deinde
397 637 439 672 et
462 628 505 672 in
530 630 613 673 hoc
638 628 812 673 falleris.
843 632 950 674 Nam
975 630 1119 674 divina
1142 631 1387 675 testimonia
1403 667 1414 687 ,

36 713 126 743 011ae
164 698 220 744 ad
259 699 383 742 istam
418 699 703 759 quaestionem
743 699 995 745 solvendam
1029 700 1187 745 referre
1223 702 1414 757 voluisti,

26 783 119 815 non
135 769 180 814 id
208 770 422 829 aperiunt.
459 770 592 814 Aliud
624 771 829 830 estquod
861 770 933 816 illa
968 772 1301 826 demonstrant,
1326 773 1417 817 sine

26 849 116 900 quo
138 855 238 885 vere
263 856 351 885 non
379 856 608 900 possumus
639 842 708 900 pie
737 841 902 896 vivere,
928 842 1047 902 quod
1070 842 1416 886 scilicetanima·

16 930 21 946 =
51 926 126 955 um
158 920 403 956 nostrarum
437 915 573 955 Deum
611 912 851 956 habeamus
884 913 1102 967 datorem,
1152 923 1413 967 creatorem,

25 981 323 1028 formatorem.
365 984 448 1028 Sed
480 984 703 1044 quomodo
733 985 777 1027 id
802 983 954 1039 faeiat,
996 994 1141 1028 utrum
1182 999 1314 1028 novas
1348 999 1416 1027 eas

24 1052 201 1108 flando,
228 1069 282 1098 an
308 1054 363 1098 de
386 1054 638 1113 parentibus
663 1054 898 1109 trahendo,
926 1070 1012 1098 non
1037 1054 1309 1114 exprimunt,
1336 1054 1414 1097 nisi

37 1139 82 1168 ·e
110 1124 184 1169 illa
220 1141 307 1169 una
336 1141 467 1185 quam
496 1126 638 1185 primo
671 1126 837 1169 homini
871 1124 1007 1169 dedit.
1047 1128 1158 1182 Lege
1189 1124 1417 1182 diligenter

36 1195 147 1239 ·uod
168 1196 316 1256 scripsi
338 1196 393 1240 ad
415 1194 594 1239 fratrem
627 1206 824 1240 nostrum
860 1198 937 1239 Dei
964 1211 1137 1239 servum
1168 1198 1384 1239 Renatum
1404 1214 1412 1238 z

24 1265 86 1310 'bi
108 1268 223 1310 enim
245 1266 346 1327 quia
368 1266 412 1310 id
428 1267 618 1320 ostendi,
644 1282 733 1310 non
754 1265 834 1309 fuit
858 1282 1028 1310 necesse
1052 1276 1095 1310 et
1118 1267 1186 1310 hic
1207 1266 1410 1310 scribere.

27 1334 170 1380 velles
192 1345 338 1380 autem
360 1352 429 1380 me
456 1336 637 1380 delinire
666 1335 785 1395 quod
814 1336 902 1395 ipse
926 1336 1138 1391 definisti,
1165 1346 1213 1380 ut
1242 1337 1286 1379 in
1313 1336 1417 1379 tales

32 1408 247 1467 ugustias
269 1408 575 1462 contruderer,
606 1408 649 1451 in
676 1407 826 1467 quales
849 1407 939 1466 ipse
962 1417 1190 1451 contrusus
1214 1407 1417 1450 adversus

7 1482 10 1534 ζ
54 1478 287 1523 atholicam
311 1478 443 1522 fidem
466 1487 530 1523 tot
553 1488 596 1522 et
615 1488 733 1522 tanta
753 1479 924 1523 locutus
946 1495 1010 1533 es,
1036 1488 1085 1522 ut
1108 1494 1155 1522 ea
1178 1480 1211 1522 si
1234 1478 1417 1522 fideliter

57 1559 160 1611 tque
182 1550 406 1594 humiliter
428 1550 590 1594 recolas
611 1559 743 1610 atque
764 1550 1027 1604 consideres,
1052 1549 1197 1592 videas
1220 1548 1417 1607 profecto

38 1644 46 1661 ο
91 1611 243 1666 an'tum
259 1622 339 1666 tibi
356 1621 612 1681 profuisset,
637 1621 672 1665 si
696 1622 842 1666 scisses
864 1621 1031 1664 nescire
1050 1619 1171 1680 quod
1194 1619 1355 1676 nescis3
1375 1627 1417 1662 et

38 1703 244 1738 mantum
261 1693 338 1737 tibi
357 1693 508 1752 prosit,
533 1693 567 1737 si
588 1691 657 1737 vel
672 1708 790 1737 nunc
811 1693 933 1736 scias.
957 1694 1065 1737 Nam
1083 1692 1115 1735 si
1131 1690 1418 1749 intelligentia

20 1771 30 1793 ²
49 1765 109 1809 'bi
129 1765 272 1824 placet
294 1765 340 1808 in
358 1773 513 1808 natura
530 1763 716 1808 hominis
732 1799 743 1819 ,
770 1763 975 1824 quoniam
995 1778 1144 1807 revera
1161 1762 1194 1806 si
1212 1776 1305 1806 eam
1329 1776 1417 1805 non

23 1841 32 1871 ἶ
61 1835 235 1891 aberet,
265 1835 396 1891 nihil,
427 1844 642 1896 quantum
669 1836 724 1879 ad
749 1836 913 1879 animas
939 1835 1150 1894 pertinet,
1191 1849 1214 1878 a
1247 1834 1416 1894 pecori-

43 1921 112 1951 ·us
133 1906 419 1963 distaremus,
453 1905 646 1963 intellige
664 1904 772 1965 quid
802 1920 892 1950 non
917 1904 1133 1964 intelligas
1150 1939 1161 1960 ‚
1186 1920 1242 1948 ne
1275 1913 1416 1948 totum
1443 1913 1458 1928 ·

26 2031 31 2039 ι
61 1992 119 2023 οη
139 1977 378 2036 intelligas,
404 1986 447 2021 et
459 1977 551 2021 noli
572 1976 792 2036 despicere
818 1976 1065 2030 hominem,
1083 1976 1160 2036 qui
1183 1985 1230 2020 ut
1253 1975 1417 2020 veraci·
1458 1998 1468 2005 -

0 2047 28 2111 'JJ
49 2063 96 2093 er
128 2047 344 2107 intelligat
365 2047 484 2108 quod
510 2062 599 2092 non
625 2046 852 2107 intelligit,
884 2048 967 2092 hoc
989 2062 1033 2091 se
1066 2063 1156 2092 non
1178 2046 1419 2104 intelligere
1464 2035 1481 2071 '-

57 2119 248 2178 telligit.
275 2118 400 2164 Unde
417 2128 560 2163 autem
577 2117 743 2163 dictum
761 2119 816 2163 sit
833 2119 878 2162 in
891 2134 1011 2163 sacro
1030 2118 1214 2173 Psalmo,
1239 2137 1257 2159 α
1278 2120 1419 2162 Homo

25 2190 30 2195 “
80 2190 126 2234 in
154 2190 320 2234 honore
347 2204 447 2234 cum
480 2198 618 2246 esset,
655 2205 744 2234 non
777 2188 1013 2243 intellexit,
1045 2197 1319 2246 comparatus
1356 2194 1420 2228 est

10 2313 12 2317 ¹
34 2289 39 2295 -
83 2260 311 2320 pecoribus
327 2261 569 2314 insensatis,
591 2259 795 2304 etsimilis
813 2258 952 2303 factus
975 2267 1037 2302 est
1054 2257 1158 2300 illis¹
1183 2277 1191 2301 :
1216 2275 1235 2297 »
1261 2256 1354 2313 lege
1376 2265 1420 2299 et

28 2331 248 2392 ntellige,
268 2341 318 2376 ut
334 2332 418 2376 hoc
440 2332 724 2392 opprobrium
742 2329 966 2374 humiliter
984 2329 1127 2387 potius
1142 2328 1232 2386 ipse
1249 2342 1416 2381 caveas,

44 2418 167 2448 uam
189 2418 320 2462 super
342 2401 466 2447 alteri
497 2402 686 2462 objicias.
714 2405 774 2445 De
798 2400 862 2452 his
895 2400 1010 2443 enim
1041 2399 1209 2443 dictum
1232 2407 1321 2452 est,
1344 2397 1420 2457 qui

51 2483 157 2518 stam
191 2474 324 2518 vitam
358 2473 492 2518 solam
522 2475 737 2532 deputant
774 2472 933 2526 vitani,
967 2468 1207 2514 secundum
1246 2483 1418 2514 carnem

85 2565 93 2580 ¹
116 2557 193 2590 Psal.
214 2567 322 2597 xcviii,
344 2558 394 2589 13.
