<?xml version="1.0" encoding="UTF-8"?>
<!DOCTYPE html PUBLIC "-//W3C//DTD XHTML 1.0 Transitional//EN"
    "http://www.w3.org/TR/xhtml1/DTD/xhtml1-transitional.dtd">
<html xmlns="http://www.w3.org/1999/xhtml" xml:lang="en" lang="en">
 <head>
  <title>
</title>
<meta http-equiv="Content-Type" content="text/html;charset=utf-8" />
  <meta name='ocr-system' content='tesseract 3.04.00' />
  <meta name='ocr-capabilities' content='ocr_page ocr_carea ocr_par ocr_line ocrx_word'/>
</head>
<body>
  <div class='ocr_page' id='page_1' title='image "./operaomniaaccura34auguuoft/operaomniaaccura34auguuoft_0182.png"; bbox 0 0 1784 3205; ppageno 0'>
   <div class='ocr_carea' id='block_1_1' title="bbox 312 189 1260 225">
    <p class='ocr_par' dir='ltr' id='par_1_1' title="bbox 312 189 1260 225">
     <span class='ocr_line' id='line_1_1' title="bbox 312 189 1260 225; baseline -0.002 0"><span class='ocrx_word' id='word_1_1' title='bbox 312 189 393 225; x_wconf 71' lang='lat'><strong>172</strong></span> <span class='ocrx_word' id='word_1_2' title='bbox 748 198 779 224; x_wconf 86' lang='lat' dir='ltr'><strong>s.</strong></span> <span class='ocrx_word' id='word_1_3' title='bbox 817 198 1045 225; x_wconf 64' lang='lat' dir='ltr'><strong>Aucuswmi</strong></span> <span class='ocrx_word' id='word_1_4' title='bbox 1081 197 1260 224; x_wconf 76' lang='lat' dir='ltr'><strong>EPISCOPt</strong></span> 
     </span>
    </p>
   </div>
   <div class='ocr_carea' id='block_1_2' title="bbox 305 260 1700 2428">
    <p class='ocr_par' dir='ltr' id='par_1_2' title="bbox 305 260 1700 2428">
     <span class='ocr_line' id='line_1_2' title="bbox 310 260 1695 321; baseline -0.002 -14"><span class='ocrx_word' id='word_1_5' title='bbox 310 278 487 321; x_wconf 82' lang='lat' dir='ltr'><strong>regnum</strong></span> <span class='ocrx_word' id='word_1_6' title='bbox 508 264 656 307; x_wconf 88' lang='lat' dir='ltr'><strong>mortis</strong></span> <span class='ocrx_word' id='word_1_7' title='bbox 678 264 847 307; x_wconf 87' lang='lat' dir='ltr'><strong>auferre</strong></span> <span class='ocrx_word' id='word_1_8' title='bbox 875 283 882 307; x_wconf 78' lang='lat' dir='ltr'>z</span> <span class='ocrx_word' id='word_1_9' title='bbox 909 270 1031 305; x_wconf 87' lang='lat' dir='ltr'><strong>erant</strong></span> <span class='ocrx_word' id='word_1_10' title='bbox 1056 271 1199 305; x_wconf 85' lang='lat' dir='ltr'><strong>tamen</strong></span> <span class='ocrx_word' id='word_1_11' title='bbox 1223 270 1265 304; x_wconf 87' lang='lat' dir='ltr'><strong>ct</strong></span> <span class='ocrx_word' id='word_1_12' title='bbox 1282 260 1387 318; x_wconf 76' lang='lat' dir='ltr'><strong>legis</strong></span> <span class='ocrx_word' id='word_1_13' title='bbox 1403 269 1597 318; x_wconf 83' lang='lat' dir='ltr'><strong>tempore</strong></span> <span class='ocrx_word' id='word_1_14' title='bbox 1620 262 1695 304; x_wconf 83' lang='lat' dir='ltr'><strong>ho-</strong></span> 
     </span>
     <span class='ocr_line' id='line_1_3' title="bbox 307 331 1695 390; baseline -0.001 -14"><span class='ocrx_word' id='word_1_15' title='bbox 307 334 444 376; x_wconf 87' lang='lat' dir='ltr'><strong>mines</strong></span> <span class='ocrx_word' id='word_1_16' title='bbox 485 333 556 376; x_wconf 80' lang='lat' dir='ltr'><strong>Dei</strong></span> <span class='ocrx_word' id='word_1_17' title='bbox 582 369 592 385; x_wconf 90' lang='lat'><strong>,</strong></span> <span class='ocrx_word' id='word_1_18' title='bbox 633 349 720 377; x_wconf 93' lang='lat' dir='ltr'><strong>non</strong></span> <span class='ocrx_word' id='word_1_19' title='bbox 752 334 832 376; x_wconf 87' lang='lat' dir='ltr'><strong>sub</strong></span> <span class='ocrx_word' id='word_1_20' title='bbox 872 333 963 390; x_wconf 86' lang='lat' dir='ltr'><strong>lege</strong></span> <span class='ocrx_word' id='word_1_21' title='bbox 1006 339 1195 375; x_wconf 88' lang='lat' dir='ltr'><strong>terrente</strong></span> <span class='ocrx_word' id='word_1_22' title='bbox 1215 366 1226 385; x_wconf 92' lang='lat'><strong>,</strong></span> <span class='ocrx_word' id='word_1_23' title='bbox 1265 331 1574 384; x_wconf 75' lang='lat' dir='ltr'><strong>convincente,</strong></span> <span class='ocrx_word' id='word_1_24' title='bbox 1616 346 1695 389; x_wconf 88' lang='lat' dir='ltr'><strong>pu-</strong></span> 
     </span>
     <span class='ocr_line' id='line_1_4' title="bbox 308 400 1691 462; baseline -0.003 -15"><span class='ocrx_word' id='word_1_25' title='bbox 308 405 481 458; x_wconf 79' lang='lat' dir='ltr'><strong>niente,</strong></span> <span class='ocrx_word' id='word_1_26' title='bbox 516 403 592 446; x_wconf 90' lang='lat' dir='ltr'><strong>sed</strong></span> <span class='ocrx_word' id='word_1_27' title='bbox 625 404 705 447; x_wconf 68' lang='lat' dir='ltr'><strong>sul»</strong></span> <span class='ocrx_word' id='word_1_28' title='bbox 739 404 873 462; x_wconf 73' lang='lat' dir='ltr'><strong>gratia</strong></span> <span class='ocrx_word' id='word_1_29' title='bbox 913 401 1183 456; x_wconf 76' lang='lat' dir='ltr'><strong>delectante,</strong></span> <span class='ocrx_word' id='word_1_30' title='bbox 1219 410 1421 455; x_wconf 84' lang='lat' dir='ltr'><strong>sanante,</strong></span> <span class='ocrx_word' id='word_1_31' title='bbox 1466 400 1691 444; x_wconf 79' lang='lat' dir='ltr'><strong>liberante.</strong></span> 
     </span>
     <span class='ocr_line' id='line_1_5' title="bbox 309 472 1694 533; baseline -0.003 -16"><span class='ocrx_word' id='word_1_32' title='bbox 309 476 447 517; x_wconf 83' lang='lat' dir='ltr'><strong>Erant</strong></span> <span class='ocrx_word' id='word_1_33' title='bbox 468 474 543 533; x_wconf 83' lang='lat' dir='ltr'><strong>qui</strong></span> <span class='ocrx_word' id='word_1_34' title='bbox 566 472 778 527; x_wconf 75' lang='lat' dir='ltr'><strong>dicerent,</strong></span> <span class='ocrx_word' id='word_1_35' title='bbox 802 492 819 514; x_wconf 87' lang='lat'>«</span> <span class='ocrx_word' id='word_1_36' title='bbox 843 475 936 531; x_wconf 83' lang='lat' dir='ltr'><strong>Ego</strong></span> <span class='ocrx_word' id='word_1_37' title='bbox 954 472 996 515; x_wconf 91' lang='lat' dir='ltr'><strong>in</strong></span> <span class='ocrx_word' id='word_1_38' title='bbox 1013 472 1313 532; x_wconf 83' lang='lat' dir='ltr'><strong>iniquitatibus</strong></span> <span class='ocrx_word' id='word_1_39' title='bbox 1330 480 1566 529; x_wconf 86' lang='lat' dir='ltr'><strong>conceptus</strong></span> <span class='ocrx_word' id='word_1_40' title='bbox 1581 486 1694 525; x_wconf 91' lang='lat' dir='ltr'><strong>sum,</strong></span> 
     </span>
     <span class='ocr_line' id='line_1_6' title="bbox 313 539 1692 602; baseline 0 -18"><span class='ocrx_word' id='word_1_41' title='bbox 313 562 332 584; x_wconf 91' lang='lat'>»</span> <span class='ocrx_word' id='word_1_42' title='bbox 360 553 402 587; x_wconf 88' lang='lat' dir='ltr'><strong>et</strong></span> <span class='ocrx_word' id='word_1_43' title='bbox 444 544 487 587; x_wconf 87' lang='lat' dir='ltr'><strong>in</strong></span> <span class='ocrx_word' id='word_1_44' title='bbox 523 544 707 602; x_wconf 88' lang='lat' dir='ltr'><strong>peccatis</strong></span> <span class='ocrx_word' id='word_1_45' title='bbox 739 552 876 586; x_wconf 83' lang='lat' dir='ltr'><strong>mater</strong></span> <span class='ocrx_word' id='word_1_46' title='bbox 914 558 1008 586; x_wconf 88' lang='lat' dir='ltr'><strong>mea</strong></span> <span class='ocrx_word' id='word_1_47' title='bbox 1044 557 1112 585; x_wconf 89' lang='lat' dir='ltr'><strong>me</strong></span> <span class='ocrx_word' id='word_1_48' title='bbox 1148 542 1193 584; x_wconf 90' lang='lat' dir='ltr'><strong>in</strong></span> <span class='ocrx_word' id='word_1_49' title='bbox 1233 550 1354 584; x_wconf 89' lang='lat' dir='ltr'><strong>utero</strong></span> <span class='ocrx_word' id='word_1_50' title='bbox 1390 539 1601 586; x_wconf 77' lang='lat' dir='ltr'><strong>aluit12»</strong></span> <span class='ocrx_word' id='word_1_51' title='bbox 1627 550 1692 594; x_wconf 88' lang='lat' dir='ltr'><strong>et,</strong></span> 
     </span>
     <span class='ocr_line' id='line_1_7' title="bbox 312 612 1692 673; baseline -0.001 -18"><span class='ocrx_word' id='word_1_52' title='bbox 312 634 331 656; x_wconf 87' lang='lat'>«</span> <span class='ocrx_word' id='word_1_53' title='bbox 358 617 453 659; x_wconf 90' lang='lat' dir='ltr'><strong>Non</strong></span> <span class='ocrx_word' id='word_1_54' title='bbox 485 624 549 659; x_wconf 85' lang='lat' dir='ltr'><strong>est</strong></span> <span class='ocrx_word' id='word_1_55' title='bbox 581 630 661 673; x_wconf 81' lang='lat' dir='ltr'><strong>pax</strong></span> <span class='ocrx_word' id='word_1_56' title='bbox 690 615 734 658; x_wconf 91' lang='lat' dir='ltr'><strong>in</strong></span> <span class='ocrx_word' id='word_1_57' title='bbox 760 614 925 658; x_wconf 88' lang='lat' dir='ltr'><strong>ossibus</strong></span> <span class='ocrx_word' id='word_1_58' title='bbox 956 614 1061 656; x_wconf 86' lang='lat' dir='ltr'><strong>meis</strong></span> <span class='ocrx_word' id='word_1_59' title='bbox 1086 629 1109 656; x_wconf 86' lang='lat' dir='ltr'><strong>a</strong></span> <span class='ocrx_word' id='word_1_60' title='bbox 1137 612 1245 656; x_wconf 80' lang='lat' dir='ltr'><strong>facie</strong></span> <span class='ocrx_word' id='word_1_61' title='bbox 1273 621 1549 671; x_wconf 86' lang='lat' dir='ltr'><strong>peccatorum</strong></span> <span class='ocrx_word' id='word_1_62' title='bbox 1578 627 1692 655; x_wconf 89' lang='lat' dir='ltr'><strong>meo-</strong></span> 
     </span>
     <span class='ocr_line' id='line_1_8' title="bbox 310 682 1694 740; baseline -0.002 -13"><span class='ocrx_word' id='word_1_63' title='bbox 310 702 329 724; x_wconf 82' lang='lat'>»</span> <span class='ocrx_word' id='word_1_64' title='bbox 359 688 485 727; x_wconf 65' lang='lat' dir='ltr'><strong>rum‘2</strong></span> <span class='ocrx_word' id='word_1_65' title='bbox 514 704 521 728; x_wconf 86' lang='lat'><strong>:</strong></span> <span class='ocrx_word' id='word_1_66' title='bbox 553 704 569 724; x_wconf 88' lang='lat'>»</span> <span class='ocrx_word' id='word_1_67' title='bbox 599 694 664 739; x_wconf 90' lang='lat' dir='ltr'><strong>et,</strong></span> <span class='ocrx_word' id='word_1_68' title='bbox 696 703 715 726; x_wconf 94' lang='lat'>«</span> <span class='ocrx_word' id='word_1_69' title='bbox 744 687 829 729; x_wconf 90' lang='lat' dir='ltr'><strong>Cor</strong></span> <span class='ocrx_word' id='word_1_70' title='bbox 853 683 1066 728; x_wconf 88' lang='lat' dir='ltr'><strong>mundum</strong></span> <span class='ocrx_word' id='word_1_71' title='bbox 1097 697 1193 726; x_wconf 87' lang='lat' dir='ltr'><strong>crea</strong></span> <span class='ocrx_word' id='word_1_72' title='bbox 1213 682 1258 725; x_wconf 91' lang='lat' dir='ltr'><strong>in</strong></span> <span class='ocrx_word' id='word_1_73' title='bbox 1282 697 1350 725; x_wconf 90' lang='lat' dir='ltr'><strong>me</strong></span> <span class='ocrx_word' id='word_1_74' title='bbox 1375 685 1515 735; x_wconf 84' lang='lat' dir='ltr'><strong>Deus,</strong></span> <span class='ocrx_word' id='word_1_75' title='bbox 1537 691 1580 724; x_wconf 87' lang='lat' dir='ltr'><strong>et</strong></span> <span class='ocrx_word' id='word_1_76' title='bbox 1607 683 1694 740; x_wconf 91' lang='lat' dir='ltr'><strong>spi-</strong></span> 
     </span>
     <span class='ocr_line' id='line_1_9' title="bbox 310 752 1698 810; baseline -0.001 -14"><span class='ocrx_word' id='word_1_77' title='bbox 310 774 326 796; x_wconf 88' lang='lat'>»</span> <span class='ocrx_word' id='word_1_78' title='bbox 355 756 491 797; x_wconf 89' lang='lat' dir='ltr'><strong>ritum</strong></span> <span class='ocrx_word' id='word_1_79' title='bbox 517 764 683 798; x_wconf 86' lang='lat' dir='ltr'><strong>rectum</strong></span> <span class='ocrx_word' id='word_1_80' title='bbox 707 755 864 799; x_wconf 85' lang='lat' dir='ltr'><strong>innova</strong></span> <span class='ocrx_word' id='word_1_81' title='bbox 890 756 933 798; x_wconf 90' lang='lat' dir='ltr'><strong>in</strong></span> <span class='ocrx_word' id='word_1_82' title='bbox 954 754 1189 798; x_wconf 84' lang='lat' dir='ltr'><strong>visceribus</strong></span> <span class='ocrx_word' id='word_1_83' title='bbox 1213 753 1315 796; x_wconf 88' lang='lat' dir='ltr'><strong>meis</strong></span> <span class='ocrx_word' id='word_1_84' title='bbox 1335 754 1349 777; x_wconf 75' lang='lat'>3</span> <span class='ocrx_word' id='word_1_85' title='bbox 1372 772 1379 797; x_wconf 88' lang='lat'><strong>:</strong></span> <span class='ocrx_word' id='word_1_86' title='bbox 1401 761 1458 806; x_wconf 89' lang='lat' dir='ltr'><strong>et,</strong></span> <span class='ocrx_word' id='word_1_87' title='bbox 1490 772 1505 790; x_wconf 85' lang='lat'>«</span> <span class='ocrx_word' id='word_1_88' title='bbox 1536 752 1698 810; x_wconf 80' lang='lat' dir='ltr'><strong>Spiritu</strong></span> 
     </span>
     <span class='ocr_line' id='line_1_10' title="bbox 311 823 1696 883; baseline -0.001 -18"><span class='ocrx_word' id='word_1_89' title='bbox 311 842 329 864; x_wconf 81' lang='grc'>»</span> <span class='ocrx_word' id='word_1_90' title='bbox 363 824 589 883; x_wconf 87' lang='lat' dir='ltr'><strong>principali</strong></span> <span class='ocrx_word' id='word_1_91' title='bbox 606 825 815 868; x_wconf 80' lang='lat' dir='ltr'><strong>confirma</strong></span> <span class='ocrx_word' id='word_1_92' title='bbox 833 839 902 867; x_wconf 88' lang='lat' dir='ltr'><strong>me</strong></span> <span class='ocrx_word' id='word_1_93' title='bbox 924 844 931 868; x_wconf 91' lang='lat'>:</span> <span class='ocrx_word' id='word_1_94' title='bbox 957 843 975 863; x_wconf 83' lang='lat'>»</span> <span class='ocrx_word' id='word_1_95' title='bbox 998 833 1057 877; x_wconf 87' lang='lat' dir='ltr'><strong>et,</strong></span> <span class='ocrx_word' id='word_1_96' title='bbox 1087 842 1104 863; x_wconf 92' lang='lat'>«</span> <span class='ocrx_word' id='word_1_97' title='bbox 1130 823 1334 880; x_wconf 88' lang='lat' dir='ltr'><strong>Spiritum</strong></span> <span class='ocrx_word' id='word_1_98' title='bbox 1359 831 1556 865; x_wconf 86' lang='lat' dir='ltr'><strong>sanctum</strong></span> <span class='ocrx_word' id='word_1_99' title='bbox 1574 830 1696 864; x_wconf 88' lang='lat' dir='ltr'><strong>tuum</strong></span> 
     </span>
     <span class='ocr_line' id='line_1_11' title="bbox 314 891 1699 952; baseline 0 -18"><span class='ocrx_word' id='word_1_100' title='bbox 314 912 332 933; x_wconf 84' lang='lat'>»</span> <span class='ocrx_word' id='word_1_101' title='bbox 360 909 414 936; x_wconf 86' lang='lat' dir='ltr'><strong>ne</strong></span> <span class='ocrx_word' id='word_1_102' title='bbox 431 892 600 937; x_wconf 86' lang='lat' dir='ltr'><strong>auferas</strong></span> <span class='ocrx_word' id='word_1_103' title='bbox 617 909 639 936; x_wconf 90' lang='lat' dir='ltr'><strong>a</strong></span> <span class='ocrx_word' id='word_1_104' title='bbox 654 909 735 936; x_wconf 89' lang='lat' dir='ltr'><strong>me.</strong></span> <span class='ocrx_word' id='word_1_105' title='bbox 758 913 775 934; x_wconf 89' lang='lat'>»</span> <span class='ocrx_word' id='word_1_106' title='bbox 798 897 933 937; x_wconf 88' lang='lat' dir='ltr'><strong>Erant</strong></span> <span class='ocrx_word' id='word_1_107' title='bbox 951 893 1027 952; x_wconf 81' lang='lat' dir='ltr'><strong>qui</strong></span> <span class='ocrx_word' id='word_1_108' title='bbox 1042 893 1252 946; x_wconf 76' lang='lat' dir='ltr'><strong>dicerent,</strong></span> <span class='ocrx_word' id='word_1_109' title='bbox 1278 891 1504 945; x_wconf 88' lang='lat' dir='ltr'><strong>«Credidi,</strong></span> <span class='ocrx_word' id='word_1_110' title='bbox 1523 900 1699 950; x_wconf 85' lang='lat' dir='ltr'><strong>propter</strong></span> 
     </span>
     <span class='ocr_line' id='line_1_12' title="bbox 310 961 1698 1023; baseline -0.001 -18"><span class='ocrx_word' id='word_1_111' title='bbox 310 983 329 1005; x_wconf 91' lang='lat'>»</span> <span class='ocrx_word' id='word_1_112' title='bbox 355 964 475 1023; x_wconf 85' lang='lat' dir='ltr'><strong>quod</strong></span> <span class='ocrx_word' id='word_1_113' title='bbox 497 964 667 1008; x_wconf 87' lang='lat' dir='ltr'><strong>locutus</strong></span> <span class='ocrx_word' id='word_1_114' title='bbox 684 967 821 1008; x_wconf 70' lang='lat' dir='ltr'><strong>sum4.</strong></span> <span class='ocrx_word' id='word_1_115' title='bbox 848 984 865 1005; x_wconf 89' lang='lat'>»</span> <span class='ocrx_word' id='word_1_116' title='bbox 889 964 1050 1008; x_wconf 86' lang='lat' dir='ltr'><strong>Eadem</strong></span> <span class='ocrx_word' id='word_1_117' title='bbox 1074 964 1237 1023; x_wconf 83' lang='lat' dir='ltr'><strong>quippe</strong></span> <span class='ocrx_word' id='word_1_118' title='bbox 1256 972 1298 1007; x_wconf 88' lang='lat' dir='ltr'><strong>et</strong></span> <span class='ocrx_word' id='word_1_119' title='bbox 1320 963 1398 1021; x_wconf 88' lang='lat' dir='ltr'><strong>ipsi</strong></span> <span class='ocrx_word' id='word_1_120' title='bbox 1424 961 1698 1006; x_wconf 88' lang='lat' dir='ltr'><strong>mundaban-</strong></span> 
     </span>
     <span class='ocr_line' id='line_1_13' title="bbox 309 1032 1697 1094; baseline -0.001 -17"><span class='ocrx_word' id='word_1_121' title='bbox 309 1044 378 1077; x_wconf 84' lang='lat' dir='ltr'><strong>tur</strong></span> <span class='ocrx_word' id='word_1_122' title='bbox 400 1034 507 1088; x_wconf 89' lang='lat' dir='ltr'><strong>fide,</strong></span> <span class='ocrx_word' id='word_1_123' title='bbox 532 1050 618 1094; x_wconf 82' lang='lat' dir='ltr'><strong>qua</strong></span> <span class='ocrx_word' id='word_1_124' title='bbox 641 1044 683 1078; x_wconf 90' lang='lat' dir='ltr'><strong>et</strong></span> <span class='ocrx_word' id='word_1_125' title='bbox 706 1050 797 1078; x_wconf 88' lang='lat' dir='ltr'><strong>nos.</strong></span> <span class='ocrx_word' id='word_1_126' title='bbox 821 1034 946 1079; x_wconf 89' lang='lat' dir='ltr'><strong>Unde</strong></span> <span class='ocrx_word' id='word_1_127' title='bbox 964 1043 1006 1077; x_wconf 89' lang='lat' dir='ltr'><strong>et</strong></span> <span class='ocrx_word' id='word_1_128' title='bbox 1026 1033 1259 1093; x_wconf 81' lang='lat' dir='ltr'><strong>Apostolus</strong></span> <span class='ocrx_word' id='word_1_129' title='bbox 1282 1032 1408 1087; x_wconf 87' lang='lat' dir='ltr'><strong>dicit,</strong></span> <span class='ocrx_word' id='word_1_130' title='bbox 1435 1052 1454 1074; x_wconf 88' lang='lat'>«</span> <span class='ocrx_word' id='word_1_131' title='bbox 1478 1033 1697 1076; x_wconf 78' lang='lat' dir='ltr'><strong>Habentes</strong></span> 
     </span>
     <span class='ocr_line' id='line_1_14' title="bbox 310 1103 1698 1164; baseline -0.001 -18"><span class='ocrx_word' id='word_1_132' title='bbox 310 1125 328 1147; x_wconf 86' lang='lat'>»</span> <span class='ocrx_word' id='word_1_133' title='bbox 356 1114 500 1148; x_wconf 79' lang='lat' dir='ltr'><strong>autem</strong></span> <span class='ocrx_word' id='word_1_134' title='bbox 536 1105 737 1148; x_wconf 88' lang='lat' dir='ltr'><strong>eumdem</strong></span> <span class='ocrx_word' id='word_1_135' title='bbox 772 1106 969 1164; x_wconf 85' lang='lat' dir='ltr'><strong>spiritum</strong></span> <span class='ocrx_word' id='word_1_136' title='bbox 994 1104 1120 1157; x_wconf 86' lang='lat' dir='ltr'><strong>fidei,</strong></span> <span class='ocrx_word' id='word_1_137' title='bbox 1149 1103 1391 1148; x_wconf 82' lang='lat' dir='ltr'><strong>secundum</strong></span> <span class='ocrx_word' id='word_1_138' title='bbox 1421 1104 1541 1163; x_wconf 88' lang='lat' dir='ltr'><strong>quod</strong></span> <span class='ocrx_word' id='word_1_139' title='bbox 1565 1105 1698 1162; x_wconf 88' lang='lat' dir='ltr'><strong>scrip-</strong></span> 
     </span>
     <span class='ocr_line' id='line_1_15' title="bbox 309 1173 1699 1234; baseline 0.001 -19"><span class='ocrx_word' id='word_1_140' title='bbox 309 1194 327 1215; x_wconf 83' lang='lat'>»</span> <span class='ocrx_word' id='word_1_141' title='bbox 358 1185 446 1218; x_wconf 90' lang='lat' dir='ltr'><strong>tum</strong></span> <span class='ocrx_word' id='word_1_142' title='bbox 471 1185 534 1218; x_wconf 85' lang='lat' dir='ltr'><strong>est</strong></span> <span class='ocrx_word' id='word_1_143' title='bbox 561 1195 569 1219; x_wconf 76' lang='lat'>2</span> <span class='ocrx_word' id='word_1_144' title='bbox 597 1175 794 1230; x_wconf 87' lang='lat' dir='ltr'><strong>Credidi,</strong></span> <span class='ocrx_word' id='word_1_145' title='bbox 833 1185 1009 1234; x_wconf 86' lang='lat' dir='ltr'><strong>propter</strong></span> <span class='ocrx_word' id='word_1_146' title='bbox 1039 1174 1159 1233; x_wconf 82' lang='lat' dir='ltr'><strong>quod</strong></span> <span class='ocrx_word' id='word_1_147' title='bbox 1189 1173 1362 1218; x_wconf 85' lang='lat' dir='ltr'><strong>locutus</strong></span> <span class='ocrx_word' id='word_1_148' title='bbox 1386 1189 1505 1227; x_wconf 87' lang='lat' dir='ltr'><strong>sum,</strong></span> <span class='ocrx_word' id='word_1_149' title='bbox 1544 1183 1586 1216; x_wconf 89' lang='lat' dir='ltr'><strong>et</strong></span> <span class='ocrx_word' id='word_1_150' title='bbox 1622 1189 1699 1217; x_wconf 87' lang='lat' dir='ltr'><strong>nos</strong></span> 
     </span>
     <span class='ocr_line' id='line_1_16' title="bbox 310 1241 1700 1304; baseline 0 -19"><span class='ocrx_word' id='word_1_151' title='bbox 310 1263 329 1286; x_wconf 92' lang='lat'>»</span> <span class='ocrx_word' id='word_1_152' title='bbox 356 1244 597 1299; x_wconf 86' lang='lat' dir='ltr'><strong>credimus,</strong></span> <span class='ocrx_word' id='word_1_153' title='bbox 628 1255 805 1302; x_wconf 89' lang='lat' dir='ltr'><strong>propter</strong></span> <span class='ocrx_word' id='word_1_154' title='bbox 838 1245 958 1304; x_wconf 83' lang='lat' dir='ltr'><strong>quod</strong></span> <span class='ocrx_word' id='word_1_155' title='bbox 986 1254 1027 1287; x_wconf 90' lang='lat' dir='ltr'><strong>et</strong></span> <span class='ocrx_word' id='word_1_156' title='bbox 1057 1244 1321 1302; x_wconf 68' lang='lat' dir='ltr'><strong>loquimur-⁵.</strong></span> <span class='ocrx_word' id='word_1_157' title='bbox 1357 1263 1374 1283; x_wconf 74' lang='grc' dir='ltr'><strong>υ</strong></span> <span class='ocrx_word' id='word_1_158' title='bbox 1408 1246 1468 1286; x_wconf 82' lang='lat' dir='ltr'><strong>Ex</strong></span> <span class='ocrx_word' id='word_1_159' title='bbox 1502 1244 1591 1301; x_wconf 86' lang='lat' dir='ltr'><strong>ipsa</strong></span> <span class='ocrx_word' id='word_1_160' title='bbox 1614 1241 1700 1286; x_wconf 85' lang='lat' dir='ltr'><strong>fide</strong></span> 
     </span>
     <span class='ocr_line' id='line_1_17' title="bbox 307 1312 1696 1372; baseline -0.001 -16"><span class='ocrx_word' id='word_1_161' title='bbox 307 1314 556 1367; x_wconf 81' lang='lat' dir='ltr'><strong>dicebatur,</strong></span> <span class='ocrx_word' id='word_1_162' title='bbox 582 1333 601 1355; x_wconf 90' lang='lat'>«</span> <span class='ocrx_word' id='word_1_163' title='bbox 622 1317 733 1358; x_wconf 91' lang='lat' dir='ltr'><strong>Ecce</strong></span> <span class='ocrx_word' id='word_1_164' title='bbox 752 1315 872 1372; x_wconf 78' lang='lat' dir='ltr'><strong>virgo</strong></span> <span class='ocrx_word' id='word_1_165' title='bbox 892 1315 935 1356; x_wconf 89' lang='lat' dir='ltr'><strong>in</strong></span> <span class='ocrx_word' id='word_1_166' title='bbox 952 1323 1076 1357; x_wconf 88' lang='lat' dir='ltr'><strong>utero</strong></span> <span class='ocrx_word' id='word_1_167' title='bbox 1093 1314 1296 1371; x_wconf 79' lang='lat' dir='ltr'><strong>accipiet,</strong></span> <span class='ocrx_word' id='word_1_168' title='bbox 1324 1323 1366 1356; x_wconf 90' lang='lat' dir='ltr'><strong>et</strong></span> <span class='ocrx_word' id='word_1_169' title='bbox 1384 1313 1522 1371; x_wconf 88' lang='lat' dir='ltr'><strong>pariet</strong></span> <span class='ocrx_word' id='word_1_170' title='bbox 1541 1312 1696 1366; x_wconf 82' lang='lat' dir='ltr'><strong>filium,</strong></span> 
     </span>
     <span class='ocr_line' id='line_1_18' title="bbox 310 1382 1698 1443; baseline 0.001 -19"><span class='ocrx_word' id='word_1_171' title='bbox 310 1403 327 1424; x_wconf 89' lang='lat'>»</span> <span class='ocrx_word' id='word_1_172' title='bbox 360 1393 400 1426; x_wconf 87' lang='lat' dir='ltr'><strong>et</strong></span> <span class='ocrx_word' id='word_1_173' title='bbox 423 1383 645 1427; x_wconf 81' lang='lat' dir='ltr'><strong>vocabunt</strong></span> <span class='ocrx_word' id='word_1_174' title='bbox 667 1399 825 1427; x_wconf 85' lang='lat' dir='ltr'><strong>nornen</strong></span> <span class='ocrx_word' id='word_1_175' title='bbox 850 1385 939 1443; x_wconf 82' lang='lat' dir='ltr'><strong>ejus</strong></span> <span class='ocrx_word' id='word_1_176' title='bbox 958 1383 1235 1435; x_wconf 85' lang='lat' dir='ltr'><strong>Emmanuel,</strong></span> <span class='ocrx_word' id='word_1_177' title='bbox 1259 1382 1379 1441; x_wconf 86' lang='lat' dir='ltr'><strong>quod</strong></span> <span class='ocrx_word' id='word_1_178' title='bbox 1403 1391 1464 1425; x_wconf 89' lang='lat' dir='ltr'><strong>est</strong></span> <span class='ocrx_word' id='word_1_179' title='bbox 1482 1382 1698 1441; x_wconf 83' lang='lat' dir='ltr'><strong>interpre-</strong></span> 
     </span>
     <span class='ocr_line' id='line_1_19' title="bbox 309 1451 1700 1511; baseline 0.001 -17"><span class='ocrx_word' id='word_1_180' title='bbox 309 1472 327 1493; x_wconf 83' lang='lat'>»</span> <span class='ocrx_word' id='word_1_181' title='bbox 358 1462 515 1507; x_wconf 80' lang='lat' dir='ltr'><strong>tatum,</strong></span> <span class='ocrx_word' id='word_1_182' title='bbox 539 1453 776 1498; x_wconf 86' lang='lat' dir='ltr'><strong>Nobiscum</strong></span> <span class='ocrx_word' id='word_1_183' title='bbox 804 1455 955 1497; x_wconf 68' lang='lat' dir='ltr'><strong>Deusfi.</strong></span> <span class='ocrx_word' id='word_1_184' title='bbox 987 1472 1005 1493; x_wconf 88' lang='lat'>»</span> <span class='ocrx_word' id='word_1_185' title='bbox 1032 1456 1094 1497; x_wconf 87' lang='lat' dir='ltr'><strong>Ex</strong></span> <span class='ocrx_word' id='word_1_186' title='bbox 1117 1454 1207 1511; x_wconf 88' lang='lat' dir='ltr'><strong>ipsa</strong></span> <span class='ocrx_word' id='word_1_187' title='bbox 1223 1452 1308 1495; x_wconf 87' lang='lat' dir='ltr'><strong>fide</strong></span> <span class='ocrx_word' id='word_1_188' title='bbox 1331 1452 1385 1495; x_wconf 89' lang='lat' dir='ltr'><strong>de</strong></span> <span class='ocrx_word' id='word_1_189' title='bbox 1407 1453 1500 1511; x_wconf 86' lang='lat' dir='ltr'><strong>ipso</strong></span> <span class='ocrx_word' id='word_1_190' title='bbox 1520 1451 1700 1495; x_wconf 89' lang='lat' dir='ltr'><strong>diceba-</strong></span> 
     </span>
     <span class='ocr_line' id='line_1_20' title="bbox 308 1521 1698 1582; baseline 0.001 -17"><span class='ocrx_word' id='word_1_191' title='bbox 308 1524 450 1576; x_wconf 84' lang='lat' dir='ltr'><strong>batur,</strong></span> <span class='ocrx_word' id='word_1_192' title='bbox 482 1543 498 1563; x_wconf 73' lang='grc' dir='ltr'><strong>ιι</strong></span> <span class='ocrx_word' id='word_1_193' title='bbox 529 1526 585 1565; x_wconf 89' lang='lat' dir='ltr'><strong>Et</strong></span> <span class='ocrx_word' id='word_1_194' title='bbox 609 1524 698 1582; x_wconf 91' lang='lat' dir='ltr'><strong>ipse</strong></span> <span class='ocrx_word' id='word_1_195' title='bbox 727 1534 933 1582; x_wconf 82' lang='lat' dir='ltr'><strong>tanquam</strong></span> <span class='ocrx_word' id='word_1_196' title='bbox 961 1537 1144 1582; x_wconf 83' lang='lat' dir='ltr'><strong>sponsus</strong></span> <span class='ocrx_word' id='word_1_197' title='bbox 1170 1521 1410 1581; x_wconf 87' lang='lat' dir='ltr'><strong>procedens</strong></span> <span class='ocrx_word' id='word_1_198' title='bbox 1430 1522 1485 1564; x_wconf 89' lang='lat' dir='ltr'><strong>de</strong></span> <span class='ocrx_word' id='word_1_199' title='bbox 1508 1521 1698 1566; x_wconf 86' lang='lat' dir='ltr'><strong>thalamo</strong></span> 
     </span>
     <span class='ocr_line' id='line_1_21' title="bbox 308 1586 1700 1652; baseline 0.002 -18"><span class='ocrx_word' id='word_1_200' title='bbox 308 1611 327 1633; x_wconf 87' lang='lat'>»</span> <span class='ocrx_word' id='word_1_201' title='bbox 354 1609 456 1647; x_wconf 90' lang='lat' dir='ltr'><strong>suo,</strong></span> <span class='ocrx_word' id='word_1_202' title='bbox 491 1592 700 1637; x_wconf 82' lang='lat' dir='ltr'><strong>exultavit</strong></span> <span class='ocrx_word' id='word_1_203' title='bbox 731 1602 780 1637; x_wconf 85' lang='lat' dir='ltr'><strong>ut</strong></span> <span class='ocrx_word' id='word_1_204' title='bbox 805 1595 921 1652; x_wconf 83' lang='lat' dir='ltr'><strong>gigas</strong></span> <span class='ocrx_word' id='word_1_205' title='bbox 951 1593 1005 1636; x_wconf 84' lang='lat' dir='ltr'><strong>ad</strong></span> <span class='ocrx_word' id='word_1_206' title='bbox 1034 1586 1293 1636; x_wconf 87' lang='lat' dir='ltr'><strong>currendam</strong></span> <span class='ocrx_word' id='word_1_207' title='bbox 1321 1592 1455 1647; x_wconf 85' lang='lat' dir='ltr'><strong>viam,</strong></span> <span class='ocrx_word' id='word_1_208' title='bbox 1482 1608 1505 1636; x_wconf 89' lang='lat' dir='ltr'><strong>a</strong></span> <span class='ocrx_word' id='word_1_209' title='bbox 1529 1608 1700 1637; x_wconf 88' lang='lat' dir='ltr'><strong>summo</strong></span> 
     </span>
     <span class='ocr_line' id='line_1_22' title="bbox 310 1663 1699 1723; baseline 0.001 -18"><span class='ocrx_word' id='word_1_210' title='bbox 310 1682 328 1703; x_wconf 72' lang='lat' dir='ltr'><strong>n</strong></span> <span class='ocrx_word' id='word_1_211' title='bbox 350 1663 452 1706; x_wconf 85' lang='lat' dir='ltr'><strong>coeli</strong></span> <span class='ocrx_word' id='word_1_212' title='bbox 477 1665 660 1721; x_wconf 83' lang='lat' dir='ltr'><strong>egressio</strong></span> <span class='ocrx_word' id='word_1_213' title='bbox 682 1666 795 1723; x_wconf 83' lang='lat' dir='ltr'><strong>ejus,</strong></span> <span class='ocrx_word' id='word_1_214' title='bbox 822 1675 865 1708; x_wconf 87' lang='lat' dir='ltr'><strong>et</strong></span> <span class='ocrx_word' id='word_1_215' title='bbox 888 1680 1090 1708; x_wconf 87' lang='lat' dir='ltr'><strong>occursus</strong></span> <span class='ocrx_word' id='word_1_216' title='bbox 1116 1666 1206 1723; x_wconf 81' lang='lat' dir='ltr'><strong>ejus</strong></span> <span class='ocrx_word' id='word_1_217' title='bbox 1229 1679 1367 1723; x_wconf 79' lang='lat' dir='ltr'><strong>usque</strong></span> <span class='ocrx_word' id='word_1_218' title='bbox 1398 1663 1452 1708; x_wconf 86' lang='lat' dir='ltr'><strong>ad</strong></span> <span class='ocrx_word' id='word_1_219' title='bbox 1479 1679 1699 1707; x_wconf 88' lang='lat' dir='ltr'><strong>summum</strong></span> 
     </span>
     <span class='ocr_line' id='line_1_23' title="bbox 309 1734 1696 1795; baseline 0.002 -20"><span class='ocrx_word' id='word_1_220' title='bbox 309 1752 328 1774; x_wconf 91' lang='lat'>»</span> <span class='ocrx_word' id='word_1_221' title='bbox 352 1734 470 1788; x_wconf 82' lang='lat' dir='ltr'><strong>coeli,</strong></span> <span class='ocrx_word' id='word_1_222' title='bbox 496 1745 539 1778; x_wconf 88' lang='lat' dir='ltr'><strong>et</strong></span> <span class='ocrx_word' id='word_1_223' title='bbox 562 1751 650 1779; x_wconf 92' lang='lat' dir='ltr'><strong>non</strong></span> <span class='ocrx_word' id='word_1_224' title='bbox 679 1735 836 1795; x_wconf 86' lang='lat' dir='ltr'><strong>estqui</strong></span> <span class='ocrx_word' id='word_1_225' title='bbox 866 1751 910 1779; x_wconf 89' lang='lat' dir='ltr'><strong>se</strong></span> <span class='ocrx_word' id='word_1_226' title='bbox 941 1735 1176 1779; x_wconf 82' lang='lat' dir='ltr'><strong>abscondat</strong></span> <span class='ocrx_word' id='word_1_227' title='bbox 1208 1750 1230 1778; x_wconf 85' lang='lat' dir='ltr'><strong>a</strong></span> <span class='ocrx_word' id='word_1_228' title='bbox 1261 1734 1404 1778; x_wconf 85' lang='lat' dir='ltr'><strong>calore</strong></span> <span class='ocrx_word' id='word_1_229' title='bbox 1426 1735 1558 1793; x_wconf 72' lang='lat' dir='ltr'><strong>eju57.</strong></span> <span class='ocrx_word' id='word_1_230' title='bbox 1590 1754 1609 1776; x_wconf 91' lang='lat'>»</span> <span class='ocrx_word' id='word_1_231' title='bbox 1636 1738 1696 1778; x_wconf 82' lang='lat' dir='ltr'><strong>Ex</strong></span> 
     </span>
     <span class='ocr_line' id='line_1_24' title="bbox 305 1805 1699 1864; baseline 0.002 -17"><span class='ocrx_word' id='word_1_232' title='bbox 305 1805 391 1848; x_wconf 83' lang='lat' dir='ltr'><strong>fide</strong></span> <span class='ocrx_word' id='word_1_233' title='bbox 408 1806 499 1864; x_wconf 90' lang='lat' dir='ltr'><strong>ipsa</strong></span> <span class='ocrx_word' id='word_1_234' title='bbox 526 1807 607 1864; x_wconf 88' lang='lat' dir='ltr'><strong>ipsi</strong></span> <span class='ocrx_word' id='word_1_235' title='bbox 633 1806 888 1861; x_wconf 88' lang='lat' dir='ltr'><strong>dicebatur,</strong></span> <span class='ocrx_word' id='word_1_236' title='bbox 919 1826 937 1847; x_wconf 88' lang='lat'>«</span> <span class='ocrx_word' id='word_1_237' title='bbox 967 1807 1165 1850; x_wconf 81' lang='lat' dir='ltr'><strong>Thronus</strong></span> <span class='ocrx_word' id='word_1_238' title='bbox 1189 1815 1311 1860; x_wconf 85' lang='lat' dir='ltr'><strong>tuus,</strong></span> <span class='ocrx_word' id='word_1_239' title='bbox 1341 1809 1467 1859; x_wconf 87' lang='lat' dir='ltr'><strong>Deus,</strong></span> <span class='ocrx_word' id='word_1_240' title='bbox 1494 1805 1539 1848; x_wconf 93' lang='lat' dir='ltr'><strong>in</strong></span> <span class='ocrx_word' id='word_1_241' title='bbox 1559 1822 1699 1850; x_wconf 78' lang='lat' dir='ltr'><strong>saecu-</strong></span> 
     </span>
     <span class='ocr_line' id='line_1_25' title="bbox 309 1874 1698 1934; baseline 0.004 -19"><span class='ocrx_word' id='word_1_242' title='bbox 309 1893 327 1916; x_wconf 88' lang='lat'>»</span> <span class='ocrx_word' id='word_1_243' title='bbox 353 1874 442 1918; x_wconf 91' lang='lat' dir='ltr'><strong>lum</strong></span> <span class='ocrx_word' id='word_1_244' title='bbox 468 1876 639 1930; x_wconf 74' lang='lat' dir='ltr'><strong>saeculi,</strong></span> <span class='ocrx_word' id='word_1_245' title='bbox 665 1877 785 1934; x_wconf 80' lang='lat' dir='ltr'><strong>virga</strong></span> <span class='ocrx_word' id='word_1_246' title='bbox 809 1877 1057 1920; x_wconf 85' lang='lat' dir='ltr'><strong>directionis</strong></span> <span class='ocrx_word' id='word_1_247' title='bbox 1075 1911 1085 1930; x_wconf 84' lang='lat'><strong>,</strong></span> <span class='ocrx_word' id='word_1_248' title='bbox 1107 1877 1222 1933; x_wconf 81' lang='lat' dir='ltr'><strong>virga</strong></span> <span class='ocrx_word' id='word_1_249' title='bbox 1244 1878 1363 1933; x_wconf 84' lang='lat' dir='ltr'><strong>regni</strong></span> <span class='ocrx_word' id='word_1_250' title='bbox 1389 1877 1450 1920; x_wconf 87' lang='lat' dir='ltr'><strong>tui</strong></span> <span class='ocrx_word' id='word_1_251' title='bbox 1477 1895 1484 1920; x_wconf 76' lang='grc' dir='ltr'>ε</span> <span class='ocrx_word' id='word_1_252' title='bbox 1511 1876 1698 1920; x_wconf 82' lang='lat' dir='ltr'><strong>dilexisti</strong></span> 
     </span>
     <span class='ocr_line' id='line_1_26' title="bbox 314 1946 1699 2006; baseline 0.004 -21"><span class='ocrx_word' id='word_1_253' title='bbox 314 1963 333 1985; x_wconf 85' lang='lat'>»</span> <span class='ocrx_word' id='word_1_254' title='bbox 356 1946 591 2003; x_wconf 85' lang='lat' dir='ltr'><strong>justitiam,</strong></span> <span class='ocrx_word' id='word_1_255' title='bbox 637 1956 678 1990; x_wconf 91' lang='lat' dir='ltr'><strong>et</strong></span> <span class='ocrx_word' id='word_1_256' title='bbox 720 1947 849 1991; x_wconf 89' lang='lat' dir='ltr'><strong>odisti</strong></span> <span class='ocrx_word' id='word_1_257' title='bbox 890 1947 1191 2006; x_wconf 86' lang='lat' dir='ltr'><strong>iniquitatem,</strong></span> <span class='ocrx_word' id='word_1_258' title='bbox 1235 1956 1460 2005; x_wconf 86' lang='lat' dir='ltr'><strong>propterca</strong></span> <span class='ocrx_word' id='word_1_259' title='bbox 1496 1948 1619 1991; x_wconf 78' lang='lat' dir='ltr'><strong>unxit</strong></span> <span class='ocrx_word' id='word_1_260' title='bbox 1657 1956 1699 1990; x_wconf 89' lang='lat' dir='ltr'><strong>te</strong></span> 
     </span>
     <span class='ocr_line' id='line_1_27' title="bbox 309 2016 1694 2075; baseline 0.003 -21"><span class='ocrx_word' id='word_1_261' title='bbox 309 2034 328 2055; x_wconf 85' lang='lat'>»</span> <span class='ocrx_word' id='word_1_262' title='bbox 348 2018 461 2058; x_wconf 87' lang='lat' dir='ltr'><strong>Deus</strong></span> <span class='ocrx_word' id='word_1_263' title='bbox 482 2019 594 2059; x_wconf 91' lang='lat' dir='ltr'><strong>Deus</strong></span> <span class='ocrx_word' id='word_1_264' title='bbox 613 2026 712 2060; x_wconf 88' lang='lat' dir='ltr'><strong>tuus</strong></span> <span class='ocrx_word' id='word_1_265' title='bbox 729 2017 826 2061; x_wconf 90' lang='lat' dir='ltr'><strong>oleo</strong></span> <span class='ocrx_word' id='word_1_266' title='bbox 843 2017 1117 2060; x_wconf 81' lang='lat' dir='ltr'><strong>exultationis</strong></span> <span class='ocrx_word' id='word_1_267' title='bbox 1131 2032 1220 2074; x_wconf 83' lang='lat' dir='ltr'><strong>prae</strong></span> <span class='ocrx_word' id='word_1_268' title='bbox 1238 2016 1521 2075; x_wconf 88' lang='lat' dir='ltr'><strong>participibus</strong></span> <span class='ocrx_word' id='word_1_269' title='bbox 1538 2017 1655 2061; x_wconf 53' lang='lat' dir='ltr'><strong>tuisss.</strong></span> <span class='ocrx_word' id='word_1_270' title='bbox 1675 2037 1694 2058; x_wconf 85' lang='lat'>»</span> 
     </span>
     <span class='ocr_line' id='line_1_28' title="bbox 312 2085 1698 2146; baseline 0 -15"><span class='ocrx_word' id='word_1_271' title='bbox 312 2086 473 2131; x_wconf 86' lang='lat' dir='ltr'><strong>Eodem</strong></span> <span class='ocrx_word' id='word_1_272' title='bbox 496 2086 648 2143; x_wconf 84' lang='lat' dir='ltr'><strong>spiritu</strong></span> <span class='ocrx_word' id='word_1_273' title='bbox 668 2086 769 2129; x_wconf 83' lang='lat' dir='ltr'><strong>fidei</strong></span> <span class='ocrx_word' id='word_1_274' title='bbox 793 2087 847 2129; x_wconf 88' lang='lat' dir='ltr'><strong>ab</strong></span> <span class='ocrx_word' id='word_1_275' title='bbox 868 2085 951 2130; x_wconf 87' lang='lat' dir='ltr'><strong>illis</strong></span> <span class='ocrx_word' id='word_1_276' title='bbox 972 2087 1065 2129; x_wconf 82' lang='lat' dir='ltr'><strong>haee</strong></span> <span class='ocrx_word' id='word_1_277' title='bbox 1087 2087 1236 2129; x_wconf 84' lang='lat' dir='ltr'><strong>futura</strong></span> <span class='ocrx_word' id='word_1_278' title='bbox 1259 2085 1537 2141; x_wconf 86' lang='lat' dir='ltr'><strong>videbantur,</strong></span> <span class='ocrx_word' id='word_1_279' title='bbox 1565 2103 1652 2146; x_wconf 86' lang='lat' dir='ltr'><strong>quo</strong></span> <span class='ocrx_word' id='word_1_280' title='bbox 1676 2104 1698 2131; x_wconf 90' lang='lat' dir='ltr'><strong>a</strong></span> 
     </span>
     <span class='ocr_line' id='line_1_29' title="bbox 306 2154 1699 2216; baseline 0.004 -19"><span class='ocrx_word' id='word_1_281' title='bbox 306 2156 430 2198; x_wconf 86' lang='lat' dir='ltr'><strong>nobis</strong></span> <span class='ocrx_word' id='word_1_282' title='bbox 445 2154 554 2199; x_wconf 86' lang='lat' dir='ltr'><strong>sacta</strong></span> <span class='ocrx_word' id='word_1_283' title='bbox 578 2156 833 2200; x_wconf 85' lang='lat' dir='ltr'><strong>ereduntur.</strong></span> <span class='ocrx_word' id='word_1_284' title='bbox 861 2159 1011 2216; x_wconf 89' lang='lat' dir='ltr'><strong>Neque</strong></span> <span class='ocrx_word' id='word_1_285' title='bbox 1030 2156 1144 2199; x_wconf 89' lang='lat' dir='ltr'><strong>enim</strong></span> <span class='ocrx_word' id='word_1_286' title='bbox 1164 2156 1239 2215; x_wconf 90' lang='lat' dir='ltr'><strong>qui</strong></span> <span class='ocrx_word' id='word_1_287' title='bbox 1257 2156 1381 2200; x_wconf 88' lang='lat' dir='ltr'><strong>nobis</strong></span> <span class='ocrx_word' id='word_1_288' title='bbox 1399 2158 1477 2200; x_wconf 85' lang='lat' dir='ltr'><strong>ista</strong></span> <span class='ocrx_word' id='word_1_289' title='bbox 1500 2157 1619 2201; x_wconf 81' lang='lat' dir='ltr'><strong>fideli</strong></span> <span class='ocrx_word' id='word_1_290' title='bbox 1637 2159 1699 2202; x_wconf 86' lang='lat' dir='ltr'><strong>di-</strong></span> 
     </span>
     <span class='ocr_line' id='line_1_30' title="bbox 308 2225 1698 2286; baseline 0.004 -18"><span class='ocrx_word' id='word_1_291' title='bbox 308 2225 490 2268; x_wconf 84' lang='lat' dir='ltr'><strong>lectione</strong></span> <span class='ocrx_word' id='word_1_292' title='bbox 514 2226 774 2285; x_wconf 81' lang='lat' dir='ltr'><strong>prophetare</strong></span> <span class='ocrx_word' id='word_1_293' title='bbox 799 2235 1058 2285; x_wconf 79' lang='lat' dir='ltr'><strong>potuerunt,</strong></span> <span class='ocrx_word' id='word_1_294' title='bbox 1081 2241 1230 2269; x_wconf 83' lang='lat' dir='ltr'><strong>eorum</strong></span> <span class='ocrx_word' id='word_1_295' title='bbox 1258 2226 1338 2284; x_wconf 77' lang='lat' dir='ltr'><strong>ipsi</strong></span> <span class='ocrx_word' id='word_1_296' title='bbox 1359 2228 1588 2286; x_wconf 83' lang='lat' dir='ltr'><strong>participes</strong></span> <span class='ocrx_word' id='word_1_297' title='bbox 1610 2244 1698 2273; x_wconf 87' lang='lat' dir='ltr'><strong>non</strong></span> 
     </span>
     <span class='ocr_line' id='line_1_31' title="bbox 305 2295 1697 2355; baseline 0.004 -18"><span class='ocrx_word' id='word_1_298' title='bbox 305 2295 499 2339; x_wconf 84' lang='lat' dir='ltr'><strong>fuerunt.</strong></span> <span class='ocrx_word' id='word_1_299' title='bbox 527 2299 582 2339; x_wconf 91' lang='lat' dir='ltr'><strong>Et</strong></span> <span class='ocrx_word' id='word_1_300' title='bbox 604 2297 723 2340; x_wconf 92' lang='lat' dir='ltr'><strong>unde</strong></span> <span class='ocrx_word' id='word_1_301' title='bbox 746 2306 809 2339; x_wconf 88' lang='lat' dir='ltr'><strong>est</strong></span> <span class='ocrx_word' id='word_1_302' title='bbox 832 2298 952 2355; x_wconf 91' lang='lat' dir='ltr'><strong>quod</strong></span> <span class='ocrx_word' id='word_1_303' title='bbox 977 2296 1083 2340; x_wconf 85' lang='lat' dir='ltr'><strong>dicit</strong></span> <span class='ocrx_word' id='word_1_304' title='bbox 1102 2295 1323 2354; x_wconf 86' lang='lat' dir='ltr'><strong>apostolus</strong></span> <span class='ocrx_word' id='word_1_305' title='bbox 1352 2300 1518 2352; x_wconf 87' lang='lat' dir='ltr'><strong>Petrus,</strong></span> <span class='ocrx_word' id='word_1_306' title='bbox 1544 2318 1562 2338; x_wconf 86' lang='lat' dir='ltr'><strong>(t</strong></span> <span class='ocrx_word' id='word_1_307' title='bbox 1586 2299 1697 2352; x_wconf 83' lang='lat' dir='ltr'><strong>Quid</strong></span> 
     </span>
     <span class='ocr_line' id='line_1_32' title="bbox 309 2367 1696 2428; baseline 0.004 -22"><span class='ocrx_word' id='word_1_308' title='bbox 309 2384 327 2406; x_wconf 85' lang='lat'>»</span> <span class='ocrx_word' id='word_1_309' title='bbox 352 2367 524 2409; x_wconf 83' lang='lat' dir='ltr'><strong>tentatis</strong></span> <span class='ocrx_word' id='word_1_310' title='bbox 541 2370 694 2421; x_wconf 80' lang='lat' dir='ltr'><strong>Deum,</strong></span> <span class='ocrx_word' id='word_1_311' title='bbox 716 2369 940 2426; x_wconf 87' lang='lat' dir='ltr'><strong>imponere</strong></span> <span class='ocrx_word' id='word_1_312' title='bbox 957 2369 1113 2427; x_wconf 80' lang='lat' dir='ltr'><strong>jugum</strong></span> <span class='ocrx_word' id='word_1_313' title='bbox 1133 2383 1257 2426; x_wconf 86' lang='lat' dir='ltr'><strong>supra</strong></span> <span class='ocrx_word' id='word_1_314' title='bbox 1279 2367 1440 2411; x_wconf 89' lang='lat' dir='ltr'><strong>collum</strong></span> <span class='ocrx_word' id='word_1_315' title='bbox 1457 2368 1696 2428; x_wconf 84' lang='lat' dir='ltr'><strong>discipulo—</strong></span> 
     </span>
    </p>
   </div>
   <div class='ocr_carea' id='block_1_3' title="bbox 308 2468 1697 2567">
    <p class='ocr_par' dir='ltr' id='par_1_3' title="bbox 308 2468 1697 2567">
     <span class='ocr_line' id='line_1_33' title="bbox 354 2468 1697 2511; baseline 0.006 -13"><span class='ocrx_word' id='word_1_316' title='bbox 354 2475 361 2489; x_wconf 91' lang='lat'><em>¹</em></span> <span class='ocrx_word' id='word_1_317' title='bbox 388 2468 467 2499; x_wconf 81' lang='lat' dir='ltr'><strong>Psal.</strong></span> <span class='ocrx_word' id='word_1_318' title='bbox 489 2479 517 2505; x_wconf 55' lang='lat'><strong>11,</strong></span> <span class='ocrx_word' id='word_1_319' title='bbox 539 2480 570 2509; x_wconf 93' lang='lat'><strong>7.</strong></span> <span class='ocrx_word' id='word_1_320' title='bbox 587 2485 622 2491; x_wconf 91' lang='lat'>-</span> <span class='ocrx_word' id='word_1_321' title='bbox 646 2476 657 2490; x_wconf 66' lang='lat'><em>⁹</em></span> <span class='ocrx_word' id='word_1_322' title='bbox 678 2471 724 2500; x_wconf 79' lang='lat' dir='ltr'><strong>Id.</strong></span> <span class='ocrx_word' id='word_1_323' title='bbox 758 2480 878 2509; x_wconf 60' lang='lat' dir='ltr'><strong>(xxvii,</strong></span> <span class='ocrx_word' id='word_1_324' title='bbox 898 2470 929 2511; x_wconf 72' lang='grc'><strong>4.</strong></span> <span class='ocrx_word' id='word_1_325' title='bbox 950 2487 990 2491; x_wconf 88' lang='lat'><strong>—-</strong></span> <span class='ocrx_word' id='word_1_326' title='bbox 1008 2468 1021 2491; x_wconf 86' lang='lat'>3</span> <span class='ocrx_word' id='word_1_327' title='bbox 1041 2471 1085 2501; x_wconf 86' lang='lat' dir='ltr'><strong>Id.</strong></span> <span class='ocrx_word' id='word_1_328' title='bbox 1118 2480 1147 2509; x_wconf 83' lang='lat' dir='ltr'><strong>L,</strong></span> <span class='ocrx_word' id='word_1_329' title='bbox 1175 2478 1230 2510; x_wconf 80' lang='lat'><strong>22,</strong></span> <span class='ocrx_word' id='word_1_330' title='bbox 1260 2475 1324 2502; x_wconf 80' lang='lat' dir='ltr'><strong>ete.</strong></span> <span class='ocrx_word' id='word_1_331' title='bbox 1348 2487 1386 2492; x_wconf 86' lang='lat'><strong>—-</strong></span> <span class='ocrx_word' id='word_1_332' title='bbox 1402 2470 1485 2502; x_wconf 67' lang='lat' dir='ltr'><strong>41d.</strong></span> <span class='ocrx_word' id='word_1_333' title='bbox 1513 2483 1586 2507; x_wconf 76' lang='lat' dir='ltr'><strong>cxv,</strong></span> <span class='ocrx_word' id='word_1_334' title='bbox 1611 2484 1638 2505; x_wconf 85' lang='lat'><strong>1.</strong></span> <span class='ocrx_word' id='word_1_335' title='bbox 1656 2490 1697 2495; x_wconf 97' lang='lat'><strong>—</strong></span> 
     </span>
     <span class='ocr_line' id='line_1_34' title="bbox 308 2521 1560 2567; baseline 0.003 -15"><span class='ocrx_word' id='word_1_336' title='bbox 308 2521 320 2544; x_wconf 76' lang='lat'>⁵</span> <span class='ocrx_word' id='word_1_337' title='bbox 341 2530 358 2553; x_wconf 73' lang='lat'><strong>‘2</strong></span> <span class='ocrx_word' id='word_1_338' title='bbox 383 2525 454 2555; x_wconf 77' lang='lat' dir='ltr'><strong>tlor.</strong></span> <span class='ocrx_word' id='word_1_339' title='bbox 476 2533 519 2561; x_wconf 84' lang='lat' dir='ltr'><strong>iv,</strong></span> <span class='ocrx_word' id='word_1_340' title='bbox 544 2523 745 2555; x_wconf 65' lang='lat' dir='ltr'><strong>13.-‘²1s.÷i</strong></span> <span class='ocrx_word' id='word_1_341' title='bbox 781 2536 835 2563; x_wconf 76' lang='lat' dir='ltr'><strong>vn,</strong></span> <span class='ocrx_word' id='word_1_342' title='bbox 860 2525 908 2566; x_wconf 73' lang='grc'><strong>14.</strong></span> <span class='ocrx_word' id='word_1_343' title='bbox 929 2541 966 2546; x_wconf 74' lang='lat'><strong>—-</strong></span> <span class='ocrx_word' id='word_1_344' title='bbox 983 2533 995 2556; x_wconf 71' lang='grc' dir='ltr'><strong><em>Τ</em></strong></span> <span class='ocrx_word' id='word_1_345' title='bbox 1014 2524 1094 2556; x_wconf 67' lang='lat' dir='ltr'><strong>psat.</strong></span> <span class='ocrx_word' id='word_1_346' title='bbox 1116 2533 1206 2564; x_wconf 80' lang='lat' dir='ltr'><strong>xvnr,</strong></span> <span class='ocrx_word' id='word_1_347' title='bbox 1225 2525 1404 2557; x_wconf 68' lang='lat' dir='ltr'><strong>(5.-³1d.</strong></span> <span class='ocrx_word' id='word_1_348' title='bbox 1428 2536 1560 2567; x_wconf 73' lang='lat' dir='ltr'><strong>x1.1v,7.</strong></span> 
     </span>
    </p>
   </div>
  </div>
 </body>
</html>
