1804 3205
547 239 600 264 m:
633 239 773 266 amris
801 239 986 266 remon.
1381 235 1456 270 101

77 306 191 348 enim
213 305 293 348 sibi
313 305 508 364 objectis,
533 321 634 365 qum
650 321 724 350 sua
751 321 837 350 non
856 321 944 350 csse
968 308 1189 366 respondit
1206 342 1216 362 ‚
1238 306 1378 353 dictus
1397 321 1460 355 cst

75 377 306 436 reprobare
321 386 362 421 et
375 378 736 422 anathematizare
753 380 983 423 contraria.
1001 381 1190 424 Breviter
1202 395 1303 439 ergo
1324 390 1458 426 totam

74 452 196 493 istam
219 464 390 494 causam
415 450 489 503 ita,
510 450 542 493 si
561 465 803 509 possumus,
832 451 1098 510 colligamus

130 522 244 564 LXI.
294 520 509 573 Quoniam
546 536 716 566 necesse
756 531 847 566 crat
888 522 1057 581 impleri
1098 521 1218 584 quod
1255 523 1456 582 praedixit

69 592 288 652 apostolus
318 592 504 637 Paulus:
531 612 549 634 «
574 596 758 652 Oportet
791 603 833 638 et
871 596 1052 641 haercses
1071 611 1188 651 esse,
1215 605 1264 640 ut
1283 598 1454 656 probati

70 682 89 704 »
115 663 331 708 manifesti
356 666 461 709 liant
482 666 526 708 in
548 665 670 709 vobis
697 669 703 690 ¹
730 686 738 710 ε
770 684 789 706 »
826 677 921 724 post
943 677 1109 712 veteres
1137 669 1320 713 haereses
1341 705 1352 725 ‚
1384 670 1454 714 in-

63 745 185 780 vecta
204 736 336 780 etiam·
355 735 487 781 modo
504 737 677 781 haeresis
694 746 780 792 cst,
803 753 891 783 non
913 740 966 783 ah
994 741 1225 800 episcopiS‚
1245 756 1319 785 seu
1339 757 1451 802 pres-

63 807 225 864 byteris
244 843 254 861 ‚
289 808 355 851 vel
387 807 737 868 quibuscumque
776 810 942 855 clericis
967 846 977 865 ‚
1016 813 1088 856 sed
1127 828 1149 856 a
1188 812 1453 872 quibusdam

59 878 193 922 veluti
218 879 465 934 monachis,
486 896 586 940 quse
615 890 764 925 eontra
787 881 861 924 Dei
887 883 1089 940 gratiam,
1121 884 1360 943 quaenobis
1384 893 1448 928 est

59 965 137 1009 per
158 952 304 993 Jesum
324 951 543 995 Christum
566 953 799 996 Dominum
824 962 1038 1007 nostrum,
1060 963 1269 1014 tanquam
1288 955 1446 999 defen-

59 1020 204 1065 dendo
223 1021 406 1065 liberum
427 1022 652 1066 arbitrium
674 1058 684 1077 ‚
711 1022 951 1083 disputaret
972 1060 982 1079 ‚
1003 1034 1046 1069 et
1062 1035 1294 1070 conaretur
1315 1027 1454 1070 chris-

59 1092 185 1135 tianae
204 1089 305 1135 fidei
329 1093 657 1137 firmamentum
682 1103 900 1152 evertere,
924 1094 981 1139 de
1005 1111 1095 1156 quo
1117 1097 1327 1156 scriptum
1350 1106 1414 1141 est
1439 1115 1448 1142 :

60 1182 79 1204 «
107 1166 188 1206 Per
224 1177 364 1206 unum
407 1164 627 1208 hominem
668 1180 783 1210 mors
804 1200 815 1220 ‚
853 1175 896 1210 et
932 1181 1009 1225 per
1051 1183 1192 1212 unum
1228 1168 1453 1212 hominem

59 1253 78 1275 »
104 1236 360 1278 resurrectio
394 1245 668 1280 mortuorum
696 1256 704 1281 :
741 1237 852 1282 sicut
888 1238 1003 1282 enim
1040 1240 1086 1282 in
1124 1239 1265 1282 Adam
1301 1253 1451 1283 omnes

57 1325 77 1347 »
103 1307 366 1359 moriuntur,
387 1308 446 1351 sic
466 1308 566 1352 etin
589 1308 764 1353 Christo
786 1324 936 1353 omnes
958 1309 1328 1354 vivificabuntur²
1344 1328 1383 1354 z»
1405 1319 1449 1354 et

54 1376 99 1420 in
122 1377 288 1420 actibus
306 1377 463 1421 nostris
481 1378 559 1421 Dei
577 1377 845 1437 adjutorium
869 1380 1120 1437 denegaret,
1137 1379 1342 1433 dicendo,
1364 1399 1384 1421 «
1400 1389 1450 1425 ut

53 1461 141 1490 non
172 1461 401 1505 peccemus
419 1482 430 1501 ‚
455 1447 805 1507 impleamusque
824 1449 1037 1508 justitiam
1058 1484 1068 1504 ,
1100 1464 1224 1507 posse
1250 1450 1451 1494 sufficere

51 1527 253 1561 naturam
275 1518 512 1562 humanam
527 1553 537 1572 ,
559 1534 659 1578 quae
676 1520 853 1563 condita
869 1529 932 1563 est
950 1535 1050 1563 cum
1067 1520 1207 1564 libero
1231 1521 1411 1565 arbitrio
1437 1539 1448 1572 3

51 1603 233 1648 eamque
255 1604 343 1633 esse
361 1592 438 1633 Dei
462 1590 641 1647 gratiam
660 1625 670 1643 ‚
701 1591 801 1650 quia
825 1591 883 1635 sic
903 1591 1069 1636 conditi
1093 1607 1241 1636 sumus
1261 1627 1271 1642 ,
1292 1600 1343 1636 ut
1364 1593 1449 1636 hoc

50 1659 276 1704 voluntate
299 1661 509 1719 possimus
525 1695 537 1715 ‚
564 1670 606 1705 et
627 1660 749 1721 quod
767 1661 1031 1721 adjutorium
1058 1664 1186 1721 Legis
1215 1662 1447 1707 mandato-

51 1747 235 1791 rumque
264 1747 443 1776 suorum
480 1732 626 1787 dedit,
653 1742 696 1777 et
718 1733 839 1793 quod
866 1733 921 1777 ad
946 1749 992 1777 se
1028 1735 1243 1779 conversis
1273 1743 1450 1793 peccata

50 1803 461 1862 praeteritaignoscit
481 1822 528 1861 3»
548 1804 593 1847 in
610 1804 677 1849 his
699 1804 799 1849 solis
821 1819 910 1849 esse
930 1806 1007 1849 Dei
1031 1807 1211 1864 gratiam
1229 1806 1449 1864 deputan-

48 1873 148 1917 dam
169 1908 179 1928 ‚
205 1889 295 1919 non
326 1875 371 1918 in
404 1874 621 1934 adjutorio
654 1884 904 1919 nostrorum
938 1885 1118 1920 actuum
1152 1875 1438 1933 singulorum.

52 1962 71 1984 «
92 1948 219 1988 Posse
241 1945 357 1988 enim
378 1945 604 1988 hominem
626 1960 715 1989 esse
737 1946 829 1989 sinc
850 1954 1045 2004 peccato,
1073 1954 1114 1990 et
1138 1945 1344 1991 mandata
1367 1947 1445 1990 Dei

48 2013 173 2058 facile
196 2013 430 2068 custodire,
456 2014 489 2057 si
512 2014 668 2058 velit.»

105 2086 243 2128 [ΧΠ.
263 2087 347 2129 Ista
370 2084 542 2129 haeresis
562 2100 662 2129 cum
680 2085 891 2144 plurimos
910 2086 1151 2145 decepisset
1166 2121 1177 2141 ‚
1204 2095 1246 2130 et
1270 2086 1441 2139 fratres,

45 2169 154 2214 quos
170 2169 260 2199 non
282 2155 525 2214 deceperat,
546 2156 829 2200 conturbaret
848 2192 863 2211 ,
888 2156 1119 2201 Coelestius
1135 2155 1313 2216 quidam
1337 2156 1440 2200 talia

44 2226 247 2280 sentiens,
274 2224 329 2270 ad
347 2225 563 2285 judicium
579 2227 943 2285 Carthaginiensis
962 2227 1166 2272 Ecclesiae
1181 2226 1438 2286 perductus,

48 2296 349 2355 episcoporum
375 2297 587 2341 sententia
607 2298 922 2342 condemnatus
956 2307 1019 2342 est
1049 2299 1127 2355 (5).
1155 2295 1321 2341 Deinde
1345 2306 1442 2355 post

49 2364 215 2426 aliquot
250 2381 384 2411 annos
419 2366 593 2426 Pelagio
613 2402 624 2423 ,
649 2368 724 2428 qui
755 2369 963 2427 magister
985 2369 1076 2428 ejus
1104 2367 1408 2427 perhiberetur
1429 2389 1440 2425 3

49 2449 151 2478 cum
179 2435 258 2478 ista
278 2435 452 2479 haeresis
482 2434 634 2480 fuisset
656 2436 824 2495 objecta
845 2472 856 2492 ‚
883 2436 937 2481 ad
961 2435 1204 2496 epiScopale
1229 2436 1443 2495 judicium

48 2505 176 2549 etiam
199 2504 288 2563 ipse
313 2505 510 2563 pervenit
540 2507 627 2563 (6)
654 2525 662 2550 :
688 2506 965 2566 recitatisque
997 2506 1232 2559 omnibus,
1267 2521 1367 2564 quae
1401 2506 1443 2547 in

98 2594 105 2609 ¹
132 2598 143 2619 1
163 2589 237 2620 Cor.
262 2599 306 2627 xi,
330 2599 381 2630 19·
401 2595 464 2611 —2
490 2589 524 2621 Id
558 2599 612 2629 xv,
633 2597 684 2621 21.
