1784 3205
338 226 419 264 278
767 238 799 263 s.
836 234 1065 262 AUGUSTINI
1100 236 1280 265 EPISCOPI

340 303 460 348 Sicut
480 302 588 346 alius
610 300 783 357 dicitur,
800 302 995 361 quamvis
1016 300 1129 344 idem
1146 302 1236 360 ipse
1258 303 1311 346 sit
1327 302 1475 354 homo,
1488 302 1566 361 qui
1581 311 1719 346 muta-

339 373 450 419 verit
477 373 610 418 vitam
641 373 728 417 sive
762 373 803 416 in
840 371 1019 426 melius,
1060 371 1147 416 sive
1180 373 1224 416 in
1256 371 1446 416 deterius
1473 391 1481 416 ε
1515 372 1630 415 aliud
1656 382 1719 416 est

333 444 448 488 enim
466 444 622 503 justuS‚
648 442 764 487 aliud
789 451 1015 501 peccator3
1033 444 1230 501 quamvis
1254 443 1367 486 idern
1387 444 1478 501 ipse
1494 443 1547 486 sit
1569 443 1714 487 homo.

333 514 401 559 Sic
414 513 507 558 aliae
529 514 695 573 nuptiae
715 514 806 558 sine
824 512 1029 572 pudenda
1046 512 1251 568 libidine,
1274 513 1370 556 aliae
1389 528 1488 557 cum
1512 512 1717 571 pudenda

260 638 263 640 q
330 585 512 629 libidine
546 605 554 629 :
594 601 694 629 cum
728 594 874 628 tamen
901 584 1142 629 secundum
1173 585 1527 628 constitutionem
1562 586 1712 639 suam,

265 648 277 671 ⁷
330 671 416 714 qua
448 655 639 714 legitime
660 655 941 715 conjungitur
975 655 1130 699 mulier
1166 655 1286 710 viro,
1317 664 1360 698 et
1396 654 1502 698 fides
1536 654 1717 699 carnalis

331 725 466 769 debiti
489 726 544 769 ab
568 724 884 769 adulteriorum
907 735 1085 785 peccato
1101 735 1296 770 servatur
1316 726 1518 787 immun-is
1534 760 1544 780 ‚
1571 734 1614 768 et
1634 725 1718 770 hoc

325 810 446 840 more
466 795 660 853 legitimo
678 795 754 839 filii
777 796 1068 850 seminantur,
1091 795 1255 840 eaedem
1279 797 1382 855 ipsae
1402 785 1503 839 sunt
1525 795 1690 854 nuptiae
1704 830 1715 850 ‚

325 882 432 926 quas
453 870 567 910 Deus
589 867 804 924 instituit3
827 867 1023 927 quamvis
1047 866 1247 911 diabolus
1269 882 1357 911 non
1381 867 1517 925 ipsas,
1543 866 1617 909 sed
1640 866 1719 909 ho-

329 937 463 981 mines
480 953 532 980 ex
548 937 707 997 quibus
726 938 891 996 nuptiae
912 938 1040 991 fiunt,
1062 938 1240 997 antiqua
1258 937 1423 996 peccati
1444 936 1718 994 persuasione

197 1026 201 1033 2
235 1008 238 1011 ’
259 999 265 1018 ‘³
325 1008 593 1061 sauciaverit,
619 1007 929 1050 inobedientiae
951 1007 1254 1066 persuadendo
1277 1016 1523 1066 peccatum,
1549 1007 1619 1050 cui
1642 1021 1718 1064 per

330 1077 526 1121 divinum
565 1077 778 1137 judicium
823 1077 1119 1122 inobedientia
1158 1079 1454 1122 membrorum
1502 1077 1719 1136 reciproca

326 1147 581 1191 redderetur
611 1169 622 1204 3
648 1148 691 1190 in
722 1164 807 1206 qua
841 1148 1087 1207 conjugati,
1120 1149 1316 1207 quamvis
1349 1148 1605 1191 erubuerint
1637 1162 1719 1190 nu-

328 1216 510 1261 ditatem
547 1233 668 1261 suam
690 1253 700 1271 ‚
732 1219 983 1276 nuptiarum
1008 1227 1152 1261 tamen
1190 1234 1211 1261 a
1242 1221 1330 1261 Deo
1353 1218 1593 1261 institutam
1631 1232 1718 1261 non

328 1289 447 1332 omni
470 1287 601 1332 modo
616 1296 855 1346 potuerunt
875 1288 1072 1331 amittere
1095 1288 1350 1332 bonitatem.

385 1361 474 1402 LV.
526 1359 637 1402 Hinc
665 1359 744 1401 iste
769 1358 906 1416 pergit
928 1357 981 1400 ab
1005 1359 1063 1401 eis
1091 1358 1166 1416 qui
1189 1359 1519 1417 conjunguntur
1536 1393 1546 1412 ‚
1574 1356 1628 1401 ad
1646 1372 1718 1401 eos

326 1430 403 1488 qui
437 1429 679 1486 gignuntur
700 1463 709 1482 ,
753 1437 928 1486 propter
964 1443 1072 1487 quos
1109 1428 1153 1471 in
1186 1428 1268 1472 hac
1307 1428 1548 1487 quaestione
1587 1427 1716 1471 tantis

328 1497 530 1542 adversus
565 1511 700 1542 novos
723 1499 948 1542 haereticos
978 1498 1345 1558 disputationibus
1368 1499 1612 1543 laboramus
1641 1518 1649 1542 :
1675 1508 1718 1542 et

326 1567 499 1614 occulto
525 1569 602 1612 Dei
624 1568 873 1628 compulsus
897 1569 1105 1613 instinctu
1126 1570 1233 1614 dicit
1258 1569 1449 1629 aliquid,
1478 1570 1553 1613 ubi
1575 1578 1716 1613 totum

324 1640 453 1684 istum
473 1640 639 1683 nodum
657 1655 732 1683 sua
751 1639 1020 1683 confessione
1038 1639 1247 1684 dissolvit.
1266 1640 1427 1683 Volens
1455 1641 1569 1683 enim
1592 1639 1717 1683 nobis

327 1711 532 1769 majorem
571 1709 777 1753 invidiam
809 1724 1082 1754 commovere
1104 1745 1113 1763 ‚
1146 1710 1246 1768 quia
1284 1709 1468 1753 dicimus
1504 1710 1634 1752 etiam
1662 1709 1716 1752 de

327 1781 532 1839 legitimis
550 1781 712 1840 nuptiis
733 1781 813 1824 sub
832 1788 1010 1839 peccato
1032 1779 1234 1838 parvulos
1257 1780 1372 1823 nasci
1394 1799 1401 1823 :
1428 1798 1447 1821 (ι
1470 1779 1572 1824 Illos
1594 1795 1714 1838 ergo,

326 1851 484 1910 inquit,
501 1851 575 1911 qui
594 1865 823 1910 nunquam
838 1851 925 1893 nati
947 1859 1065 1904 sunt,
1094 1851 1230 1893 bonos
1249 1850 1437 1908 potuisse
1459 1865 1549 1893 esse
1572 1849 1677 1893 dicis
1704 1869 1712 1894 2

328 1922 432 1965 istos
455 1937 557 1966 vero
575 1923 650 1981 qui
664 1921 879 1966 mundum
905 1920 1222 1980 impleverunt,
1243 1936 1322 1980 pro
1344 1922 1503 1980 quibus
1521 1921 1716 1966 Christus

328 2001 527 2035 mortuus
547 2001 626 2045 est,
642 1991 805 2035 diaboli
824 2007 933 2049 opus
950 2000 993 2034 et
1010 1990 1064 2034 de
1082 1991 1237 2035 morbo
1256 2001 1393 2045 natOS,
1411 2000 1454 2035 et
1471 1991 1524 2034 ab
1542 1991 1716 2035 exordio

328 2076 423 2105 reos
443 2062 609 2104 definis.
643 2062 826 2105 Probavi
847 2061 1016 2119 itaque,
1037 2062 1204 2120 inquit,
1232 2060 1340 2104 nihil
1363 2070 1405 2105 te
1428 2059 1546 2105 aliud
1570 2076 1712 2119 agere,

328 2147 458 2190 quam
482 2141 530 2175 ut
555 2134 692 2174 Deum
715 2146 844 2190 neges
870 2132 1043 2184 horum,
1069 2132 1141 2190 qui
1167 2140 1283 2184 sunt,
1309 2132 1539 2175 hominum
1561 2131 1716 2175 condi-

330 2210 481 2246 torem.
525 2220 544 2243 »
591 2204 682 2260 Ego
718 2203 893 2261 quidem
929 2201 1199 2245 conditorem
1235 2202 1460 2245 hominum
1494 2202 1714 2260 omnium,

327 2272 523 2330 quamvis
555 2287 705 2316 omnes
731 2272 812 2315 sub
847 2280 1025 2330 peccato
1056 2280 1317 2326 nascantur,
1351 2280 1394 2314 et
1427 2281 1605 2330 pereant
1637 2272 1717 2315 nisi

325 2351 605 2386 renascantur
626 2378 636 2397 ‚
658 2358 747 2386 non
769 2342 870 2386 dico
893 2343 971 2385 nisi
995 2345 1148 2385 Deum.
1170 2342 1333 2385 Vitium
1358 2342 1522 2400 quippe
1539 2341 1716 2385 insemi-

288 2437 293 2441 -
323 2421 474 2456 natum
493 2422 556 2456 est
578 2414 854 2471 persuasione
876 2412 1063 2467 diaboli,
1090 2427 1166 2471 per
1183 2411 1302 2471 quod
1323 2413 1404 2456 sub
1429 2421 1607 2471 peccato
1625 2413 1714 2455 nati

322 2492 438 2537 sunt,
459 2498 547 2526 non
567 2492 721 2526 natura
739 2484 914 2527 condita
934 2499 1019 2542 qua
1040 2483 1236 2527 homines
1256 2493 1373 2526 sunt.
1393 2482 1548 2526 Libido
1568 2491 1713 2526 autem

328 2552 529 2611 pudenda
554 2569 637 2595 non
668 2563 836 2595 moveat
859 2553 1047 2595 membra
1068 2589 1078 2606 ‚
1112 2554 1190 2596 nisi
1214 2553 1390 2611 quando
1416 2552 1617 2597 volumus
1635 2588 1645 2607 a
1671 2562 1712 2596 et
1769 2579 1774 2582 ·
