1784 3205
315 177 369 214 72
742 183 775 214 s.
813 182 1044 214 Anausnm
1078 185 1258 214 EPISCOPI

315 251 460 297 medio
477 261 673 312 tempore
698 252 812 296 inter
835 251 1129 296 remissionem
1153 260 1428 311 peccatorum
1455 266 1553 310 quae
1576 252 1626 296 fit
1652 252 1697 295 in

316 324 503 378 lavacro,
529 332 571 367 et
592 325 939 383 permansionem
961 323 1052 366 sine
1075 324 1259 382 peccatis
1282 338 1381 382 quae
1403 322 1550 366 futura
1570 331 1633 366 est
1654 323 1698 365 in

315 411 465 455 regno,
484 411 582 439 cum
600 395 769 453 Pelagio
790 394 896 438 nihil
915 403 978 438 est
999 403 1157 450 actum,
1179 394 1285 438 nihil
1301 395 1353 438 ab
1373 393 1582 453 episcopis
1604 408 1700 452 pro-

314 469 564 512 nuntiatum
593 486 601 511 :
630 466 705 510 sed
726 475 895 510 tantum
919 466 1002 511 hoc
1018 466 1139 526 quod
1156 467 1346 510 breviter
1366 463 1700 523 significandum

317 540 500 598 putavit,
530 553 619 582 non
636 552 680 581 se
713 537 772 580 ita
800 536 972 592 dixisse,
1000 547 1050 581 ut
1073 536 1303 581 videbatur
1326 536 1563 595 objectum.
1589 536 1699 579 Cum

317 611 433 654 enim
463 611 546 653 hoc
572 609 646 662 ait,
680 627 699 648 «
735 608 908 652 Dictum
931 617 994 652 est
1014 624 1037 652 a
1061 608 1201 662 nobis,
1226 608 1301 652 sed
1327 608 1385 651 ita
1411 626 1420 651 ;
1448 624 1468 647 »
1500 605 1608 665 quid
1632 620 1703 650 vo-

316 680 398 723 luit
431 679 580 733 videri,
614 677 695 720 nisi
730 693 819 722 non
847 679 922 733 ita,
955 678 1327 738 quemadmodum
1356 676 1525 731 dixisse,
1559 676 1614 719 ab
1638 675 1703 718 his

316 750 392 808 qui
416 750 681 808 objecerant,
706 748 996 792 credebatur?
1016 749 1131 801 Quid
1154 758 1300 792 tamen
1329 748 1464 792 secuti
1489 747 1575 790 sint
1593 746 1704 805 judi-

317 835 400 874 ces,
426 828 475 862 ut
504 819 699 863 dicerent
717 819 798 862 sibi
827 819 911 863 hoc
936 818 1123 877 placere,
1150 818 1194 861 id
1224 827 1303 873 est,
1329 819 1594 876 baptismum
1617 831 1705 876 quo

318 890 511 934 abluitur
534 905 556 934 a
582 891 791 948 peccatis,
821 898 863 933 et
893 904 1074 947 regnum
1099 888 1175 932 ubi
1198 888 1472 947 permanebit
1493 888 1585 931 sine
1610 902 1706 945 pec-

318 961 422 1004 catis
438 969 598 1014 sancta,
617 976 717 1019 quae
735 975 851 1003 nunc
871 961 1126 1014 mundatur,
1149 958 1355 1013 Ecclesia,
1376 958 1474 1002 satis
1491 965 1707 1017 quantum

318 1031 512 1075 existimo
537 1040 730 1089 apparet.

378 1103 540 1145 XXIX.
557 1101 724 1144 Deinde
746 1100 916 1159 objecta
939 1108 1040 1143 sunt
1068 1100 1122 1143 de
1141 1099 1274 1143 Libro
1295 1099 1506 1154 Coelestii‚
1532 1098 1642 1159 quid
1664 1097 1708 1140 in

320 1186 588 1230 unoquoque
611 1170 802 1230 capitulo
822 1170 1056 1224 contineat,
1079 1170 1213 1227 magis
1235 1169 1476 1213 secundum
1505 1183 1677 1213 sensum
1697 1202 1706 1218 ‚

319 1256 450 1300 quam
473 1240 712 1284 secundum
732 1241 861 1284 verba
879 1259 887 1284 :
908 1255 1006 1299 quae
1023 1239 1201 1299 quidem
1225 1240 1298 1283 ille
1315 1240 1442 1283 latius
1459 1239 1707 1298 exequitur3

321 1310 394 1354 sed
408 1319 514 1354 tunc
532 1310 745 1369 subjicere
761 1311 921 1364 omnia,
948 1311 1023 1369 qui
1038 1309 1236 1353 libellum
1261 1308 1464 1354 adversus
1487 1309 1708 1366 Pelagium

322 1379 560 1433 dederunt,
577 1395 620 1422 se
642 1395 730 1423 non
752 1380 917 1438 potuiss
935 1379 1152 1423 dixerunt.
1181 1382 1297 1438 Ergo
1314 1380 1358 1423 in
1384 1380 1523 1438 primo
1540 1379 1709 1438 capitu-

321 1441 417 1493 tulo
434 1449 554 1492 Libri
577 1448 770 1493 Coelestii
792 1450 875 1493 hoc
906 1450 1117 1508 scriptum
1140 1464 1229 1493 esse
1252 1459 1492 1507 posuerunt
1517 1468 1525 1493 :
1555 1468 1574 1490 «
1593 1451 1712 1501 Quo-

321 1521 437 1563 niam
456 1520 552 1578 plus
569 1519 766 1573 facimus,
787 1534 918 1578 quam
936 1519 982 1562 in
997 1522 1110 1577 Lege
1129 1529 1172 1563 et
1194 1520 1429 1577 Evangelio
1443 1521 1608 1579 jussum
1632 1528 1708 1562 est.

323 1590 390 1634 Ad
406 1590 527 1648 quod
551 1590 748 1648 Pelagius
771 1588 993 1648 respondit
1013 1608 1021 1634 :
1043 1608 1061 1631 «
1091 1593 1182 1639 Hoc
1197 1591 1319 1648 quasi
1335 1600 1532 1634 nostrum
1555 1605 1713 1648 posueo

324 1669 426 1704 runt
451 1680 459 1704 :
495 1659 662 1704 dictum
682 1669 745 1703 est
767 1674 868 1703 vero
898 1675 921 1703 a
950 1660 1073 1704 nobis
1101 1660 1343 1704 secundum
1368 1659 1625 1719 Apostolum
1659 1661 1713 1703 de

322 1731 595 1789 virginitate,
621 1730 675 1774 de
705 1746 791 1790 qua
820 1730 980 1774 Paulus
1010 1730 1114 1774 dicit
1141 1750 1148 1774 :
1186 1749 1204 1772 ι(
1234 1734 1503 1789 Praeceptum
1540 1730 1713 1774 Domini

327 1819 348 1842 »
374 1816 463 1844 non
485 1801 626 1844 habeo
642 1803 670 1843 ¹.
691 1818 711 1840 »
728 1800 928 1856 Synodus
946 1799 1073 1844 dixit:
1091 1819 1109 1840 «
1127 1803 1220 1844 Hoc
1238 1810 1281 1844 et
1302 1800 1491 1844 Ecclesia
1514 1801 1709 1858 recipit.»

326 1871 430 1928 Legi
449 1885 543 1927 ego,
559 1886 648 1929 quo
670 1885 799 1913 sensu
821 1870 866 1913 id
888 1869 1121 1914 Coelestius
1141 1871 1186 1913 in
1205 1869 1319 1914 libro
1338 1887 1416 1915 suo
1433 1870 1624 1930 posuerit
1648 1890 1656 1914 :
1682 1871 1714 1914 si

326 1950 471 1984 tamen
494 1955 593 1983 eum
615 1955 740 1983 suum
770 1955 860 1984 esse
889 1955 979 1984 non
1010 1949 1152 1998 negat,
1183 1941 1296 1984 Dixit
1327 1941 1442 1984 enim
1480 1942 1589 1996 hoo,
1626 1942 1714 2000 estio

324 2008 528 2053 videlicet
552 2010 830 2068 persuaderet
855 2045 865 2065 ,
896 2019 1061 2054 tantam
1099 2026 1177 2055 nos
1214 2011 1373 2055 habere
1405 2027 1482 2071 per
1512 2020 1713 2055 naturam

326 2079 450 2122 liberi
474 2080 639 2123 arbitrii
661 2097 749 2125 non
772 2081 981 2140 peccandi
1004 2080 1332 2140 possibilitatem
1353 2117 1364 2136 ,
1389 2091 1439 2126 ut
1461 2082 1560 2141 plus
1583 2083 1711 2126 etiam

326 2164 458 2208 quam
471 2161 736 2209 praeceptum
755 2161 818 2195 est
835 2150 1041 2196 faciamus
1055 2173 1067 2210 3
1080 2152 1285 2211 quoniam
1300 2161 1507 2211 perpetua
1520 2162 1714 2196 servatur

327 2235 350 2262 a
373 2219 590 2280 plerisque
605 2222 848 2280 virginitas⁹
867 2239 965 2282 quae
982 2232 1199 2283 praecepta
1221 2238 1313 2267 non
1331 2232 1409 2277 est,
1433 2238 1532 2266 cum
1550 2222 1605 2266 ad
1623 2238 1711 2267 non

328 2290 598 2347 peccandum
615 2302 831 2351 praecepta
852 2293 1031 2352 implere
1051 2293 1252 2338 sufficiat.
1276 2293 1404 2346 Quod
1426 2303 1570 2337 autem
1593 2310 1616 2337 a
1634 2296 1711 2337 Pe·

329 2359 441 2415 lagio
462 2375 711 2418 responsum
734 2372 812 2418 est,
833 2373 882 2407 ut
898 2365 1189 2423 approbarent
1199 2363 1383 2424 judices,
1402 2379 1490 2408 non
1511 2364 1571 2407 sic
1593 2378 1712 2407 acce-

331 2439 507 2486 perunt,
534 2439 742 2490 tanquam
762 2434 908 2479 omnia
924 2435 1048 2492 Legis
1066 2444 1109 2479 et
1126 2434 1351 2493 Evangelii
1374 2443 1589 2494 praecepta
1611 2449 1711 2477 cus-

384 2519 393 2534 ¹
416 2524 425 2543 1
446 2515 518 2547 Cor.
539 2525 595 2555 vn,
615 2515 667 2547 25.
