1804 3205
292 223 341 247 nt:
382 223 541 246 xlviii>
577 224 626 247 m*
659 222 1028 258 r.‹·ivct¹1·iscr;iv1m‚
1070 226 1146 250 mu.
1190 227 1232 250 ιι.
1376 218 1452 253 2457

68 296 110 330 et
131 286 296 330 dixin«
319 291 418 330 nme
433 288 659 331 vocabitur
678 291 789 339 Vita,
808 290 1013 347 «proniani
1032 299 1168 334 mater
1186 293 1456 336 estoninium

71 358 296 401 hominum
331 361 359 400 ¹.
398 379 414 398 »
449 361 543 403 Non
578 359 755 417 quidem
793 360 847 403 iia
880 361 1086 419 scriptum
1116 370 1214 405 est:
1253 362 1326 405 sed
1353 362 1459 421 quid

67 427 122 472 ad
145 443 222 472 nos
245 432 264 470 ’ἑ
287 427 395 473 solet
412 429 528 472 enim
552 430 747 473 accidere
762 464 772 483 ‚
801 439 846 474 ut
872 431 1075 475 memoria
1096 430 1217 475 fallat
1236 433 1277 475 in
1298 433 1455 486 verbis,

66 498 172 543 dum
188 508 330 543 tamen
353 500 566 544 sententia
591 510 805 544 teneatur.
825 505 910 546 Nec
934 505 1036 547 Evae
1049 517 1226 556 nomen,
1250 512 1296 547 ut
1315 503 1459 563 appel-

66 569 345 625 laretanita,
368 571 715 630 Deusimposuit,
732 574 806 615 sed
822 574 1014 617 maritus.
1040 574 1108 619 Sic
1128 576 1242 618 enirn
1268 574 1429 633 legitur
1449 594 1457 618 ;

69 658 90 681 «
110 642 166 684 Et
189 641 356 684 vocavit
379 640 517 684 Adam
541 656 702 685 nornen
726 643 870 686 uxoris
894 659 982 686 suae
997 644 1111 698 Vita,
1136 644 1345 704 quoniam
1371 645 1460 703 ipsa

71 726 89 751 u
112 720 252 755 mater
274 721 337 756 est
355 712 551 756 omnium
574 713 816 757 viventium
842 717 873 757 ².
906 734 923 756 »
958 714 1041 759 Sed
1076 716 1157 759 hoe
1190 715 1379 760 fortassis
1403 716 1461 760 ita

67 781 326 826 intellexerit
347 817 357 836 ,
385 792 434 826 ut
458 786 570 828 Deus
603 799 681 842 per
704 784 842 829 Adam
868 800 1028 829 nornen
1060 785 1170 830 illud
1195 789 1298 830 Evae
1318 787 1460 845 impo-

64 852 197 896 suisse
227 851 430 896 credatur
451 888 460 906 ‚
499 862 705 913 tanquam
732 869 808 913 per
842 856 1119 914 Proplietam.
1148 859 1256 901 Nam
1292 857 1338 899 in
1379 857 1460 901 hoe

63 923 183 981 quod
206 923 419 982 appellata
443 933 505 968 est
522 925 615 967 Vita
640 934 867 984 materque
889 927 1145 980 viventium,
1168 942 1374 984 magnum
1398 936 1462 971 est

64 994 268 1038 Ecclesiae
290 1004 607 1039 sacramentum
623 1030 633 1050 ‚
662 995 780 1039 unde
804 1011 921 1040 nune
944 997 1150 1040 disserere
1172 996 1354 1055 longum
1377 1008 1456 1051 est,

64 1073 106 1109 et
143 1074 343 1125 suscepto
374 1067 493 1125 operi
524 1081 610 1111 non
641 1067 947 1110 necessarium.
986 1069 1094 1113 Nam
1128 1076 1170 1111 et
1200 1067 1309 1112 illud
1338 1069 1459 1127 quod

61 1135 167 1180 dicit
187 1136 420 1195 Apostolus
446 1155 455 1181 ε
491 1156 509 1179 «
540 1140 868 1182 Sacramentum
908 1139 990 1183 hoc
1023 1152 1225 1195 magnum
1256 1149 1349 1193 est,
1377 1154 1458 1198 ego

65 1224 85 1247 »
117 1216 261 1252 autem
293 1206 390 1252 dico
418 1208 464 1251 in
492 1208 665 1253 Christo
693 1218 736 1253 et
766 1209 811 1252 in
845 1209 1037 1253 Ecclesia
1063 1211 1077 1234 ³
1106 1244 1116 1264 ‚
1146 1228 1165 1250 »
1197 1210 1287 1268 ipse
1317 1209 1457 1254 Adam

62 1276 169 1322 dixit
192 1297 200 1322 :
225 1296 245 1319 «
271 1281 453 1337 Propter
476 1278 558 1322 boc
582 1279 799 1338 relinquet
828 1280 961 1323 homo
984 1288 1164 1323 matrem
1188 1289 1231 1324 et
1254 1289 1420 1339 patrem
1442 1315 1452 1334 ,

64 1365 85 1389 »
116 1357 160 1393 et
181 1349 419 1393 adhaerebit
441 1349 563 1394 uxori
585 1365 673 1393 suae
695 1385 705 1402 ,
731 1359 774 1394 et
798 1360 926 1394 erunt
949 1350 1038 1395 cluo
1060 1351 1104 1394 in
1131 1366 1260 1395 carne
1283 1353 1404 1395 una⁴.
1431 1370 1451 1391 n

62 1419 191 1472 Quod
219 1429 365 1464 tamen
399 1421 608 1465 Dominus
635 1423 756 1465 Jesus
786 1422 830 1464 in
864 1422 1101 1480 Evangelio
1135 1425 1274 1466 Deum
1304 1422 1456 1466 dixisse

61 1499 399 1535 commemorat:
422 1492 523 1550 quia
547 1494 661 1535 Deus
685 1492 839 1551 utique
857 1506 934 1550 per
956 1493 1176 1536 hominem
1195 1492 1318 1547 dixit,
1335 1492 1456 1551 quod

60 1561 193 1606 homo
221 1562 526 1621 prophetando
553 1562 752 1621 praeclixit
779 1565 808 1606 ⁵.
842 1565 958 1621 Ergo
990 1578 1089 1622 quae
1119 1572 1365 1623 sequuntur
1386 1564 1455 1607 in-

62 1640 183 1676 tuere
208 1652 217 1677 :
242 1651 262 1674 «
289 1634 459 1688 Prima,
496 1633 639 1692 inquit
660 1667 670 1686 ‚
699 1631 1020 1691 appellatione,
1046 1634 1122 1693 qui
1152 1634 1272 1692 operi
1306 1643 1454 1692 parata
1489 1666 1493 1671 ·

62 1711 199 1758 esset,
226 1703 440 1758 ostendit,
473 1712 515 1747 et
536 1702 644 1747 dixit
671 1722 679 1747 ε
717 1723 735 1744 «
761 1705 950 1748 Crescite
973 1739 982 1757 ‚
1009 1713 1051 1747 et
1079 1704 1450 1764 multiplicamini,

66 1791 86 1815 »
110 1782 153 1818 et
174 1774 338 1834 replete
356 1784 512 1818 terram
527 1776 558 1817 ⁰.
582 1793 602 1816 »
630 1775 734 1827 Quis
757 1776 872 1819 enim
895 1784 1090 1819 nostrum
1120 1786 1246 1832 negat
1269 1776 1322 1820 ad
1346 1792 1454 1835 opus

61 1844 258 1903 pariendi
282 1860 305 1888 a
328 1844 514 1888 Domino
534 1847 624 1888 Deo
648 1855 843 1889 creatore
863 1845 1061 1888 omnium
1086 1845 1303 1889 bonorum
1335 1847 1454 1890 bono

32 1946 38 1952 -
62 1923 348 1974 praeparatam
368 1913 498 1958 fuisse
521 1914 779 1958 mulierem?
801 1914 958 1959 Adhuc
975 1914 1072 1959 vide
1090 1914 1198 1975 quid
1220 1915 1449 1975 adjungat:
1488 1936 1496 1957 ι.
1554 1905 1558 1909 ’

67 2002 86 2026 (ι
113 1987 226 2029 Deus
248 1984 410 2042 igitur,
436 1984 604 2044 inquit,
638 1985 766 2028 maris
797 1994 965 2029 creator
993 1994 1036 2029 et
1064 1984 1258 2029 foeminae
1291 2001 1452 2031 conve-

62 2055 225 2099 nientia
250 2055 600 2113 generationibus
616 2056 814 2099 membra
832 2056 1052 2110 formavit,
1075 2065 1118 2099 et
1141 2056 1257 2113 gigni
1271 2072 1453 2116 corpora

62 2125 116 2169 de
140 2126 394 2185 corporibus
428 2126 643 2169 ordinavit
666 2147 676 2182 3
713 2141 901 2185 quorum
931 2135 1078 2170 tamen
1105 2126 1349 2171 efficientiae
1371 2143 1452 2187 po-

63 2195 198 2239 tentia
220 2196 481 2255 operationis
503 2196 736 2239 intervenit
753 2231 762 2249 ‚
789 2211 919 2240 omne
941 2197 1062 2256 quod
1085 2206 1149 2241 est
1174 2212 1222 2241 ea
1246 2197 1453 2240 adminis-

64 2275 181 2311 trans
203 2266 364 2311 virtute
386 2282 472 2326 qua
495 2266 707 2310 condidit.
746 2284 766 2306 »
794 2267 935 2310 Etiam
965 2267 1049 2310 hoc
1071 2282 1160 2310 esse
1188 2266 1452 2312 catholicum

63 2338 339 2382 confitemur.
365 2339 422 2381 Et
443 2336 563 2396 quod
581 2337 739 2380 deinde
758 2337 984 2395 subjungit
1011 2356 1046 2381 z«
1065 2338 1107 2381 Si
1121 2337 1269 2396 igitur,
1288 2338 1448 2398 inquit,

63 2423 153 2452 non
175 2408 256 2452 nisi
277 2423 353 2468 per
371 2423 519 2452 sexum
542 2408 692 2462 foetus,
719 2422 806 2451 non
829 2408 909 2451 nisi
934 2422 1011 2466 per
1027 2422 1184 2467 corpus
1201 2424 1340 2464 sexus,
1361 2425 1451 2454 non

111 2518 120 2533 1
148 2512 228 2545 Gen.
252 2523 286 2553 u,
314 2520 370 2545 22.
391 2529 432 2534 —
451 2518 463 2534 ²
484 2512 530 2543 Id.
562 2522 611 2551 ιιι,
641 2518 692 2543 20.
710 2526 750 2534 -—·
769 2508 781 2534 3
799 2509 916 2552 Epth.
945 2521 979 2551 v,
1000 2508 1052 2544 32.
1072 2507 1143 2542 -4
1169 2514 1246 2544 Gen.
1281 2521 1315 2551 ιι,
1336 2510 1388 2552 24.
1408 2527 1449 2534 -

65 2564 80 2589 5
97 2566 212 2601 Matth.
234 2578 303 2608 xix,
323 2566 353 2608 4.
369 2566 436 2591 —'⁵
456 2569 535 2600 Gen.
555 2577 578 2608 1,
595 2566 649 2599 28.
