1804 3205
330 227 490 255 comm
525 227 630 255 mas
665 228 794 255 nmsr.
832 228 1058 257 remoram.
1098 230 1176 255 Lm.
1218 231 1244 256 1.
1399 218 1479 258 423

99 310 120 336 »
139 294 229 352 jam
251 306 341 338 non
357 306 438 349 ego
456 306 611 350 operor
626 290 735 336 illud
751 293 780 334 ¹.
804 310 823 332 υ
850 292 917 336 Ad
935 292 1017 337 hoc
1034 293 1151 337 enim
1169 294 1356 352 pertinet
1373 293 1481 340 illud

93 361 215 423 quod
234 362 294 406 ait
310 370 353 406 et
371 370 519 421 postea
540 381 549 407 2
575 381 594 404 «
616 360 743 408 Nulla
762 376 863 420 ergo
879 362 1187 409 condemnatio
1204 372 1267 407 est
1286 378 1402 408 nunc
1417 365 1482 409 his

96 452 118 476 »
141 433 217 494 qui
235 441 338 479 sunt
355 432 400 478 in
420 433 595 478 Christo
612 435 756 477 Jcsu2.
781 452 800 474 »
821 435 877 478 Et
893 433 996 493 quia
1013 448 1101 479 non
1115 433 1242 479 video
1259 434 1483 493 quomodo

94 504 259 549 diceret
282 505 414 548 homo
435 503 516 547 sub
537 503 660 562 lege3
688 523 708 545 α
728 503 1019 551 Condclcctor
1038 504 1125 563 legi
1143 505 1219 549 Dei
1242 504 1480 549 secundum

96 593 118 619 »
143 575 392 621 interiorem
412 575 635 620 hominem
649 577 664 600 ³³
690 593 698 619 ι
724 593 744 617 »
766 590 864 620 cum
884 575 974 636 ipsa
991 574 1222 621 delectatio
1244 576 1349 621 boni
1366 611 1377 632 ,
1397 592 1483 636 qua

93 646 224 691 etiam
246 660 337 691 non
366 646 582 692 consentit
611 644 666 691 ad
691 646 856 691 malum
873 681 884 703 ‚
914 662 1003 692 non
1028 646 1183 692 timore
1211 661 1357 706 poenae
1373 682 1385 703 ,
1409 648 1484 692 scd

92 730 238 761 amore
248 716 450 776 justitiae,
473 717 585 775 (hoc
606 725 672 762 est
689 717 806 762 enim
825 716 1168 776 condelectari,)
1186 733 1275 764 non
1295 718 1375 762 nisi
1392 731 1486 776 gra-

91 787 165 832 tiae
191 786 445 846 deputanda
467 788 535 832 sit.

151 859 322 903 XXIII.
358 860 468 904 Nam
486 868 529 903 et
545 859 621 903 ubi
643 859 724 905 ait:
754 878 774 901 «
796 859 902 912 Quis
922 874 992 906 me
1007 859 1214 905 liberabit
1234 858 1288 903 de
1305 873 1487 918 corpore

93 945 115 971 η
140 929 292 973 mortis
316 929 499 989 hujus⁴?
532 947 552 971 »
585 930 682 989 quis
712 938 840 989 neget
869 930 1126 989 Apostolum
1161 945 1260 974 cum
1293 930 1388 973 haec
1418 929 1487 972 di-

89 1009 207 1046 ceret
223 1034 235 1055 ,
256 999 401 1045 adhuc
420 1000 552 1045 fuisse
567 1002 612 1045 in
627 1015 808 1060 corpore
827 1002 978 1045 mortis
996 1002 1157 1060 hujus?
1174 1003 1212 1045 A
1230 1015 1319 1059 quo
1335 999 1488 1059 utique

90 1070 210 1130 impii
231 1087 320 1117 non
338 1071 609 1126 liberantur,
634 1071 794 1130 quibus
816 1070 967 1114 eadem
990 1085 1171 1129 corpora
1193 1069 1248 1114 ad
1273 1078 1486 1114 tormenta

88 1150 252 1188 aeterna
274 1141 535 1187 redduntur.
562 1141 757 1186 Liberari
776 1156 880 1200 ergo
900 1149 964 1185 est
983 1156 1008 1184 a
1029 1155 1211 1200 corpore
1233 1140 1386 1185 mortis
1403 1141 1488 1184 hu-

81 1214 179 1273 jus,
209 1214 330 1258 omni
358 1223 511 1258 sanato
543 1212 755 1272 languore
792 1212 1158 1271 concupiscentiae
1193 1212 1360 1266 carnis,
1398 1226 1487 1257 non

89 1285 144 1329 ad
168 1298 344 1343 poenam
367 1299 524 1343 corpus
547 1283 762 1343 recipere,
786 1283 862 1328 sed
886 1282 941 1327 ad
965 1282 1162 1341 gloriam.
1191 1282 1303 1326 Huic
1326 1280 1423 1326 loco
1444 1291 1487 1326 et

88 1352 200 1399 illud
222 1354 321 1399 satis
344 1363 554 1400 consonat
582 1373 591 1399 ε
620 1373 640 1396 «
668 1354 811 1398 Etiam
838 1368 917 1398 nos
939 1353 1020 1412 ipsi
1043 1353 1252 1413 primitias
1275 1352 1488 1397 habentes

91 1443 112 1468 »
137 1425 313 1485 spiritus
329 1461 341 1481 ‚
373 1435 416 1470 et
444 1426 525 1485 ipsi
554 1427 599 1470 in
624 1425 949 1485 nobismetipsis
970 1424 1293 1484 ingemiscimus
1309 1458 1320 1479 ,
1345 1422 1484 1483 adop-

91 1514 112 1539 »
137 1497 304 1542 tionem
326 1506 604 1557 expectantes
619 1531 630 1553 ,
662 1496 1013 1555 redemptionem
1035 1495 1230 1555 corporis
1251 1496 1388 1540 nostri
1403 1497 1433 1538 ⁵.
1462 1512 1484 1536 ι)

88 1568 305 1615 Nimirum
322 1568 440 1614 enim
459 1569 623 1628 gemitu
643 1568 725 1612 isto
743 1566 1086 1626 ingemiscimus,
1106 1566 1148 1609 in
1166 1580 1257 1625 quo
1272 1564 1457 1610 dicimus
1475 1583 1485 1610 :

94 1658 116 1682 (ι
142 1640 274 1685 Miser
302 1654 384 1699 ego
407 1640 539 1684 homo
556 1673 568 1695 ‚
592 1639 692 1699 quis
719 1653 790 1682 me
811 1637 1015 1682 liberabit
1043 1635 1099 1681 de
1129 1651 1311 1695 corpore
1332 1636 1484 1680 mortis

91 1728 112 1754 »
138 1711 328 1771 hujus0?
351 1729 372 1753 »
401 1709 518 1755 Illud
546 1710 676 1755 etiam
707 1708 786 1754 ubi
814 1709 873 1754 ait
897 1727 906 1753 ε
935 1727 956 1751 α
982 1708 1113 1762 Quod
1145 1707 1261 1751 enim
1295 1721 1479 1766 operor,

90 1799 112 1824 »
137 1781 322 1840 ignoro⁷
347 1800 356 1825 :
384 1799 405 1823 »
432 1779 540 1840 quid
568 1788 632 1824 est
654 1779 802 1834 aliud,
828 1793 959 1839 quam
989 1777 1114 1832 nolo,
1141 1792 1231 1822 non
1255 1778 1479 1837 approbo,

87 1867 179 1898 non
205 1852 432 1897 consentio
449 1885 461 1907 ,
485 1866 575 1895 non
599 1849 743 1895 facio?
771 1849 978 1909 Alioquin
1001 1848 1268 1894 contrarium
1299 1856 1363 1894 est
1385 1847 1451 1892 his
1466 1882 1477 1903 ,

87 1939 189 1984 quae
209 1923 408 1983 superius
427 1923 565 1968 dixit:
591 1941 612 1964 «
638 1924 718 1966 Per
735 1921 877 1980 legem
894 1920 1083 1979 cognitio
1104 1919 1269 1980 peccati
1285 1920 1299 1946 ⁸
1323 1939 1332 1964 :
1352 1937 1372 1960 »
1398 1927 1443 1963 et
1467 1937 1476 1964 :

92 2012 114 2037 κ
138 1997 370 2040 Peccatum
390 2009 480 2038 non
501 1992 687 2052 cognovi
710 1991 789 2036 nisi
810 2006 887 2051 per
909 1991 1076 2049 legem⁹
1098 2010 1106 2034 ;
1131 2008 1150 2032 »
1175 1999 1219 2035 et
1245 2008 1254 2034 :
1281 2007 1301 2031 «
1327 1992 1480 2034 Pecca-

89 2083 111 2110 »
139 2074 234 2110 tum
256 2074 307 2110 ut
329 2073 534 2125 appareat
554 2072 781 2124 peccatum
797 2097 809 2118 ,
831 2078 907 2122 per
930 2062 1097 2108 bonum
1115 2060 1223 2106 mihi
1250 2069 1479 2119 operatum

90 2154 112 2179 »
134 2145 198 2182 est
213 2139 454 2182 mortem10.
472 2155 492 2178 »
513 2134 746 2190 Quomodo
760 2135 876 2178 enim
892 2143 1121 2194 peccatum
1136 2147 1212 2192 per
1225 2132 1366 2191 legem
1380 2146 1477 2190 cog-

87 2208 232 2263 novit,
256 2208 376 2267 quod
398 2207 596 2267 ignorat?
614 2204 846 2260 Quomodo
869 2213 1049 2264 apparet
1076 2212 1330 2263 peccatum,
1356 2201 1477 2261 quod

86 2277 339 2337 ignoratur?
364 2279 432 2323 Sic
453 2293 556 2337 ergo
584 2276 752 2322 dictum
774 2285 839 2320 est
856 2310 867 2331 ,
892 2276 1045 2333 ignoro
1061 2309 1072 2330 ‚
1096 2290 1187 2319 non
1208 2273 1343 2328 facio,
1373 2273 1476 2332 quia

86 2348 211 2395 nulla
235 2349 518 2396 consensione
543 2349 590 2394 id
620 2363 702 2407 ego
722 2348 812 2407 ipse
843 2346 1071 2392 committo
1095 2364 1106 2391 ι
1137 2342 1362 2405 quomodo
1383 2343 1476 2388 dic-

139 2472 150 2489 ¹
177 2469 269 2501 Rom.
304 2478 366 2507 vn,
400 2476 454 2501 20:
470 2485 512 2493 —
528 2475 542 2491 ²
574 2467 624 2501 Id.
654 2477 725 2509 vm,
753 2477 782 2499 1.
805 2482 847 2489 —
867 2463 882 2488 3
900 2465 948 2498 Id.
980 2476 1049 2508 vn,
1079 2462 1223 2498 22.—l0
1247 2463 1330 2497 Ibid.
1361 2461 1418 2504 24.
1436 2478 1477 2485 —

89 2523 107 2548 ⁵
122 2524 170 2558 Id.
189 2535 261 2566 vm,
277 2523 414 2558 23.—⁶
434 2525 482 2560 Id.
502 2535 561 2567 vu,
582 2523 638 2566 24.
652 2539 693 2549 —
707 2531 722 2558 7
743 2521 824 2557 Ibid.
847 2522 900 2557 15.
914 2539 956 2550 ·-·
974 2520 1055 2556 81d.
1069 2533 1121 2564 m,
1139 2532 1192 2556 20.
1209 2520 1342 2554 —91d.
1365 2529 1422 2560 vn,
1439 2528 1471 2559 7.

89 2596 129 2606 -
149 2586 181 2602 ¹⁰
208 2580 288 2614 Ibid.
312 2579 364 2614 13.
