1784 3205
330 222 409 261 408
764 234 796 258 s.
834 228 1062 256 Monstrum
1094 229 1274 255 EPISCOPI

323 299 588 353 destruebat,
613 306 655 341 et
676 296 912 355 virginitati
935 309 1065 338 sacrae
1088 294 1260 352 nuptias
1282 292 1478 337 fidelium
1500 306 1701 351 coaequa-

323 372 412 414 bat.
440 372 528 414 Nec
553 368 609 412 ob
632 367 749 411 aliud
774 368 855 409 hoc
880 365 1109 424 objiciebat
1134 363 1370 419 catholicis,
1402 364 1482 407 nisi
1505 363 1606 422 quia
1634 378 1705 407 eos

322 440 456 485 videri
485 438 658 484 volebat
691 445 958 483 accusatores
991 435 1060 479 vel
1093 435 1367 479 damnatores
1403 449 1491 478 esse
1527 434 1705 493 nuptia-

323 527 435 555 rum.

379 584 432 625 V.
468 581 674 625 Liberum
697 588 841 623 autem
867 578 1095 622 arbitrium
1117 575 1392 621 defendendo
1415 576 1703 635 praecipitant,

318 662 367 696 ut
384 651 438 695 de
455 650 530 694 illo
548 651 690 708 potius
712 649 767 693 ad
790 647 1034 692 faciendam
1051 647 1278 706 justitiam,
1305 660 1436 705 quam
1459 646 1513 689 de
1537 645 1707 690 Domini

319 724 532 781 adjutorio
560 720 821 773 confidatur,
847 728 977 778 atque
999 728 1047 762 ut
1070 719 1114 761 in
1137 733 1180 761 se
1203 717 1413 777 quisque,
1438 732 1528 761 non
1549 716 1596 759 in
1618 719 1707 760 Do-

318 794 436 837 mino
462 792 669 850 glorietur
694 793 724 834 ¹.
751 790 855 843 Quis
878 799 1025 834 autem
1047 798 1242 833 nostrum
1267 787 1382 832 dicat
1402 822 1413 842 ,
1439 786 1558 846 quod
1579 786 1706 845 primi

317 864 504 908 hominis
537 871 715 920 peccato
746 861 920 920 perierit
951 860 1138 904 liberum
1171 859 1400 902 arbitrium
1431 857 1485 901 de
1513 858 1726 919 humano*

318 935 508 992 genere?
538 933 733 976 Libertas
766 931 945 992 quidem
977 931 1105 990 periit
1133 945 1210 990 per
1233 939 1460 989 peccatum
1482 964 1492 983 ,
1528 928 1603 972 sed
1634 928 1710 972 illa

319 1018 418 1062 quae
438 1004 484 1045 in
505 1001 703 1061 paradiso
727 1002 826 1055 fuit,
852 1001 1045 1045 habendi
1068 1000 1242 1059 plenam
1264 1015 1364 1044 cum
1387 997 1709 1043 immortalitate

315 1072 559 1130 justitiam3
594 1080 772 1130 propter
801 1071 919 1129 quod
951 1080 1103 1114 natura
1140 1071 1331 1114 humana
1363 1068 1508 1112 divina
1544 1068 1711 1126 indiget

321 1142 472 1200 gratia,
497 1141 669 1184 dicente
690 1142 876 1185 Domino
904 1160 911 1184 :
943 1160 962 1182 «
992 1142 1032 1185 Si
1054 1156 1130 1184 vos
1154 1140 1288 1184 Filius
1310 1139 1578 1193 liberaverit,
1606 1146 1710 1183 tunc

325 1230 343 1253 »
371 1226 471 1255 vero
494 1210 618 1254 liberi
641 1211 756 1253 eritis
775 1213 790 1234 ²
814 1230 821 1254 :
847 1228 865 1250 »
892 1211 1044 1268 utique
1066 1211 1191 1253 liberi
1213 1210 1267 1253 ad
1295 1211 1403 1252 bene
1421 1211 1625 1268 justeque
1647 1208 1712 1252 vi-

325 1282 530 1326 vendum.
552 1283 660 1326 Nam
685 1280 871 1324 liberum
897 1280 1121 1323 arbitrium
1142 1294 1280 1338 usque
1300 1278 1408 1323 adeo
1423 1279 1468 1321 in
1486 1287 1711 1337 peccatore

322 1368 412 1396 non
434 1352 581 1410 periit,
610 1361 659 1395 ut
680 1367 758 1410 per
780 1350 889 1395 illud
911 1358 1113 1409 peccent,
1140 1350 1324 1394 maxime
1343 1364 1493 1394 omnes
1513 1350 1589 1409 qui
1611 1364 1712 1393 cum

323 1422 611 1466 delectatione
626 1430 807 1480 peccant
823 1430 865 1464 et
880 1436 1025 1465 amore
1042 1421 1207 1479 peccati
1225 1455 1235 1474 ,
1255 1421 1337 1463 boc
1356 1420 1414 1463 eis
1431 1419 1572 1478 placet
1590 1419 1712 1479 quod

324 1507 395 1536 eos
416 1490 538 1535 libet.
563 1491 686 1535 Unde
710 1500 752 1535 et
777 1490 1007 1549 Apostolus
1032 1510 1039 1534 :
1070 1510 1088 1532 «
1116 1492 1224 1535 Cum
1247 1491 1407 1544 essetis,
1426 1490 1584 1549 inquit,
1603 1490 1712 1551 servi

329 1580 348 1602 »
374 1562 555 1620 peccati,
577 1561 703 1604 liberi
720 1561 860 1605 fuistis
873 1562 1090 1621 justitiaess.
1113 1580 1130 1602 »
1148 1564 1261 1605 Ecce
1276 1562 1566 1605 ostenduntur
1582 1562 1713 1605 etiam

326 1640 503 1689 peccato
521 1631 700 1674 minime
718 1632 923 1689 potuisse,
943 1632 1025 1674 nisi
1043 1631 1123 1675 alia
1142 1630 1357 1685 libertate,
1375 1632 1549 1676 servire.
1568 1631 1713 1674 Liberi

326 1716 429 1758 ergo
459 1716 481 1744 a
510 1701 673 1758 justitia
708 1716 797 1744 non
821 1710 944 1755 sunt,
977 1701 1058 1744 nisi
1088 1701 1264 1745 arbitrio
1292 1700 1527 1745 voluntatis
1553 1720 1561 1745 :
1587 1701 1714 1744 liberi

325 1780 470 1814 autem
494 1786 517 1814 a
538 1779 716 1828 peccato
739 1786 828 1816 non
850 1772 979 1825 fiunt,
1005 1771 1083 1814 nisi
1105 1774 1240 1830 gratia
1267 1771 1511 1816 Salvatoris.
1533 1774 1714 1830 Propter

324 1840 444 1900 quod
461 1839 727 1885 admirabilis
745 1841 897 1885 doctor
915 1841 1047 1885 etiam
1065 1842 1199 1885 verba
1216 1842 1306 1901 ipsa
1322 1842 1523 1886 discrevit
1540 1860 1548 1886 :
1567 1843 1715 1886 «Cum

328 1930 347 1951 »
370 1911 483 1954 enim
505 1911 614 1954 servi
636 1912 795 1965 essetis,
822 1911 980 1971 inquit,
1007 1912 1189 1970 peccati,
1215 1911 1340 1955 liberi
1359 1911 1498 1956 fuistis
1517 1912 1710 1970 justitiae.

332 2002 348 2023 »
371 1983 509 2033 Quem
541 1996 643 2039 ergo
677 1981 868 2025 fructum
897 1982 1108 2026 habuistis
1138 1991 1243 2026 tunc
1273 1983 1319 2025 in
1352 1983 1417 2026 his
1437 2017 1448 2037 ,
1483 1983 1528 2026 in
1556 1982 1714 2041 quibus

330 2070 349 2091 »
371 2066 488 2095 nunc
510 2051 785 2094 erubescitis?
807 2054 915 2096 Nam
938 2052 1034 2095 finis
1057 2052 1232 2096 illorum
1252 2067 1368 2097 mors
1387 2061 1451 2096 est
1473 2072 1480 2097 :
1502 2068 1619 2097 nunc
1637 2068 1715 2096 au-

332 2140 350 2161 »
372 2130 460 2164 tem
487 2119 657 2164 liberati
688 2137 709 2164 a
737 2129 939 2179 peccato,
965 2122 1076 2165 servi
1103 2131 1248 2166 autem
1274 2121 1375 2166 facti
1405 2125 1520 2175 Deo,
1548 2122 1715 2166 habetis

334 2208 351 2231 >›
374 2190 562 2234 fructum
589 2200 777 2235 vestrum
806 2191 849 2233 iu
870 2191 1252 2235 sanctificationem
1267 2225 1278 2246 ‚
1304 2192 1436 2235 finem
1459 2207 1560 2236 vero
1581 2193 1712 2237 vitam

331 2279 350 2302 »
372 2270 579 2305 (eternam
595 2262 625 2303 ²¹.
651 2278 670 2301 »
692 2261 870 2304 Liberos
888 2260 994 2304 dixit
1011 2262 1205 2319 justitiae,
1227 2277 1316 2306 non
1334 2261 1556 2306 liberatos:
1571 2278 1593 2306 a
1612 2278 1715 2321 pec-

328 2340 423 2375 cato
453 2341 599 2375 autern
621 2347 709 2375 non
733 2332 905 2385 liberos,
932 2347 985 2375 ne
1007 2330 1084 2375 sibi
1107 2332 1189 2376 hoc
1215 2332 1481 2391 tribuerent3
1506 2332 1580 2376 sed
1601 2334 1714 2392 vigi-

328 2400 562 2443 lantissime
592 2402 745 2444 maluit
767 2400 908 2445 dicere
932 2402 1132 2445 liberatos
1153 2436 1164 2456 ,
1191 2400 1379 2445 referens
1405 2403 1488 2446 hoc
1512 2403 1567 2446 ad
1596 2402 1713 2447 illam

329 2471 500 2514 Domini
523 2472 778 2515 sententiam
800 2491 808 2516 ε
831 2491 851 2513 «
881 2473 923 2516 Si
945 2487 1019 2516 vos
1044 2472 1179 2516 Filius
1200 2472 1461 2528 liberaverit,
1488 2482 1593 2517 tunc
1614 2488 1713 2517 vere

377 2562 384 2575 ¹
413 2566 421 2585 ι
448 2557 519 2586 Cor.
541 2566 563 2593 i,
585 2555 635 2586 31.
659 2573 695 2579 -——
711 2563 721 2577 ²
746 2558 836 2587 Joan.
860 2567 933 2588 vm.
955 2557 1006 2588 36.
1026 2574 1064 2581 -
1083 2555 1096 2578 3
1115 2560 1206 2590 Rom.
1226 2567 1270 2597 vi,
1293 2565 1344 2589 20.
1363 2574 1401 2582 0·-
1422 2557 1437 2586 4
1458 2559 1548 2590 Joan.
1569 2568 1635 2599 vm,
1655 2558 1709 2590 36.
