<?xml version="1.0" encoding="UTF-8"?>
<!DOCTYPE html PUBLIC "-//W3C//DTD XHTML 1.0 Transitional//EN"
    "http://www.w3.org/TR/xhtml1/DTD/xhtml1-transitional.dtd">
<html xmlns="http://www.w3.org/1999/xhtml" xml:lang="en" lang="en">
 <head>
  <title>
</title>
<meta http-equiv="Content-Type" content="text/html;charset=utf-8" />
  <meta name='ocr-system' content='tesseract 3.04.00' />
  <meta name='ocr-capabilities' content='ocr_page ocr_carea ocr_par ocr_line ocrx_word'/>
</head>
<body>
  <div class='ocr_page' id='page_1' title='image "./operaomniaaccura34auguuoft_0019.png"; bbox 0 0 1804 3205; ppageno 0'>
   <div class='ocr_carea' id='block_1_1' title="bbox 342 235 1450 273">
    <p class='ocr_par' dir='ltr' id='par_1_1' title="bbox 342 235 1450 273">
     <span class='ocr_line' id='line_1_1' title="bbox 342 235 1450 273; baseline -0.001 -2"><span class='ocrx_word' id='word_1_1' title='bbox 342 246 391 271; x_wconf 76' lang='lat' dir='ltr'>DE</span> <span class='ocrx_word' id='word_1_2' title='bbox 425 245 715 273; x_wconf 69' lang='lat' dir='ltr'>PERFEC&#39;NONE</span> <span class='ocrx_word' id='word_1_3' title='bbox 747 245 944 272; x_wconf 68' lang='lat' dir='ltr'>JUS‘rl&#39;rtffi</span> <span class='ocrx_word' id='word_1_4' title='bbox 980 244 1174 270; x_wconf 77' lang='lat' dir='ltr'><strong>HOMINIS.</strong></span> <span class='ocrx_word' id='word_1_5' title='bbox 1423 235 1450 270; x_wconf 77' lang='grc'><strong>9</strong></span> 
     </span>
    </p>
   </div>
   <div class='ocr_carea' id='block_1_2' title="bbox 61 308 1464 2557">
    <p class='ocr_par' dir='ltr' id='par_1_2' title="bbox 61 308 1452 794">
     <span class='ocr_line' id='line_1_2' title="bbox 62 308 1451 369; baseline -0.002 -15"><span class='ocrx_word' id='word_1_6' title='bbox 62 313 176 354; x_wconf 87' lang='lat' dir='ltr'>enim</span> <span class='ocrx_word' id='word_1_7' title='bbox 205 310 363 354; x_wconf 81' lang='lat' dir='ltr'>sanitas</span> <span class='ocrx_word' id='word_1_8' title='bbox 386 319 448 353; x_wconf 88' lang='lat' dir='ltr'>est</span> <span class='ocrx_word' id='word_1_9' title='bbox 472 325 570 354; x_wconf 86' lang='lat' dir='ltr'>vera</span> <span class='ocrx_word' id='word_1_10' title='bbox 595 309 787 363; x_wconf 81' lang='lat' dir='ltr'>libertas,</span> <span class='ocrx_word' id='word_1_11' title='bbox 814 325 914 369; x_wconf 78' lang='lat' dir='ltr'>quae</span> <span class='ocrx_word' id='word_1_12' title='bbox 937 325 1022 353; x_wconf 90' lang='lat' dir='ltr'>non</span> <span class='ocrx_word' id='word_1_13' title='bbox 1050 309 1254 366; x_wconf 85' lang='lat' dir='ltr'>perisset,</span> <span class='ocrx_word' id='word_1_14' title='bbox 1279 308 1311 350; x_wconf 88' lang='lat' dir='ltr'>si</span> <span class='ocrx_word' id='word_1_15' title='bbox 1340 308 1451 351; x_wconf 85' lang='lat' dir='ltr'>bona</span> 
     </span>
     <span class='ocr_line' id='line_1_3' title="bbox 62 378 1452 440; baseline -0.004 -16"><span class='ocrx_word' id='word_1_16' title='bbox 62 381 363 440; x_wconf 80' lang='lat' dir='ltr'>permansisset</span> <span class='ocrx_word' id='word_1_17' title='bbox 395 380 610 424; x_wconf 88' lang='lat' dir='ltr'>voluntas.</span> <span class='ocrx_word' id='word_1_18' title='bbox 648 381 758 434; x_wconf 80' lang='lat' dir='ltr'>Quia</span> <span class='ocrx_word' id='word_1_19' title='bbox 785 396 885 424; x_wconf 87' lang='lat' dir='ltr'>vero</span> <span class='ocrx_word' id='word_1_20' title='bbox 915 380 1108 438; x_wconf 77' lang='lat' dir='ltr'>peccavit</span> <span class='ocrx_word' id='word_1_21' title='bbox 1139 378 1355 430; x_wconf 79' lang='lat' dir='ltr'>voluntas,</span> <span class='ocrx_word' id='word_1_22' title='bbox 1391 393 1452 420; x_wconf 91' lang='lat' dir='ltr'>se-</span> 
     </span>
     <span class='ocr_line' id='line_1_4' title="bbox 62 449 1448 510; baseline -0.003 -14"><span class='ocrx_word' id='word_1_23' title='bbox 62 461 160 496; x_wconf 86' lang='lat' dir='ltr'>cuta</span> <span class='ocrx_word' id='word_1_24' title='bbox 195 461 259 495; x_wconf 86' lang='lat' dir='ltr'>est</span> <span class='ocrx_word' id='word_1_25' title='bbox 288 461 536 510; x_wconf 76' lang='lat' dir='ltr'>peccantem</span> <span class='ocrx_word' id='word_1_26' title='bbox 568 462 793 510; x_wconf 78' lang='lat' dir='ltr'>peceatum</span> <span class='ocrx_word' id='word_1_27' title='bbox 828 451 1017 494; x_wconf 84' lang='lat' dir='ltr'>habendi</span> <span class='ocrx_word' id='word_1_28' title='bbox 1052 451 1160 493; x_wconf 82' lang='lat' dir='ltr'>dura</span> <span class='ocrx_word' id='word_1_29' title='bbox 1195 449 1448 501; x_wconf 67' lang='lat' dir='ltr'><strong>necessitas,</strong></span> 
     </span>
     <span class='ocr_line' id='line_1_5' title="bbox 62 519 1451 579; baseline -0.003 -14"><span class='ocrx_word' id='word_1_30' title='bbox 62 522 202 566; x_wconf 86' lang='lat' dir='ltr'>donec</span> <span class='ocrx_word' id='word_1_31' title='bbox 227 531 314 565; x_wconf 84' lang='lat' dir='ltr'>tota</span> <span class='ocrx_word' id='word_1_32' title='bbox 339 532 514 565; x_wconf 87' lang='lat' dir='ltr'>sanetur</span> <span class='ocrx_word' id='word_1_33' title='bbox 532 523 773 574; x_wconf 79' lang='lat' dir='ltr'>infirmitas,</span> <span class='ocrx_word' id='word_1_34' title='bbox 799 531 837 565; x_wconf 84' lang='lat' dir='ltr'>et</span> <span class='ocrx_word' id='word_1_35' title='bbox 864 522 1099 579; x_wconf 77' lang='lat' dir='ltr'>accipiatur</span> <span class='ocrx_word' id='word_1_36' title='bbox 1118 529 1235 564; x_wconf 86' lang='lat' dir='ltr'>tanta</span> <span class='ocrx_word' id='word_1_37' title='bbox 1257 519 1451 572; x_wconf 86' lang='lat' dir='ltr'>libertas,</span> 
     </span>
     <span class='ocr_line' id='line_1_6' title="bbox 61 590 1448 652; baseline -0.003 -16"><span class='ocrx_word' id='word_1_38' title='bbox 61 594 105 636; x_wconf 90' lang='lat' dir='ltr'>in</span> <span class='ocrx_word' id='word_1_39' title='bbox 123 609 207 652; x_wconf 83' lang='lat' dir='ltr'>qua</span> <span class='ocrx_word' id='word_1_40' title='bbox 227 594 336 636; x_wconf 87' lang='lat' dir='ltr'>sicut</span> <span class='ocrx_word' id='word_1_41' title='bbox 355 608 527 637; x_wconf 85' lang='lat' dir='ltr'>neeesse</span> <span class='ocrx_word' id='word_1_42' title='bbox 546 603 607 637; x_wconf 88' lang='lat' dir='ltr'>est</span> <span class='ocrx_word' id='word_1_43' title='bbox 627 602 875 651; x_wconf 85' lang='lat' dir='ltr'>permaneat</span> <span class='ocrx_word' id='word_1_44' title='bbox 896 593 1017 636; x_wconf 85' lang='lat' dir='ltr'>beate</span> <span class='ocrx_word' id='word_1_45' title='bbox 1035 590 1207 635; x_wconf 88' lang='lat' dir='ltr'>vivendi</span> <span class='ocrx_word' id='word_1_46' title='bbox 1226 590 1448 642; x_wconf 79' lang='lat' dir='ltr'>voluntas,</span> 
     </span>
     <span class='ocr_line' id='line_1_7' title="bbox 62 660 1451 723; baseline -0.005 -15"><span class='ocrx_word' id='word_1_47' title='bbox 62 665 118 708; x_wconf 86' lang='lat' dir='ltr'>ita</span> <span class='ocrx_word' id='word_1_48' title='bbox 145 674 191 707; x_wconf 89' lang='lat' dir='ltr'>ut</span> <span class='ocrx_word' id='word_1_49' title='bbox 213 665 264 707; x_wconf 87' lang='lat' dir='ltr'>sit</span> <span class='ocrx_word' id='word_1_50' title='bbox 288 665 416 707; x_wconf 85' lang='lat' dir='ltr'>etiam</span> <span class='ocrx_word' id='word_1_51' title='bbox 445 665 553 707; x_wconf 80' lang='lat' dir='ltr'>bene</span> <span class='ocrx_word' id='word_1_52' title='bbox 573 664 746 708; x_wconf 84' lang='lat' dir='ltr'>vivendi</span> <span class='ocrx_word' id='word_1_53' title='bbox 765 673 807 708; x_wconf 92' lang='lat' dir='ltr'>et</span> <span class='ocrx_word' id='word_1_54' title='bbox 827 679 1053 723; x_wconf 81' lang='lat' dir='ltr'>nunquam</span> <span class='ocrx_word' id='word_1_55' title='bbox 1074 661 1283 721; x_wconf 84' lang='lat' dir='ltr'>peccandi</span> <span class='ocrx_word' id='word_1_56' title='bbox 1301 660 1451 705; x_wconf 89' lang='lat' dir='ltr'>volun-</span> 
     </span>
     <span class='ocr_line' id='line_1_8' title="bbox 67 735 653 794; baseline 0 -15"><span class='ocrx_word' id='word_1_57' title='bbox 67 736 171 779; x_wconf 84' lang='lat' dir='ltr'>taria</span> <span class='ocrx_word' id='word_1_58' title='bbox 194 735 387 794; x_wconf 79' lang='lat' dir='ltr'>felixque</span> <span class='ocrx_word' id='word_1_59' title='bbox 409 736 653 779; x_wconf 80' lang='lat' dir='ltr'>necessitas.</span> 
     </span>
    </p>

    <p class='ocr_par' dir='ltr' id='par_1_3' title="bbox 61 803 1458 1709">
     <span class='ocr_line' id='line_1_9' title="bbox 120 803 1454 865; baseline -0.003 -16"><span class='ocrx_word' id='word_1_60' title='bbox 120 808 176 849; x_wconf 78' lang='lat' dir='ltr'>X.</span> <span class='ocrx_word' id='word_1_61' title='bbox 213 826 230 847; x_wconf 91' lang='lat'>«</span> <span class='ocrx_word' id='word_1_62' title='bbox 263 805 470 859; x_wconf 77' lang='lat' dir='ltr'>Proinde,</span> <span class='ocrx_word' id='word_1_63' title='bbox 500 807 664 865; x_wconf 79' lang='lat' dir='ltr'>inquit,</span> <span class='ocrx_word' id='word_1_64' title='bbox 696 809 805 849; x_wconf 85' lang='lat' dir='ltr'>Deus</span> <span class='ocrx_word' id='word_1_65' title='bbox 833 805 996 849; x_wconf 90' lang='lat' dir='ltr'>bonum</span> <span class='ocrx_word' id='word_1_66' title='bbox 1025 803 1246 848; x_wconf 86' lang='lat' dir='ltr'>hominem</span> <span class='ocrx_word' id='word_1_67' title='bbox 1270 803 1388 857; x_wconf 70' lang='lat' dir='ltr'>iecit,</span> <span class='ocrx_word' id='word_1_68' title='bbox 1412 810 1454 844; x_wconf 86' lang='lat' dir='ltr'>et</span> 
     </span>
     <span class='ocr_line' id='line_1_10' title="bbox 65 873 1454 934; baseline -0.002 -16"><span class='ocrx_word' id='word_1_69' title='bbox 65 886 219 934; x_wconf 77' lang='lat' dir='ltr'>pra-ter</span> <span class='ocrx_word' id='word_1_70' title='bbox 241 892 371 934; x_wconf 76' lang='lat' dir='ltr'>quain</span> <span class='ocrx_word' id='word_1_71' title='bbox 391 876 511 919; x_wconf 83' lang='lat' dir='ltr'>illum</span> <span class='ocrx_word' id='word_1_72' title='bbox 538 878 699 920; x_wconf 82' lang='lat' dir='ltr'>bonnm</span> <span class='ocrx_word' id='word_1_73' title='bbox 729 876 844 928; x_wconf 57' lang='lat' dir='ltr'>iecit,</span> <span class='ocrx_word' id='word_1_74' title='bbox 869 876 1030 918; x_wconf 85' lang='lat' dir='ltr'>bonurn</span> <span class='ocrx_word' id='word_1_75' title='bbox 1054 876 1090 917; x_wconf 84' lang='lat' dir='ltr'>ei</span> <span class='ocrx_word' id='word_1_76' title='bbox 1118 875 1292 932; x_wconf 75' lang='lat' dir='ltr'>insuper</span> <span class='ocrx_word' id='word_1_77' title='bbox 1316 882 1363 916; x_wconf 82' lang='lat' dir='ltr'>nt</span> <span class='ocrx_word' id='word_1_78' title='bbox 1386 873 1454 916; x_wconf 81' lang='lat' dir='ltr'>sa-</span> 
     </span>
     <span class='ocr_line' id='line_1_11' title="bbox 62 945 1454 1005; baseline -0.001 -16"><span class='ocrx_word' id='word_1_79' title='bbox 62 956 177 989; x_wconf 78' lang='lat' dir='ltr'>ceiet</span> <span class='ocrx_word' id='word_1_80' title='bbox 203 948 442 1005; x_wconf 81' lang='lat' dir='ltr'>imperavit.</span> <span class='ocrx_word' id='word_1_81' title='bbox 466 951 604 999; x_wconf 83' lang='lat' dir='ltr'>Quam</span> <span class='ocrx_word' id='word_1_82' title='bbox 631 949 829 1004; x_wconf 76' lang='lat' dir='ltr'>impium,</span> <span class='ocrx_word' id='word_1_83' title='bbox 860 957 905 989; x_wconf 86' lang='lat' dir='ltr'>ut</span> <span class='ocrx_word' id='word_1_84' title='bbox 928 947 1214 990; x_wconf 80' lang='lat' dir='ltr'>confiteamur</span> <span class='ocrx_word' id='word_1_85' title='bbox 1232 945 1454 987; x_wconf 81' lang='lat' dir='ltr'>hominem</span> 
     </span>
     <span class='ocr_line' id='line_1_12' title="bbox 64 1018 1452 1077; baseline -0.001 -18"><span class='ocrx_word' id='word_1_86' title='bbox 64 1018 223 1060; x_wconf 79' lang='lat' dir='ltr'>malum</span> <span class='ocrx_word' id='word_1_87' title='bbox 250 1034 363 1065; x_wconf 67' lang='lat' dir='ltr'>esse,</span> <span class='ocrx_word' id='word_1_88' title='bbox 394 1018 511 1077; x_wconf 78' lang='lat' dir='ltr'>quod</span> <span class='ocrx_word' id='word_1_89' title='bbox 536 1034 613 1062; x_wconf 77' lang='lat' dir='ltr'>nec</span> <span class='ocrx_word' id='word_1_90' title='bbox 642 1018 778 1061; x_wconf 66' lang='lat' dir='ltr'>{lmus</span> <span class='ocrx_word' id='word_1_91' title='bbox 802 1029 859 1060; x_wconf 80' lang='lat' dir='ltr'>est</span> <span class='ocrx_word' id='word_1_92' title='bbox 878 1054 887 1067; x_wconf 84' lang='grc'>,</span> <span class='ocrx_word' id='word_1_93' title='bbox 915 1033 994 1061; x_wconf 68' lang='lat' dir='ltr'>nec</span> <span class='ocrx_word' id='word_1_94' title='bbox 1016 1018 1052 1060; x_wconf 90' lang='lat' dir='ltr'>ei</span> <span class='ocrx_word' id='word_1_95' title='bbox 1076 1025 1345 1075; x_wconf 66' lang='lat' dir='ltr'>przeceptuin</span> <span class='ocrx_word' id='word_1_96' title='bbox 1369 1025 1452 1070; x_wconf 75' lang='lat' dir='ltr'>est3</span> 
     </span>
     <span class='ocr_line' id='line_1_13' title="bbox 64 1086 1456 1147; baseline -0.001 -16"><span class='ocrx_word' id='word_1_97' title='bbox 64 1098 105 1131; x_wconf 88' lang='lat' dir='ltr'>et</span> <span class='ocrx_word' id='word_1_98' title='bbox 138 1105 344 1146; x_wconf 73' lang='lat' dir='ltr'>negemus</span> <span class='ocrx_word' id='word_1_99' title='bbox 375 1105 474 1132; x_wconf 87' lang='lat' dir='ltr'>eum</span> <span class='ocrx_word' id='word_1_100' title='bbox 505 1090 667 1133; x_wconf 80' lang='lat' dir='ltr'>bonum</span> <span class='ocrx_word' id='word_1_101' title='bbox 705 1105 824 1147; x_wconf 64' lang='lat' dir='ltr'>posse</span> <span class='ocrx_word' id='word_1_102' title='bbox 853 1104 958 1140; x_wconf 75' lang='lat' dir='ltr'>esse,</span> <span class='ocrx_word' id='word_1_103' title='bbox 984 1086 1102 1146; x_wconf 73' lang='lat' dir='ltr'>quod</span> <span class='ocrx_word' id='word_1_104' title='bbox 1132 1086 1271 1130; x_wconf 71' lang='lat' dir='ltr'>factus</span> <span class='ocrx_word' id='word_1_105' title='bbox 1301 1097 1379 1136; x_wconf 81' lang='lat' dir='ltr'>est,</span> <span class='ocrx_word' id='word_1_106' title='bbox 1414 1095 1456 1129; x_wconf 90' lang='lat' dir='ltr'>et</span> 
     </span>
     <span class='ocr_line' id='line_1_14' title="bbox 61 1158 1456 1220; baseline -0.001 -19"><span class='ocrx_word' id='word_1_107' title='bbox 61 1158 179 1218; x_wconf 80' lang='lat' dir='ltr'>quod</span> <span class='ocrx_word' id='word_1_108' title='bbox 205 1160 241 1203; x_wconf 90' lang='lat' dir='ltr'>ei</span> <span class='ocrx_word' id='word_1_109' title='bbox 271 1169 318 1203; x_wconf 90' lang='lat' dir='ltr'>ut</span> <span class='ocrx_word' id='word_1_110' title='bbox 339 1159 498 1204; x_wconf 85' lang='lat' dir='ltr'>faceret</span> <span class='ocrx_word' id='word_1_111' title='bbox 522 1161 782 1220; x_wconf 82' lang='lat' dir='ltr'>imperatum</span> <span class='ocrx_word' id='word_1_112' title='bbox 809 1169 886 1203; x_wconf 87' lang='lat' dir='ltr'>est.</span> <span class='ocrx_word' id='word_1_113' title='bbox 916 1178 935 1200; x_wconf 87' lang='lat'>»</span> <span class='ocrx_word' id='word_1_114' title='bbox 962 1158 1292 1218; x_wconf 86' lang='lat' dir='ltr'>Respondemus</span> <span class='ocrx_word' id='word_1_115' title='bbox 1315 1177 1322 1202; x_wconf 75' lang='grc' dir='ltr'><strong><em>ε</em></strong></span> <span class='ocrx_word' id='word_1_116' title='bbox 1344 1158 1456 1210; x_wconf 88' lang='lat' dir='ltr'>Quia</span> 
     </span>
     <span class='ocr_line' id='line_1_15' title="bbox 63 1227 1453 1290; baseline -0.001 -18"><span class='ocrx_word' id='word_1_117' title='bbox 63 1244 166 1287; x_wconf 80' lang='lat' dir='ltr'>ergo</span> <span class='ocrx_word' id='word_1_118' title='bbox 184 1245 272 1273; x_wconf 91' lang='lat' dir='ltr'>non</span> <span class='ocrx_word' id='word_1_119' title='bbox 292 1245 336 1274; x_wconf 91' lang='lat' dir='ltr'>se</span> <span class='ocrx_word' id='word_1_120' title='bbox 352 1231 442 1290; x_wconf 88' lang='lat' dir='ltr'>ipse</span> <span class='ocrx_word' id='word_1_121' title='bbox 460 1231 591 1275; x_wconf 90' lang='lat' dir='ltr'>homo</span> <span class='ocrx_word' id='word_1_122' title='bbox 609 1266 619 1283; x_wconf 84' lang='lat'>‚</span> <span class='ocrx_word' id='word_1_123' title='bbox 646 1231 718 1274; x_wconf 84' lang='lat' dir='ltr'>sed</span> <span class='ocrx_word' id='word_1_124' title='bbox 748 1234 858 1274; x_wconf 83' lang='lat' dir='ltr'>Deus</span> <span class='ocrx_word' id='word_1_125' title='bbox 884 1230 1050 1273; x_wconf 87' lang='lat' dir='ltr'>bonum</span> <span class='ocrx_word' id='word_1_126' title='bbox 1073 1229 1293 1273; x_wconf 87' lang='lat' dir='ltr'>hominem</span> <span class='ocrx_word' id='word_1_127' title='bbox 1322 1227 1453 1283; x_wconf 79' lang='lat' dir='ltr'>feeit3</span> 
     </span>
     <span class='ocr_line' id='line_1_16' title="bbox 64 1299 1452 1360; baseline -0.001 -17"><span class='ocrx_word' id='word_1_128' title='bbox 64 1303 177 1344; x_wconf 87' lang='lat' dir='ltr'>Deus</span> <span class='ocrx_word' id='word_1_129' title='bbox 194 1317 311 1355; x_wconf 86' lang='lat' dir='ltr'>eum,</span> <span class='ocrx_word' id='word_1_130' title='bbox 334 1317 421 1345; x_wconf 90' lang='lat' dir='ltr'>non</span> <span class='ocrx_word' id='word_1_131' title='bbox 440 1317 484 1345; x_wconf 87' lang='lat' dir='ltr'>se</span> <span class='ocrx_word' id='word_1_132' title='bbox 501 1303 607 1360; x_wconf 86' lang='lat' dir='ltr'>ipse,</span> <span class='ocrx_word' id='word_1_133' title='bbox 629 1311 676 1346; x_wconf 88' lang='lat' dir='ltr'>ut</span> <span class='ocrx_word' id='word_1_134' title='bbox 692 1303 743 1345; x_wconf 88' lang='lat' dir='ltr'>sit</span> <span class='ocrx_word' id='word_1_135' title='bbox 761 1302 901 1345; x_wconf 85' lang='lat' dir='ltr'>bonus</span> <span class='ocrx_word' id='word_1_136' title='bbox 920 1301 1072 1355; x_wconf 79' lang='lat' dir='ltr'>reficit,</span> <span class='ocrx_word' id='word_1_137' title='bbox 1093 1300 1199 1343; x_wconf 91' lang='lat' dir='ltr'>dum</span> <span class='ocrx_word' id='word_1_138' title='bbox 1218 1299 1452 1354; x_wconf 87' lang='lat' dir='ltr'>volentem,</span> 
     </span>
     <span class='ocr_line' id='line_1_17' title="bbox 64 1368 1458 1430; baseline -0.002 -16"><span class='ocrx_word' id='word_1_139' title='bbox 64 1370 312 1415; x_wconf 82' lang='lat' dir='ltr'>credentem</span> <span class='ocrx_word' id='word_1_140' title='bbox 327 1406 337 1425; x_wconf 92' lang='lat'>,</span> <span class='ocrx_word' id='word_1_141' title='bbox 362 1372 638 1415; x_wconf 84' lang='lat' dir='ltr'>invocantem</span> <span class='ocrx_word' id='word_1_142' title='bbox 661 1371 817 1415; x_wconf 85' lang='lat' dir='ltr'>liberat</span> <span class='ocrx_word' id='word_1_143' title='bbox 841 1389 862 1415; x_wconf 85' lang='lat' dir='ltr'>a</span> <span class='ocrx_word' id='word_1_144' title='bbox 886 1370 1017 1426; x_wconf 80' lang='lat' dir='ltr'>malo,</span> <span class='ocrx_word' id='word_1_145' title='bbox 1043 1368 1162 1430; x_wconf 89' lang='lat' dir='ltr'>quod</span> <span class='ocrx_word' id='word_1_146' title='bbox 1183 1370 1263 1413; x_wconf 82' lang='lat' dir='ltr'>sibi</span> <span class='ocrx_word' id='word_1_147' title='bbox 1285 1370 1376 1427; x_wconf 85' lang='lat' dir='ltr'>ipse</span> <span class='ocrx_word' id='word_1_148' title='bbox 1396 1370 1458 1412; x_wconf 88' lang='lat' dir='ltr'>fe-</span> 
     </span>
     <span class='ocr_line' id='line_1_18' title="bbox 63 1439 1457 1500; baseline -0.002 -16"><span class='ocrx_word' id='word_1_149' title='bbox 63 1441 136 1485; x_wconf 89' lang='lat' dir='ltr'>cit.</span> <span class='ocrx_word' id='word_1_150' title='bbox 171 1443 264 1485; x_wconf 85' lang='lat' dir='ltr'>Hoc</span> <span class='ocrx_word' id='word_1_151' title='bbox 299 1452 443 1484; x_wconf 84' lang='lat' dir='ltr'>autem</span> <span class='ocrx_word' id='word_1_152' title='bbox 469 1442 533 1495; x_wconf 81' lang='lat' dir='ltr'>fit,</span> <span class='ocrx_word' id='word_1_153' title='bbox 561 1442 665 1485; x_wconf 91' lang='lat' dir='ltr'>dum</span> <span class='ocrx_word' id='word_1_154' title='bbox 695 1442 827 1500; x_wconf 85' lang='lat' dir='ltr'>gratia</span> <span class='ocrx_word' id='word_1_155' title='bbox 862 1443 935 1484; x_wconf 87' lang='lat' dir='ltr'>Dei</span> <span class='ocrx_word' id='word_1_156' title='bbox 967 1456 1042 1500; x_wconf 90' lang='lat' dir='ltr'>per</span> <span class='ocrx_word' id='word_1_157' title='bbox 1065 1442 1212 1484; x_wconf 87' lang='lat' dir='ltr'>Jesurn</span> <span class='ocrx_word' id='word_1_158' title='bbox 1236 1439 1457 1483; x_wconf 88' lang='lat' dir='ltr'>Christum</span> 
     </span>
     <span class='ocr_line' id='line_1_19' title="bbox 66 1509 1458 1555; baseline -0.001 -1"><span class='ocrx_word' id='word_1_159' title='bbox 66 1511 299 1554; x_wconf 84' lang='lat' dir='ltr'>Dominum</span> <span class='ocrx_word' id='word_1_160' title='bbox 331 1521 528 1555; x_wconf 86' lang='lat' dir='ltr'>nostrum</span> <span class='ocrx_word' id='word_1_161' title='bbox 563 1520 798 1555; x_wconf 85' lang='lat' dir='ltr'>renovatur</span> <span class='ocrx_word' id='word_1_162' title='bbox 836 1512 966 1555; x_wconf 88' lang='lat' dir='ltr'>homo</span> <span class='ocrx_word' id='word_1_163' title='bbox 1006 1510 1185 1554; x_wconf 83' lang='lat' dir='ltr'>interior</span> <span class='ocrx_word' id='word_1_164' title='bbox 1223 1509 1278 1553; x_wconf 86' lang='lat' dir='ltr'>de</span> <span class='ocrx_word' id='word_1_165' title='bbox 1310 1510 1380 1553; x_wconf 79' lang='lat' dir='ltr'>(lie</span> <span class='ocrx_word' id='word_1_166' title='bbox 1414 1509 1458 1553; x_wconf 92' lang='lat' dir='ltr'>in</span> 
     </span>
     <span class='ocr_line' id='line_1_20' title="bbox 63 1579 1458 1642; baseline -0.001 -18"><span class='ocrx_word' id='word_1_167' title='bbox 63 1579 176 1624; x_wconf 91' lang='lat' dir='ltr'>diem</span> <span class='ocrx_word' id='word_1_168' title='bbox 200 1585 233 1635; x_wconf 77' lang='lat'>²,</span> <span class='ocrx_word' id='word_1_169' title='bbox 259 1591 309 1626; x_wconf 88' lang='lat' dir='ltr'>ut</span> <span class='ocrx_word' id='word_1_170' title='bbox 328 1581 382 1625; x_wconf 76' lang='lat' dir='ltr'>ad</span> <span class='ocrx_word' id='word_1_171' title='bbox 405 1583 728 1642; x_wconf 85' lang='lat' dir='ltr'>sempiternam,</span> <span class='ocrx_word' id='word_1_172' title='bbox 754 1598 840 1626; x_wconf 91' lang='lat' dir='ltr'>non</span> <span class='ocrx_word' id='word_1_173' title='bbox 866 1597 1060 1641; x_wconf 81' lang='lat' dir='ltr'>poenam,</span> <span class='ocrx_word' id='word_1_174' title='bbox 1075 1581 1150 1625; x_wconf 85' lang='lat' dir='ltr'>sed</span> <span class='ocrx_word' id='word_1_175' title='bbox 1164 1581 1296 1624; x_wconf 80' lang='lat' dir='ltr'>vitam</span> <span class='ocrx_word' id='word_1_176' title='bbox 1312 1595 1458 1624; x_wconf 89' lang='lat' dir='ltr'>resur-</span> 
     </span>
     <span class='ocr_line' id='line_1_21' title="bbox 67 1652 923 1709; baseline 0 -14"><span class='ocrx_word' id='word_1_177' title='bbox 67 1662 138 1709; x_wconf 81' lang='lat' dir='ltr'>gat</span> <span class='ocrx_word' id='word_1_178' title='bbox 156 1652 289 1696; x_wconf 87' lang='lat' dir='ltr'>horno</span> <span class='ocrx_word' id='word_1_179' title='bbox 308 1653 494 1696; x_wconf 75' lang='lat' dir='ltr'>exterior</span> <span class='ocrx_word' id='word_1_180' title='bbox 516 1653 558 1696; x_wconf 89' lang='lat' dir='ltr'>in</span> <span class='ocrx_word' id='word_1_181' title='bbox 583 1653 814 1697; x_wconf 89' lang='lat' dir='ltr'>novissimo</span> <span class='ocrx_word' id='word_1_182' title='bbox 837 1652 923 1696; x_wconf 90' lang='lat' dir='ltr'>die.</span> 
     </span>
    </p>

    <p class='ocr_par' dir='ltr' id='par_1_4' title="bbox 61 1721 1464 2557">
     <span class='ocr_line' id='line_1_22' title="bbox 121 1721 1458 1783; baseline -0.001 -18"><span class='ocrx_word' id='word_1_183' title='bbox 121 1724 200 1765; x_wconf 82' lang='lat' dir='ltr'>XI.</span> <span class='ocrx_word' id='word_1_184' title='bbox 230 1742 249 1764; x_wconf 92' lang='lat'>«</span> <span class='ocrx_word' id='word_1_185' title='bbox 269 1725 449 1777; x_wconf 86' lang='lat' dir='ltr'>Iterum,</span> <span class='ocrx_word' id='word_1_186' title='bbox 476 1723 550 1777; x_wconf 83' lang='lat' dir='ltr'>ait,</span> <span class='ocrx_word' id='word_1_187' title='bbox 577 1725 864 1783; x_wconf 78' lang='lat' dir='ltr'>quaerendum</span> <span class='ocrx_word' id='word_1_188' title='bbox 888 1733 966 1774; x_wconf 78' lang='lat' dir='ltr'>est,</span> <span class='ocrx_word' id='word_1_189' title='bbox 993 1730 1102 1782; x_wconf 84' lang='lat' dir='ltr'>quot</span> <span class='ocrx_word' id='word_1_190' title='bbox 1125 1721 1263 1765; x_wconf 82' lang='lat' dir='ltr'>modis</span> <span class='ocrx_word' id='word_1_191' title='bbox 1284 1729 1458 1765; x_wconf 86' lang='lat' dir='ltr'>constet</span> 
     </span>
     <span class='ocr_line' id='line_1_23' title="bbox 65 1791 1457 1852; baseline -0.002 -16"><span class='ocrx_word' id='word_1_192' title='bbox 65 1807 194 1836; x_wconf 89' lang='lat' dir='ltr'>omne</span> <span class='ocrx_word' id='word_1_193' title='bbox 217 1803 474 1852; x_wconf 78' lang='lat' dir='ltr'>peceatum3</span> <span class='ocrx_word' id='word_1_194' title='bbox 500 1794 699 1847; x_wconf 84' lang='lat' dir='ltr'>duobus,</span> <span class='ocrx_word' id='word_1_195' title='bbox 727 1795 770 1837; x_wconf 91' lang='lat' dir='ltr'>ni</span> <span class='ocrx_word' id='word_1_196' title='bbox 796 1792 945 1848; x_wconf 76' lang='lat' dir='ltr'>failor,</span> <span class='ocrx_word' id='word_1_197' title='bbox 972 1793 1004 1837; x_wconf 90' lang='lat' dir='ltr'>si</span> <span class='ocrx_word' id='word_1_198' title='bbox 1033 1802 1108 1836; x_wconf 87' lang='lat' dir='ltr'>aut</span> <span class='ocrx_word' id='word_1_199' title='bbox 1131 1791 1203 1835; x_wconf 86' lang='lat' dir='ltr'>illa</span> <span class='ocrx_word' id='word_1_200' title='bbox 1229 1792 1334 1835; x_wconf 72' lang='lat' dir='ltr'>(iant</span> <span class='ocrx_word' id='word_1_201' title='bbox 1357 1805 1457 1850; x_wconf 80' lang='lat' dir='ltr'>quae</span> 
     </span>
     <span class='ocr_line' id='line_1_24' title="bbox 65 1863 1458 1924; baseline -0.001 -18"><span class='ocrx_word' id='word_1_202' title='bbox 65 1863 370 1922; x_wconf 80' lang='lat' dir='ltr'>prohibentur,</span> <span class='ocrx_word' id='word_1_203' title='bbox 396 1873 471 1908; x_wconf 83' lang='lat' dir='ltr'>aut</span> <span class='ocrx_word' id='word_1_204' title='bbox 495 1863 566 1908; x_wconf 80' lang='lat' dir='ltr'>illa</span> <span class='ocrx_word' id='word_1_205' title='bbox 593 1881 682 1909; x_wconf 89' lang='lat' dir='ltr'>non</span> <span class='ocrx_word' id='word_1_206' title='bbox 706 1865 812 1908; x_wconf 84' lang='lat' dir='ltr'>fiant</span> <span class='ocrx_word' id='word_1_207' title='bbox 841 1880 941 1924; x_wconf 70' lang='lat' dir='ltr'>quae</span> <span class='ocrx_word' id='word_1_208' title='bbox 959 1864 1186 1923; x_wconf 85' lang='lat' dir='ltr'>jubentur.</span> <span class='ocrx_word' id='word_1_209' title='bbox 1217 1865 1318 1905; x_wconf 76' lang='lat' dir='ltr'>Tam</span> <span class='ocrx_word' id='word_1_210' title='bbox 1343 1871 1458 1905; x_wconf 84' lang='lat' dir='ltr'>certe</span> 
     </span>
     <span class='ocr_line' id='line_1_25' title="bbox 66 1934 1458 1994; baseline -0.001 -17"><span class='ocrx_word' id='word_1_211' title='bbox 66 1935 208 1978; x_wconf 85' lang='lat' dir='ltr'>omnia</span> <span class='ocrx_word' id='word_1_212' title='bbox 228 1934 299 1978; x_wconf 81' lang='lat' dir='ltr'>illa</span> <span class='ocrx_word' id='word_1_213' title='bbox 320 1950 420 1994; x_wconf 80' lang='lat' dir='ltr'>quae</span> <span class='ocrx_word' id='word_1_214' title='bbox 442 1936 660 1993; x_wconf 85' lang='lat' dir='ltr'>prohibita</span> <span class='ocrx_word' id='word_1_215' title='bbox 684 1940 787 1978; x_wconf 74' lang='lat' dir='ltr'>Sunt</span> <span class='ocrx_word' id='word_1_216' title='bbox 803 1970 812 1987; x_wconf 83' lang='lat'><strong>‚</strong></span> <span class='ocrx_word' id='word_1_217' title='bbox 834 1936 957 1978; x_wconf 82' lang='lat' dir='ltr'>vitari</span> <span class='ocrx_word' id='word_1_218' title='bbox 978 1944 1181 1993; x_wconf 73' lang='lat' dir='ltr'>possunt,</span> <span class='ocrx_word' id='word_1_219' title='bbox 1203 1949 1335 1992; x_wconf 81' lang='lat' dir='ltr'>quam</span> <span class='ocrx_word' id='word_1_220' title='bbox 1358 1947 1458 1990; x_wconf 83' lang='lat' dir='ltr'>quae</span> 
     </span>
     <span class='ocr_line' id='line_1_26' title="bbox 69 2004 1461 2063; baseline -0.001 -17"><span class='ocrx_word' id='word_1_221' title='bbox 69 2014 282 2062; x_wconf 75' lang='lat' dir='ltr'>praecepta</span> <span class='ocrx_word' id='word_1_222' title='bbox 310 2015 411 2048; x_wconf 88' lang='lat' dir='ltr'>sunt</span> <span class='ocrx_word' id='word_1_223' title='bbox 440 2006 605 2063; x_wconf 82' lang='lat' dir='ltr'>perfici.</span> <span class='ocrx_word' id='word_1_224' title='bbox 638 2007 744 2049; x_wconf 87' lang='lat' dir='ltr'>Nam</span> <span class='ocrx_word' id='word_1_225' title='bbox 778 2004 934 2048; x_wconf 83' lang='lat' dir='ltr'>frustra</span> <span class='ocrx_word' id='word_1_226' title='bbox 957 2014 1032 2048; x_wconf 86' lang='lat' dir='ltr'>ant</span> <span class='ocrx_word' id='word_1_227' title='bbox 1055 2004 1361 2063; x_wconf 83' lang='lat' dir='ltr'>prohiberetur</span> <span class='ocrx_word' id='word_1_228' title='bbox 1384 2010 1461 2045; x_wconf 83' lang='lat' dir='ltr'>aut</span> 
     </span>
     <span class='ocr_line' id='line_1_27' title="bbox 61 2074 1462 2134; baseline -0.001 -17"><span class='ocrx_word' id='word_1_229' title='bbox 61 2076 307 2134; x_wconf 81' lang='lat' dir='ltr'>juberetur,</span> <span class='ocrx_word' id='word_1_230' title='bbox 329 2077 449 2133; x_wconf 83' lang='lat' dir='ltr'>quod</span> <span class='ocrx_word' id='word_1_231' title='bbox 463 2075 532 2119; x_wconf 80' lang='lat' dir='ltr'>vel</span> <span class='ocrx_word' id='word_1_232' title='bbox 551 2077 692 2119; x_wconf 84' lang='lat' dir='ltr'>caveri</span> <span class='ocrx_word' id='word_1_233' title='bbox 710 2075 780 2118; x_wconf 86' lang='lat' dir='ltr'>vel</span> <span class='ocrx_word' id='word_1_234' title='bbox 797 2074 970 2133; x_wconf 89' lang='lat' dir='ltr'>impleri</span> <span class='ocrx_word' id='word_1_235' title='bbox 989 2090 1076 2118; x_wconf 92' lang='lat' dir='ltr'>non</span> <span class='ocrx_word' id='word_1_236' title='bbox 1094 2083 1250 2132; x_wconf 88' lang='lat' dir='ltr'>posset.</span> <span class='ocrx_word' id='word_1_237' title='bbox 1273 2075 1329 2116; x_wconf 86' lang='lat' dir='ltr'>Et</span> <span class='ocrx_word' id='word_1_238' title='bbox 1349 2088 1462 2131; x_wconf 86' lang='lat' dir='ltr'>quo-</span> 
     </span>
     <span class='ocr_line' id='line_1_28' title="bbox 68 2145 1460 2205; baseline -0.001 -17"><span class='ocrx_word' id='word_1_239' title='bbox 68 2147 200 2189; x_wconf 90' lang='lat' dir='ltr'>modo</span> <span class='ocrx_word' id='word_1_240' title='bbox 222 2146 479 2203; x_wconf 82' lang='lat' dir='ltr'>negabimus</span> <span class='ocrx_word' id='word_1_241' title='bbox 502 2161 645 2205; x_wconf 89' lang='lat' dir='ltr'>possse</span> <span class='ocrx_word' id='word_1_242' title='bbox 666 2161 754 2189; x_wconf 81' lang='lat' dir='ltr'>esse</span> <span class='ocrx_word' id='word_1_243' title='bbox 781 2146 1000 2189; x_wconf 80' lang='lat' dir='ltr'>hominem</span> <span class='ocrx_word' id='word_1_244' title='bbox 1025 2145 1116 2188; x_wconf 87' lang='lat' dir='ltr'>sine</span> <span class='ocrx_word' id='word_1_245' title='bbox 1140 2152 1333 2203; x_wconf 84' lang='lat' dir='ltr'>peccato,</span> <span class='ocrx_word' id='word_1_246' title='bbox 1359 2158 1460 2187; x_wconf 83' lang='lat' dir='ltr'>curn</span> 
     </span>
     <span class='ocr_line' id='line_1_29' title="bbox 69 2214 1462 2274; baseline -0.002 -15"><span class='ocrx_word' id='word_1_247' title='bbox 69 2216 265 2260; x_wconf 85' lang='lat' dir='ltr'>confiteri</span> <span class='ocrx_word' id='word_1_248' title='bbox 296 2231 466 2259; x_wconf 80' lang='lat' dir='ltr'>necesse</span> <span class='ocrx_word' id='word_1_249' title='bbox 496 2216 580 2271; x_wconf 82' lang='lat' dir='ltr'>sit,</span> <span class='ocrx_word' id='word_1_250' title='bbox 612 2231 711 2259; x_wconf 89' lang='lat' dir='ltr'>eum</span> <span class='ocrx_word' id='word_1_251' title='bbox 740 2225 828 2259; x_wconf 84' lang='lat' dir='ltr'>tam</span> <span class='ocrx_word' id='word_1_252' title='bbox 859 2215 1003 2258; x_wconf 86' lang='lat' dir='ltr'>omnia</span> <span class='ocrx_word' id='word_1_253' title='bbox 1031 2214 1103 2258; x_wconf 78' lang='lat' dir='ltr'>illa</span> <span class='ocrx_word' id='word_1_254' title='bbox 1131 2230 1229 2274; x_wconf 83' lang='lat' dir='ltr'>quae</span> <span class='ocrx_word' id='word_1_255' title='bbox 1257 2223 1462 2257; x_wconf 85' lang='lat' dir='ltr'>vetantur</span> 
     </span>
     <span class='ocr_line' id='line_1_30' title="bbox 70 2286 1463 2346; baseline -0.003 -15"><span class='ocrx_word' id='word_1_256' title='bbox 70 2302 193 2345; x_wconf 87' lang='lat' dir='ltr'>posse</span> <span class='ocrx_word' id='word_1_257' title='bbox 214 2301 365 2330; x_wconf 85' lang='lat' dir='ltr'>cavere</span> <span class='ocrx_word' id='word_1_258' title='bbox 384 2322 397 2339; x_wconf 90' lang='lat'><em>,</em></span> <span class='ocrx_word' id='word_1_259' title='bbox 421 2302 552 2345; x_wconf 84' lang='lat' dir='ltr'>quam</span> <span class='ocrx_word' id='word_1_260' title='bbox 576 2303 674 2346; x_wconf 65' lang='lat' dir='ltr'>quse</span> <span class='ocrx_word' id='word_1_261' title='bbox 696 2287 968 2345; x_wconf 84' lang='lat' dir='ltr'>imperantur</span> <span class='ocrx_word' id='word_1_262' title='bbox 992 2286 1192 2329; x_wconf 81' lang='lat' dir='ltr'>efficere?</span> <span class='ocrx_word' id='word_1_263' title='bbox 1220 2307 1236 2325; x_wconf 86' lang='lat'><em>»</em></span> <span class='ocrx_word' id='word_1_264' title='bbox 1266 2288 1463 2343; x_wconf 86' lang='lat' dir='ltr'>Respon-</span> 
     </span>
     <span class='ocr_line' id='line_1_31' title="bbox 72 2356 1463 2415; baseline 0 -17"><span class='ocrx_word' id='word_1_265' title='bbox 72 2356 199 2399; x_wconf 87' lang='lat' dir='ltr'>detur</span> <span class='ocrx_word' id='word_1_266' title='bbox 214 2356 350 2399; x_wconf 86' lang='lat' dir='ltr'>multa</span> <span class='ocrx_word' id='word_1_267' title='bbox 364 2371 453 2399; x_wconf 85' lang='lat' dir='ltr'>esse</span> <span class='ocrx_word' id='word_1_268' title='bbox 469 2356 512 2399; x_wconf 87' lang='lat' dir='ltr'>in</span> <span class='ocrx_word' id='word_1_269' title='bbox 531 2357 760 2415; x_wconf 86' lang='lat' dir='ltr'>Scripturis</span> <span class='ocrx_word' id='word_1_270' title='bbox 776 2357 932 2400; x_wconf 84' lang='lat' dir='ltr'>sanctis</span> <span class='ocrx_word' id='word_1_271' title='bbox 948 2357 1093 2399; x_wconf 88' lang='lat' dir='ltr'>divina</span> <span class='ocrx_word' id='word_1_272' title='bbox 1109 2364 1343 2414; x_wconf 72' lang='lat' dir='ltr'>praecepta,</span> <span class='ocrx_word' id='word_1_273' title='bbox 1362 2369 1463 2414; x_wconf 82' lang='lat' dir='ltr'>quae</span> 
     </span>
     <span class='ocr_line' id='line_1_32' title="bbox 72 2426 1464 2486; baseline 0.001 -17"><span class='ocrx_word' id='word_1_274' title='bbox 72 2427 216 2470; x_wconf 85' lang='lat' dir='ltr'>omnia</span> <span class='ocrx_word' id='word_1_275' title='bbox 239 2442 579 2471; x_wconf 82' lang='lat' dir='ltr'>commemorare</span> <span class='ocrx_word' id='word_1_276' title='bbox 602 2427 725 2471; x_wconf 88' lang='lat' dir='ltr'>nimis</span> <span class='ocrx_word' id='word_1_277' title='bbox 748 2442 981 2486; x_wconf 89' lang='lat' dir='ltr'>operosum</span> <span class='ocrx_word' id='word_1_278' title='bbox 1005 2436 1070 2470; x_wconf 86' lang='lat' dir='ltr'>est</span> <span class='ocrx_word' id='word_1_279' title='bbox 1089 2430 1101 2452; x_wconf 78' lang='lat'>²</span> <span class='ocrx_word' id='word_1_280' title='bbox 1126 2446 1134 2470; x_wconf 88' lang='grc'>;</span> <span class='ocrx_word' id='word_1_281' title='bbox 1159 2426 1233 2470; x_wconf 91' lang='lat' dir='ltr'>sed</span> <span class='ocrx_word' id='word_1_282' title='bbox 1256 2426 1464 2470; x_wconf 87' lang='lat' dir='ltr'>Dominus</span> 
     </span>
     <span class='ocr_line' id='line_1_33' title="bbox 73 2497 1460 2557; baseline -0.001 -16"><span class='ocrx_word' id='word_1_283' title='bbox 73 2498 149 2557; x_wconf 81' lang='lat' dir='ltr'>qui</span> <span class='ocrx_word' id='word_1_284' title='bbox 172 2497 353 2540; x_wconf 88' lang='lat' dir='ltr'>verbum</span> <span class='ocrx_word' id='word_1_285' title='bbox 374 2512 679 2542; x_wconf 84' lang='lat' dir='ltr'>consummans</span> <span class='ocrx_word' id='word_1_286' title='bbox 702 2508 744 2543; x_wconf 84' lang='lat' dir='ltr'>et</span> <span class='ocrx_word' id='word_1_287' title='bbox 767 2498 966 2543; x_wconf 84' lang='lat' dir='ltr'>brevians</span> <span class='ocrx_word' id='word_1_288' title='bbox 991 2497 1097 2542; x_wconf 86' lang='lat' dir='ltr'>fecit</span> <span class='ocrx_word' id='word_1_289' title='bbox 1119 2511 1248 2556; x_wconf 84' lang='lat' dir='ltr'>super</span> <span class='ocrx_word' id='word_1_290' title='bbox 1270 2506 1427 2541; x_wconf 83' lang='lat' dir='ltr'>terram</span> <span class='ocrx_word' id='word_1_291' title='bbox 1448 2530 1460 2550; x_wconf 88' lang='lat'><strong>‚</strong></span> 
     </span>
    </p>
   </div>
   <div class='ocr_carea' id='block_1_3' title="bbox 123 2582 378 2622">
    <p class='ocr_par' dir='ltr' id='par_1_5' title="bbox 123 2582 378 2622">
     <span class='ocr_line' id='line_1_34' title="bbox 123 2582 378 2622; baseline -0.004 -9"><span class='ocrx_word' id='word_1_292' title='bbox 123 2589 131 2603; x_wconf 85' lang='lat'>¹</span> <span class='ocrx_word' id='word_1_293' title='bbox 154 2584 244 2614; x_wconf 78' lang='lat' dir='ltr'>Rom.</span> <span class='ocrx_word' id='word_1_294' title='bbox 258 2592 304 2622; x_wconf 81' lang='lat' dir='ltr'>ix,</span> <span class='ocrx_word' id='word_1_295' title='bbox 325 2582 378 2613; x_wconf 72' lang='lat'>28.</span> 
     </span>
    </p>
   </div>
  </div>
 </body>
</html>
