1804 3205
419 226 497 252 un.
538 228 581 251 ιι.
622 227 671 252 ιη’,
703 226 879 253 racemo
912 226 1149 254 culumina.
1401 217 1469 251 181

98 288 188 332 bitu
215 289 431 332 bominem
463 291 683 334 conderet.
719 291 837 335 Sicut
866 306 969 348 crgo
999 289 1199 334 adulterii
1232 289 1479 332 damnabile

95 361 279 411 malum,
312 361 490 419 quando
520 372 562 405 ct
596 363 695 406 inde
725 364 854 407 homo
885 363 1093 413 nascitur,
1128 377 1215 405 non
1239 362 1478 419 imputatur

97 434 198 483 Deo,
219 433 294 490 qui
318 442 434 476 certe
459 434 500 476 in
516 449 645 490 opere
670 435 892 477 bominum
913 432 1025 477 malo
1048 432 1150 476 facit
1173 433 1262 491 ipse
1280 446 1388 490 opus
1410 432 1477 473 bo-

93 519 197 547 num
227 524 233 547 ;
257 505 312 548 ita
337 504 554 563 quidquid
567 514 630 548 est
653 505 906 564 pudendum
927 506 969 548 in
989 504 1282 548 membrorum
1301 502 1372 545 illa
1391 503 1480 546 ino-

92 574 331 627 bedientia,
364 574 418 618 de
441 591 526 634 qua
558 575 854 628 erubuerunt,
889 576 963 634 qui
993 584 1087 634 post
1117 584 1337 633 peccatum
1365 572 1478 616 foliis

92 645 286 688 ficulneis
304 645 454 689 eadem
479 646 672 689 membra
694 655 908 699 texerunt,
929 661 1016 689 non
1032 645 1195 703 nuptiis
1214 644 1474 702 imputatur,

90 727 267 776 propter
282 733 388 777 quas
404 718 661 762 concubitus
682 718 921 777 conjugalis
939 734 1026 762 non
1043 717 1182 762 solum
1202 726 1265 760 est
1287 716 1428 760 licitus
1445 719 1477 763 ¹,

91 788 372 831 verumetiam
392 788 507 832 utilis
525 797 568 832 ct
591 790 820 845 honestus3
840 788 912 832 sed
930 789 1172 846 imputatur
1193 795 1369 845 peccato
1385 786 1480 829 ino-

90 857 338 911 bedientiae,
357 860 480 917 cujus
500 860 591 903 haec
612 875 743 918 poena
761 869 824 903 est
846 868 1094 910 consecuta,
1113 867 1161 901 ut
1185 858 1315 901 homo
1334 857 1479 900 inobe-

90 929 213 971 diens
240 932 341 979 Deo,
363 946 435 973 sua
458 946 635 989 quoquc
653 931 731 974 sibi
751 930 1047 974 inobedientia
1067 927 1256 972 membra
1277 927 1454 969 sentiret
1472 945 1480 969 2

91 998 146 1042 de
169 1000 332 1058 quibus
354 1002 627 1055 erubescens,
656 1003 774 1060 quod
798 1016 885 1044 non
917 1000 971 1044 ad
995 999 1224 1043 arbitrium
1246 997 1482 1041 voluntatis

89 1150 386 1194 moverentur,
412 1157 510 1200 quae
539 1141 742 1200 pudenda
770 1141 1003 1201 judicavit,
1031 1138 1263 1199 operienda
1297 1138 1479 1182 curavit.

89 1212 182 1254 Non
208 1211 321 1254 enim
341 1211 555 1255 confundi
584 1209 892 1256 debuit'homo
915 1211 970 1255 de
1001 1226 1131 1270 opere
1160 1209 1250 1263 Dei,
1282 1218 1356 1252 aut
1392 1207 1480 1250 ullo

89 1281 219 1325 modo
247 1281 419 1326 fuerant
445 1293 589 1327 creato
618 1283 912 1328 erubescenda
933 1318 943 1335 ‚
972 1298 1072 1341 quae
1102 1279 1366 1324 instituenda
1390 1279 1477 1322 visa

89 1362 189 1395 sunt
216 1353 424 1396 Creatori.
464 1356 614 1412 ltaque
647 1368 726 1397 nec
760 1357 847 1396 Deo
883 1368 960 1396 nec
993 1351 1157 1396 homini
1193 1349 1265 1393 illa
1299 1349 1479 1406 simplex

88 1421 262 1465 nuditas
284 1422 555 1481 displicebat,
581 1424 759 1482 quando
790 1422 896 1466 nihil
928 1431 1018 1466 erat
1056 1419 1340 1479 pudendum,
1373 1419 1474 1477 quia

90 1492 196 1535 nihil
224 1502 496 1551 praeeesserat
514 1493 807 1551 puniendum.

145 1565 238 1607 XL.
253 1566 402 1607 Essent
421 1573 565 1607 autem
586 1563 739 1622 procul
762 1563 899 1607 dubio
919 1562 1083 1621 nuptiae
1101 1562 1230 1605 etiam
1254 1575 1343 1604 non
1362 1574 1476 1617 prae-

87 1633 269 1677 cedente
293 1643 486 1692 peccato,
508 1635 609 1693 quia
628 1649 770 1693 neque
784 1633 842 1678 ob
863 1631 989 1676 aliam
1014 1646 1186 1676 causam
1201 1631 1295 1675 viro
1311 1629 1479 1687 adjuto-

89 1707 198 1748 rium
221 1740 233 1758 ,
273 1721 362 1749 non
401 1706 508 1749 alius
529 1707 619 1758 vir,
653 1704 728 1749 sed
762 1704 941 1748 foemina
966 1703 1078 1748 facta
1110 1711 1188 1746 est.
1215 1704 1271 1746 Et
1297 1700 1369 1744 illa
1403 1700 1479 1744 Dei

89 1776 219 1819 verba
240 1794 247 1819 :
277 1794 295 1817 α
319 1776 508 1820 Crescite
523 1785 566 1819 et
584 1774 932 1833 multiplicamini
950 1778 966 1799 '2
988 1793 997 1817 2
1022 1793 1041 1814 ι)
1063 1788 1151 1817 non
1173 1781 1237 1816 est
1259 1771 1476 1814 damnan-

89 1844 246 1889 dorum
267 1845 490 1903 praedictio
512 1855 790 1903 peccatorum
811 1878 821 1896 ‚
853 1843 929 1886 sed
957 1842 1309 1887 foecundatarum
1338 1842 1474 1884 bene-

88 1917 220 1960 dictio
239 1916 504 1974 nuptiarum.
534 1918 607 1958 His
630 1915 746 1958 enim
761 1917 873 1957 Deus
896 1912 1189 1957 ineffabilibus
1208 1912 1293 1955 suis
1314 1911 1471 1964 verbis,

88 1985 131 2029 id
164 1996 227 2029 est
248 2021 257 2035 ,
296 1985 450 2029 divinis
484 1985 720 2029 rationibus
757 1984 802 2026 iu
831 1999 920 2027 suae
953 1982 1175 2041 sapientiae
1195 2017 1204 2033 ‚
1236 1997 1315 2040 per
1342 1995 1474 2039 quam

90 2055 200 2099 facta
223 2063 323 2098 sunt
347 2055 490 2098 omnia
507 2089 517 2109 ‚
543 2054 722 2098 veritate
744 2052 991 2097 viventibus
1019 2052 1104 2095 vim
1128 2051 1301 2095 seminis
1317 2049 1478 2093 indidit

88 2124 234 2183 primis
257 2124 520 2168 hominibus.
550 2123 592 2167 Si
612 2132 756 2167 autem
782 2131 958 2180 peccato
982 2136 1070 2166 non
1092 2121 1242 2164 fuisset
1264 2120 1475 2163 dehones-

89 2204 176 2239 tata
189 2204 359 2247 natura,
389 2194 501 2237 absit
521 2203 569 2237 ut
583 2194 814 2252 opinemur
837 2191 941 2236 tales
963 2191 1131 2235 futuras
1153 2190 1286 2234 fuisse
1301 2190 1474 2247 nuptias

89 2266 132 2310 in
156 2265 353 2324 paradiso
371 2300 380 2318 ‚
409 2274 456 2308 ut
479 2265 523 2308 in
552 2265 611 2307 eis
642 2263 696 2307 ad
726 2262 890 2321 prolem
920 2262 1214 2306 seminandam
1251 2275 1339 2303 non
1362 2269 1472 2303 nutu

89 2335 324 2381 voluntatis
344 2370 354 2390 ‚
381 2336 491 2379 sicut
524 2350 595 2393 pes
635 2335 689 2378 ad
725 2332 1040 2376 ambulandum
1061 2367 1071 2386 ,
1098 2346 1252 2375 manus
1277 2331 1331 2373 ad
1364 2344 1473 2388 ope-

88 2407 291 2460 randum,
312 2405 460 2464 lingua
473 2405 526 2449 ad
539 2405 811 2464 loquendum
829 2403 928 2460 3sed
951 2413 1058 2446 aestu
1074 2400 1266 2445 libidinis
1278 2402 1474 2444 membra

90 2476 291 2536 genitalia
312 2484 605 2519 moverentur.
631 2477 718 2518 Nec
740 2474 851 2517 sicut
872 2488 989 2516 nunc
1004 2473 1068 2526 fit,
1087 2470 1340 2529 virginitatis
1358 2470 1469 2512 inte-

139 2569 143 2584 ¹
167 2563 244 2593 Gen.
266 2570 316 2595 ιιι,
338 2571 368 2602 7.
384 2577 423 2584 —
439 2559 628 2600 21d.1,28.
