1784 3205
351 252 435 292 420
776 261 810 291 s.
845 261 1074 291 Auens‘rml
1106 262 1287 291 Emscom

346 335 489 386 posset
524 325 688 382 dicere,
727 328 820 386 Ego
843 335 984 370 autem
1021 327 1214 372 mortalis
1248 341 1344 371 sum
1374 345 1383 371 :
1418 327 1539 387 quod
1571 327 1725 386 utique

348 413 437 443 non
473 398 552 442 nisi
585 398 825 442 secundum
861 412 1016 457 corpus
1048 397 1360 456 intelligeretur
1394 396 1567 453 dixisse,
1606 396 1726 457 quod

349 467 548 514 nondum
580 468 721 513 luerat
753 469 1074 514 immortalitate
1101 469 1320 513 vestitum.
1355 471 1465 513 Item
1499 467 1619 529 quod
1652 467 1727 512 ad-

343 540 485 599 junxit
507 559 516 584 2
545 558 564 581 «
584 540 886 583 Venumdatus
907 540 988 583 sub
1012 547 1189 598 peccato
1212 557 1220 584 ε
1246 557 1266 581 »
1292 554 1347 583 ne
1368 539 1599 598 quisquam
1627 553 1728 582 eum

348 610 546 654 nondum
569 609 843 668 redemptum
860 610 1019 655 Christi
1033 610 1241 668 sanguine
1258 609 1484 663 existimet,
1503 609 1632 652 etiam
1646 609 1728 653 hoc

349 679 591 724 secundum
622 678 732 723 illud
755 688 897 739 potest
924 678 1128 739 intelligi,
1159 680 1279 739 quod
1301 679 1387 723 ait:
1417 698 1437 721 «
1463 681 1519 723 Et
1539 694 1617 723 nos
1638 679 1728 738 pri-

347 768 367 791 »
392 750 532 794 initias
554 751 763 794 habentes
796 750 992 809 spiritus,
1019 759 1061 794 et
1091 750 1171 809 ipsi
1192 751 1236 794 in
1266 750 1584 809 nobismetipsis
1604 749 1728 808 inge-

348 838 368 860 »
392 820 611 864 miscimus
640 821 917 880 adoptionem
947 829 1236 880 expectantes,
1265 820 1607 879 redemptionem
1635 834 1730 864 cor-

349 906 367 931 »
394 891 508 948 poris
536 890 714 935 nostri1.
744 909 763 931 »
790 891 832 935 Si
851 891 966 934 enirn
995 889 1234 935 secundum
1250 890 1334 934 hoc
1362 905 1406 934 se
1423 889 1527 933 dicit
1546 904 1730 934 venum-

347 961 499 1005 datum
533 962 614 1005 sub
647 971 825 1020 peccato
845 997 856 1017 ,
899 962 1019 1021 quod
1056 962 1199 1006 adhuc
1241 977 1327 1006 non
1362 971 1425 1006 est
1456 962 1731 1020 redemptum

350 1046 373 1074 a
394 1032 673 1090 corruptione
692 1047 849 1090 corpus
873 1033 986 1091 ejus,
1010 1032 1080 1076 vel
1101 1031 1414 1076 venumdatum
1436 1031 1669 1091 aliquando
1686 1031 1732 1074 in

347 1100 484 1157 prima
510 1102 843 1158 transgressione
865 1102 1092 1160 praecepti,
1113 1111 1163 1145 ut
1185 1102 1365 1145 haberet
1385 1117 1541 1161 corpus
1559 1116 1732 1159 corrup-

347 1169 468 1213 tibile
490 1169 610 1228 quod
632 1180 833 1228 aggravat
865 1172 1052 1215 animam
1068 1175 1085 1197 ‘2
1110 1191 1117 1215 :
1148 1173 1253 1230 quid
1276 1172 1478 1230 prohibet
1505 1173 1573 1215 hic
1595 1175 1732 1231 Apos-

346 1238 487 1283 tolum
523 1240 707 1298 intelligi
743 1240 796 1284 de
831 1255 874 1284 se
910 1241 1003 1298 ipso
1038 1241 1181 1284 dicere
1198 1275 1208 1295 ,
1250 1242 1371 1300 quod
1406 1242 1467 1285 ita
1507 1240 1637 1296 dicit,
1684 1249 1734 1284 ut

347 1311 477 1354 etiam
499 1311 544 1354 in
566 1311 660 1369 ipso
682 1312 815 1370 possit
836 1311 1043 1370 intelligi,
1066 1312 1195 1355 etiam
1217 1312 1250 1355 si
1271 1312 1314 1354 in
1340 1327 1416 1356 sua
1438 1327 1620 1371 persona
1643 1326 1733 1356 non

347 1397 390 1426 se
419 1382 583 1437 solum,
604 1381 680 1425 sed
701 1397 853 1426 omnes
876 1383 1012 1441 accipi
1041 1382 1172 1437 velit,
1198 1383 1274 1442 qui
1295 1398 1339 1426 se
1361 1391 1578 1427 noverunt
1609 1381 1735 1442 spiri-

345 1451 420 1496 tali
452 1452 740 1498 delectatione
774 1468 875 1497 cum
899 1453 1038 1498 carnis
1072 1453 1303 1497 affectione
1331 1453 1422 1498 sine
1455 1453 1735 1498 consensione

348 1523 611 1581 confligere?

404 1594 572 1636 XVIII.
599 1597 668 1637 An
685 1593 798 1638 forte
814 1594 1050 1639 metuimus
1071 1609 1120 1637 ea
1139 1610 1238 1653 quae
1259 1603 1502 1654 sequuntur
1523 1613 1535 1639 ι
1563 1612 1582 1636 «
1605 1592 1734 1647 Quod

352 1682 370 1705 »
397 1664 513 1707 enim
535 1662 705 1722 operor,
722 1665 893 1723 ignoro3
914 1685 924 1722 3
944 1680 1034 1709 non
1051 1665 1166 1708 enim
1183 1665 1303 1724 quod
1315 1665 1414 1710 volo
1431 1666 1514 1710 hoc
1536 1680 1635 1724 ago,-
1660 1663 1736 1709 sed

352 1754 372 1778 »
400 1735 520 1795 quod
542 1735 614 1780 odi
636 1735 746 1781 illud
764 1736 875 1780 facio
902 1754 911 1780 ε
940 1755 959 1777 »
984 1751 1039 1779 ne
1058 1736 1170 1780 forte
1201 1751 1253 1779 ex
1273 1736 1339 1780 his
1360 1736 1500 1780 verbis
1521 1735 1736 1796 quispiam

351 1807 594 1851 consentire
609 1806 748 1850 carnis
765 1806 1126 1865 concupiscentiae
1145 1805 1198 1849 ad
1216 1821 1345 1864 opera
1367 1806 1479 1850 mala
1497 1806 1736 1865 suspicetur

351 1878 641 1937 Apostolum?
662 1877 745 1922 Sed
767 1876 1127 1922 considerandum
1152 1885 1215 1920 est
1236 1876 1355 1936 quod
1377 1876 1575 1936 adjungit
1606 1895 1614 1921 :
1646 1895 1666 1917 «
1693 1876 1736 1921 Si

354 1966 374 1989 »
399 1958 545 1993 autem
560 1949 681 2008 quod
696 1948 798 1992 nolo
812 1949 896 1993 hoc
909 1947 1036 2002 facio,
1058 1948 1280 1992 consentio
1297 1947 1381 2006 legi
1399 1950 1607 2007 quoniam
1619 1946 1736 1991 bona

355 2037 375 2060 »
400 2020 502 2062 est3.
524 2036 543 2059 »
564 2018 701 2076 Magis
722 2018 837 2062 enim
855 2033 898 2061 se
920 2017 1025 2061 dicit
1047 2017 1130 2075 legi
1153 2017 1417 2072 consentire,
1444 2032 1577 2077 quam
1599 2017 1737 2061 carnis

353 2088 728 2146 concupiscentiae.
755 2091 877 2131 Hanc
900 2088 1014 2130 enim
1043 2088 1208 2146 peccati
1231 2088 1404 2131 nomine
1427 2087 1630 2146 appellat.
1654 2089 1686 2130 F
1692 2103 1736 2131 a-

354 2174 450 2203 cere
470 2173 571 2215 ergo
587 2173 630 2201 se
652 2158 756 2201 dixit
774 2167 816 2201 et
840 2157 1007 2216 operari
1023 2191 1033 2210 ,
1058 2172 1147 2200 non
1175 2157 1336 2200 affectu
1365 2156 1663 2201 consentiendi
1694 2165 1738 2201 et

354 2227 580 2287 implendi,
602 2228 676 2271 sed
691 2229 781 2286 ipso
798 2236 920 2271 motu
936 2226 1287 2285 concupiscendi.
1308 2228 1419 2271 Hinc
1437 2243 1554 2286 ergo,
1574 2227 1737 2286 inquit,

355 2299 578 2343 consentio
605 2298 691 2356 legi
719 2299 925 2357 quoniam
949 2298 1063 2341 bona
1094 2306 1155 2340 est
1188 2316 1196 2341 :
1234 2298 1483 2352 consentio,
1509 2297 1610 2358 quia
1633 2297 1736 2342 nolo

356 2369 475 2427 quod
498 2384 588 2412 non
614 2368 724 2413 vult.
752 2367 918 2412 Deinde
949 2366 1075 2422 dicit,
1104 2369 1229 2412 Nunc
1251 2377 1396 2410 autem
1416 2370 1504 2428 jam
1539 2383 1628 2412 non
1655 2383 1736 2426 ego

358 2454 512 2498 operor
533 2438 665 2493 illud,
691 2440 765 2483 sed
786 2439 832 2482 id
853 2437 973 2498 quod
994 2438 1160 2482 habitat
1177 2437 1221 2481 in
1239 2453 1307 2481 me
1326 2447 1550 2496 peccatum
1570 2440 1599 2482 ⁵.
1621 2437 1737 2491 Quid

407 2550 415 2565 ¹
441 2544 531 2574 Rom.
564 2553 633 2582 vm,
666 2542 715 2574 23.
735 2557 773 2565 -
795 2549 806 2564 ²
829 2544 901 2584 Sap.
922 2552 966 2582 lx,
999 2540 1048 2574 15.
1068 2558 1108 2565 —-
1125 2540 1139 2564 3
1162 2543 1250 2575 Rom.
1277 2551 1335 2579 vu,
1359 2540 1601 2583 19.-41bid.
1626 2540 1676 2573 16.
1694 2557 1735 2564 —

358 2594 372 2619 5
391 2595 472 2630 lbid.
497 2607 546 2638 ις.
