1784 3205
329 207 408 246 274
747 220 779 242 s.
817 216 1046 242 Aoeusnm
1082 215 1260 241 Episcopi

323 302 341 325 »
369 281 544 336 decidit,
569 281 838 340 fugitantem
854 281 965 324 sicut
987 279 1143 322 umbra
1165 288 1208 323 et
1230 294 1317 323 non
1332 276 1484 335 stabit3
1502 293 1647 321 nonne
1665 287 1708 321 et

322 373 340 396 »
368 354 496 413 hujus
518 367 667 397 curam
686 351 840 405 fecisti,
867 359 909 393 et
931 350 1050 393 hunc
1067 349 1206 393 fecisti
1228 349 1389 393 intrare
1411 348 1454 392 in
1471 357 1708 407 conspectu

322 444 341 466 »
368 433 445 469 tuo
467 422 737 484 injudicium
753 426 770 464 ’ἐ
793 421 898 474 Quis
920 420 1037 464 enim
1056 420 1136 464 erit
1153 420 1342 464 mundus
1365 436 1388 463 a
1410 419 1708 463 sordibus?ne

321 517 338 537 »
365 511 477 540 unus
493 494 689 555 quidem,
705 494 834 537 etiam
852 493 887 536 si
903 492 1030 536 unius
1046 491 1131 536 diei
1145 490 1276 535 fuerit
1287 492 1374 536 vita
1386 492 1476 550 ejus
1487 505 1616 550 super
1628 500 1708 535 ter-

319 584 338 607 »
366 582 454 610 ram
476 567 487 591 ¹
508 567 558 606 ‘?»
579 569 690 618 Quas
713 564 827 608 enim
848 562 1002 606 dixerit
1019 561 1189 616 sordes,
1210 562 1311 622 quia
1328 570 1503 620 peccata
1525 560 1708 618 intelligi

313 635 468 689 voluit,
490 636 580 694 ipsa
602 635 731 679 lectio
755 633 935 688 indicat,
967 633 1042 677 ubi
1064 648 1238 692 prorsus
1264 631 1378 676 unde
1399 631 1606 691 loquatur
1637 646 1709 690 ap-

311 716 432 764 paret
455 725 462 749 :
484 704 600 749 unde
626 714 689 748 est
719 714 761 748 et
779 703 889 748 illud
913 704 1029 763 apud
1056 705 1311 763 prophetam
1337 703 1604 757 Zachariam,
1632 702 1710 746 ubi

310 776 509 820 aufertur
527 792 550 819 a
569 776 790 820 sacerdote
821 776 950 819 vestis
975 774 1174 829 sordida,
1201 785 1243 818 et
1265 773 1424 818 dicitur
1449 775 1486 817 ei
1512 792 1521 818 :
1550 792 1570 815 «
1596 775 1709 817 Ecce

310 847 470 891 abstuli
495 851 700 905 peccata‘2
724 857 795 891 tua
820 867 828 892 ;
858 866 875 888 υ
904 850 1016 891 Puto
1039 844 1158 905 quod
1179 846 1258 890 ista
1281 845 1426 889 omnia
1444 879 1455 899 ‚
1487 853 1530 888 et
1551 854 1707 888 caetera

312 917 589 977 hujusmodi,
629 934 727 977 quae
762 917 955 962 indicant
983 932 1158 961 omnem
1181 916 1405 960 hominem
1428 915 1510 958 sub
1531 922 1711 974 peccato

310 996 354 1031 et
369 987 598 1031 maledicto
614 989 745 1042 nasci,
762 1003 850 1031 non
865 986 1073 1046 leguntur
1087 988 1133 1031 in
1147 986 1337 1031 tenebris
1348 985 1708 1040 Manichaeorum,

280 1070 283 1072 ’
310 1058 387 1102 sed
407 1058 452 1101 in
478 1058 574 1102 luce
601 1057 934 1102 catholicorum.

376 1133 448 1172 LI.
485 1130 597 1182 Quid
614 1139 760 1173 autem
778 1129 919 1173 dicam
940 1128 994 1172 de
1011 1129 1109 1186 ipsis
1128 1126 1375 1172 divinarum
1393 1127 1711 1186 scripturarum

317 1200 722 1258 tractatoi·ibus‚qui
736 1201 780 1242 in
798 1199 1009 1244 catholica
1022 1198 1209 1243 Ecclesia
1222 1199 1498 1252 floruerunt‚‹
1504 1197 1711 1257 [uomodo

312 1270 404 1313 haec
428 1285 516 1313 non
540 1271 581 1312 in
606 1270 710 1313 alios
732 1284 881 1313 sensus
903 1269 1048 1313 eonati
1067 1279 1168 1312 sunt
1186 1277 1368 1322 vertere,
1390 1268 1598 1327 quoniam
1621 1277 1710 1312 sta-

312 1339 419 1383 biles
435 1348 555 1383 eraut
571 1340 615 1383 in
632 1339 931 1398 antiquissima
952 1348 995 1383 et
1016 1339 1311 1382 robustissima
1333 1338 1436 1390 fide,
1458 1353 1546 1382 non
1565 1348 1711 1382 autem

321 1410 486 1454 novitio
514 1410 803 1454 movebantur
837 1424 996 1453 errore.
1032 1411 1150 1461 Quos
1183 1409 1216 1453 si
1249 1408 1453 1467 colligere
1487 1418 1529 1452 et
1560 1423 1711 1453 eorum

316 1480 572 1527 testimoniis
599 1481 661 1524 uti
682 1479 831 1534 velim,
858 1489 900 1524 ct
918 1480 1044 1523 nimis
1061 1479 1242 1537 longum
1265 1479 1362 1534 erit,
1388 1489 1430 1523 et
1455 1478 1510 1523 de
1531 1480 1710 1523 canoni-

318 1551 378 1594 cis
400 1552 758 1606 auctoritatibus,
785 1568 806 1594 a
839 1551 999 1610 quihus
1029 1566 1118 1595 non
1141 1550 1352 1594 debemus
1376 1550 1541 1606 averti,
1570 1550 1713 1594 minus

315 1620 495 1666 fortasse
519 1622 701 1666 videbor
725 1622 1045 1681 praesumpsisse
1069 1638 1201 1681 quam
1224 1621 1371 1666 debui.
1400 1624 1712 1666 Verumtamen

319 1701 368 1735 ut
389 1692 586 1736 omittam
609 1693 904 1737 beatissimum
928 1692 1237 1746 Ambrosium,r
1258 1693 1329 1736 cui
1360 1691 1572 1749 Pelagius,
1602 1692 1714 1736 sicut

316 1764 406 1822 jam
445 1764 827 1818 commemoravi³‚
876 1773 963 1808 tam
1006 1779 1215 1822 magnum
1255 1763 1510 1821 integritatis
1554 1763 1599 1806 in
1627 1763 1713 1806 fide

318 1835 543 1892 perhibuit
562 1835 858 1879 testimonium
876 1855 887 1892 3
908 1834 984 1894 qui
1011 1843 1158 1878 tamen
1181 1835 1434 1878 Ambrosius
1458 1833 1566 1878 nihil
1595 1833 1714 1877 aliud

319 1904 519 1950 defendit
549 1909 593 1950 in
621 1906 828 1965 parvulis,
865 1915 914 1950 ut
936 1905 1151 1950 haberent
1183 1905 1470 1950 necessarium
1495 1905 1715 1949 medicum

319 1976 559 2031 Christum,
581 1977 662 2020 nisi
680 1976 890 2035 originale
907 1977 1161 2035 peceatum⁴
1181 1995 1189 2020 ς
1210 1975 1426 2035 numquid
1441 1983 1483 2019 et
1498 1974 1715 2034 gloriosis-

320 2045 439 2089 simae
472 2062 644 2091 coronae
678 2048 922 2106 Cyprianus
957 2046 1127 2090 dicetur
1161 2047 1216 2089 ab
1249 2045 1422 2106 aliquo,
1455 2061 1545 2090 non
1571 2045 1713 2090 solum

321 2116 471 2172 fuisse,
493 2117 568 2161 sed
591 2117 659 2161 vel
676 2133 766 2161 esse
789 2118 977 2176 potuisse
999 2117 1283 2171 Manichaeus,
1309 2133 1409 2161 cum
1426 2117 1543 2176 prius
1566 2117 1645 2160 iste
1662 2116 1715 2160 sit

326 2202 488 2245 passm,
521 2204 653 2248 quam
675 2187 751 2232 illa
788 2189 832 2231 in
857 2189 963 2232 orhe
996 2191 1193 2231 Romano
1217 2188 1345 2246 pestis
1379 2188 1638 2246 apparuit5?
1658 2189 1714 2230 Et

325 2267 472 2302 tamen
489 2260 532 2303 in
557 2259 670 2303 libro
683 2259 737 2303 de
751 2259 1014 2318 Baptismate
1029 2258 1325 2317 parvulorum,
1344 2258 1403 2302 ita
1421 2257 1618 2302 defendit
1633 2257 1714 2302 ori-

292 2351 302 2360 π
327 2328 470 2385 ginale
504 2339 750 2388 peccatum,
790 2339 840 2373 ut
868 2339 1097 2388 propterea
1129 2329 1261 2382 dicat,
1298 2337 1340 2372 et
1369 2337 1470 2372 ante
1511 2337 1713 2373 octavum

378 2457 383 2470 ¹
414 2450 488 2489 Job,
509 2461 573 2489 xiv,
600 2462 607 2480 1
628 2452 719 2491 juxta
740 2452 836 2482 Lxx.
853 2467 891 2473 ·-·
907 2456 919 2471 ²
939 2450 1070 2482 Zachar-
1090 2462 1137 2491 ιιι,
1156 2448 1188 2490 4·
1204 2467 1245 2472 -
1263 2447 1275 2471 3
1294 2450 1371 2481 Vide
1389 2460 1503 2492 supra,
1522 2449 1578 2481 lib.
1598 2461 1620 2489 ι,
1639 2460 1713 2489 cap.

327 2506 447 2538 ultimo.
467 2524 502 2528 —
520 2505 535 2535 4
554 2506 701 2538 Αιιὼωε.
730 2506 762 2538 in
791 2507 860 2538 lsai.
881 2518 975 2549 supra
993 2508 1121 2547 citatus,
1150 2505 1207 2538 lib.
1237 2517 1249 2538 1
1263 2531 1272 2546 ‚
1296 2516 1370 2548 cap.
1393 2505 1446 2537 35.
1463 2523 1503 2529 —
1519 2504 1533 2528 ⁵
1563 2506 1711 2549 Cyprian,

325 2562 425 2603 Epist.
452 2561 525 2594 olim
544 2563 598 2603 59.
626 2571 709 2594 nunc
725 2561 767 2604 64
787 2562 827 2594 ad
844 2562 966 2595 Fidum.
