1784 3205
308 222 390 257 222
742 226 775 255 s.
812 225 897 254 Aue.
905 226 1041 253 υεΤιΜ
1074 225 1256 253 EPISCOPI

305 296 365 339 ait
385 295 501 339 idem
525 293 789 372 Apostolus.
820 312 840 334 «
860 291 1154 350 Adoptionem
1176 299 1469 350 expectantes,
1491 289 1694 364 redemp-

309 367 470 411 tionem
487 365 677 424 corporis
695 363 878 408 nostrPP
898 380 917 403 η
940 365 991 405 In
1010 370 1182 406 tantum
1199 362 1329 420 igitur
1347 361 1492 407 adhuc
1509 347 1693 426 expeti?-

306 446 377 482 tur
402 436 643 495 redemptio
671 434 863 494 corporis
886 432 1044 488 nostri,
1070 433 1115 476 in
1138 442 1351 493 quantum
1376 432 1520 476 adhuc
1542 447 1593 476 ex
1615 431 1694 475 ali-

305 525 391 568 qua
415 517 536 567 parte
559 508 776 567 captivum
801 515 864 549 est
884 505 966 549 sub
989 504 1085 563 lege
1107 505 1286 564 peccati.
1319 503 1440 548 Unde
1463 512 1506 548 et
1527 504 1598 548 hic
1616 518 1693 547 ex-

306 579 496 624 clamans
531 579 590 622 ait
617 598 624 622 :
656 598 675 619 «
711 576 867 621 Infelix
897 591 977 634 ego
1006 577 1154 630 homo,
1186 576 1282 635 quis
1313 589 1379 619 me
1408 575 1612 619 liberabit
1640 574 1695 619 de

308 669 327 690 »
363 664 542 708 corpore
565 649 713 692 mortis
735 648 862 707 hujus
881 648 898 690 Ρ
919 647 1065 690 Gratia
1096 646 1173 689 Dei
1195 660 1271 705 per
1297 647 1444 689 Jesum
1473 644 1695 690 Christum

313 741 328 759 »
364 720 597 763 Dominum
628 728 825 762 nostrum
849 720 881 760 ².
926 736 944 758 »
979 718 1059 761 Ubi
1088 716 1194 776 quid
1226 715 1490 760 intellecturi
1516 729 1665 759 sumus
1683 713 1716 770 ,'

306 790 385 833 nisi
414 791 515 850 quia
547 805 704 848 corpus
733 787 853 848 quod
882 787 1192 846 corrumpitur,
1213 796 1418 845 aggravat
1442 786 1630 830 animam
1655 786 1698 827 ³?

305 863 418 906 Cum
447 877 560 923 ergo
582 861 767 919 idipsum
797 875 954 918 corpus
973 860 1062 918 jam
1095 857 1423 917 incoiruptibile
1447 857 1695 917 recipietur,

306 931 434 991 plena
455 933 537 975 etit
546 927 757 997 liberatio
780 947 801 974 a
825 945 1006 989 corpore
1025 929 1174 973 moitis
1192 922 1355 992 hujusl:
1380 943 1403 972 a
1427 942 1516 988 quo
1536 942 1624 971 non
1646 927 1701 970 li-··

308 1011 473 1058 rantur,
499 995 575 1062 qui
598 1011 701 1047 sunt
726 1000 780 1045 ad
803 1015 978 1060 poenam
1002 999 1301 1043 resurrecturi.
1328 999 1397 1043 Ad
1420 1013 1577 1057 corpus
1597 1012 1701 1056 ergo

102 1099 103 1106 1
141 1071 155 1088 ¹*
177 1085 180 1091 “
262 1085 265 1089 “
308 1075 458 1118 mortis
480 1075 607 1132 hujus
629 1072 795 1130 intellig
780 1073 887 1115 itur
909 1071 1144 1130 pertinere,
1169 1079 1219 1114 ut
1241 1069 1322 1113 alia
1342 1069 1410 1113 lex
1432 1085 1476 1113 in
1498 1068 1702 1113 membris

308 1154 522 1203 repugnet
553 1144 728 1203 quidem
760 1143 843 1200 legi
868 1143 1023 1187 mentis
1041 1178 1051 1197 ,
1083 1141 1188 1185 dum
1213 1156 1312 1185 caro
1337 1140 1606 1199 concupiscit
1629 1138 1704 1183 ad-

308 1230 455 1258 versus
477 1215 677 1274 spiritum
699 1216 730 1271 ⁴3
751 1214 829 1257 etsi
852 1223 1042 1256 mentem
1067 1228 1156 1257 non
1178 1213 1399 1272 subjuget,
1422 1212 1523 1271 quia
1548 1221 1591 1254 et
1612 1211 1702 1270 spi-

310 1294 377 1329 tus
411 1284 680 1344 concupiscit
711 1283 914 1327 adversus
935 1299 1139 1326 carnem:
1167 1292 1298 1342 atque
1329 1283 1385 1326 ita
1417 1281 1613 1341 quamvis
1635 1280 1703 1325 lex

308 1355 397 1413 ipsa
422 1355 586 1414 peccati
609 1354 829 1413 captivum
854 1363 1000 1397 teneat
1020 1352 1184 1413 aliquid
1208 1352 1368 1408 camis,
1395 1351 1513 1396 unde
1535 1351 1702 1395 resistat

270 1418 289 1457 Χ
308 1425 390 1483 legi
414 1426 598 1483 mentis,
624 1441 713 1469 non
734 1435 878 1468 tamen
901 1433 1050 1481 regnat
1067 1424 1113 1467 in
1130 1434 1279 1468 nostro
1296 1423 1397 1467 licet
1417 1421 1589 1467 mortali
1606 1437 1702 1467 cor-

310 1511 428 1554 pore,
454 1497 488 1539 si
513 1461 601 1540 noli
626 1495 830 1538 obeditui
851 1493 1073 1538 desideriis
1097 1495 1203 1553 ejus.
1232 1493 1381 1539 Solent
1402 1494 1517 1537 enim
1541 1502 1584 1537 et
1606 1493 1703 1537 hos-

311 1576 371 1610 tes
391 1565 593 1612 adversus
609 1582 718 1626 quos
742 1564 991 1622 dimicatur,
1017 1575 1057 1608 et
1081 1565 1306 1609 inferiores
1329 1581 1417 1609 esse
1438 1566 1483 1608 in
1506 1565 1704 1609 certamie

310 1637 451 1691 mine,
480 1646 523 1681 et
550 1637 652 1681 victi
683 1635 849 1695 aliquid
875 1645 1018 1679 tenere
1044 1636 1265 1695 captivum
1298 1655 1306 1681 z
1333 1636 1453 1695 quod
1484 1635 1530 1680 in
1557 1643 1708 1679 nostrav

309 1723 437 1750 earne
467 1707 664 1766 quamvis
696 1708 777 1750 sub
808 1706 1000 1765 pecccati
1032 1705 1126 1763 lege
1148 1715 1362 1760 teneatur,
1392 1715 1539 1750 tamen
1562 1706 1608 1749 in
1629 1720 1704 1764 spe

310 1777 618 1836 redemptionis
647 1787 738 1835 est,
762 1774 871 1839 *Quia
899 1777 986 1835 ipsa
1018 1776 1171 1820 vitiosa
1204 1776 1553 1836 concupiscentia
1583 1773 1704 1819 nulla

309 1849 489 1893 omnino
514 1848 756 1892 remanebit
778 1841 788 1903 ,
816 1863 916 1891 caro
946 1857 1091 1890 autem
1118 1857 1263 1890 nostra
1293 1847 1348 1890 ab
1372 1862 1420 1890 ea
1442 1855 1561 1906 peste
1583 1860 1701 1890 mor-

312 1921 456 1980 boque
487 1929 658 1975 sanata,
696 1929 739 1963 et
768 1928 858 1963 tota
886 1918 1212 1980 immortalitate
1246 1918 1427 1973 vestita,
1463 1918 1508 1962 in
1543 1926 1706 1961 aeterna

311 1991 582 2035 beatitudine
616 1984 914 2050 permanebit-,3⁴

369 2063 557 2105 XXXVI
568 2096 576 2105 .
607 2061 838 2120 Subjungit
863 2068 1006 2102 autem
1033 2059 1282 2117 Apostolus,
1309 2068 1352 2103 et
1374 2059 1540 2104 dicitz«
1566 2058 1706 2118 Igitur

317 2149 336 2171 n
373 2147 452 2190 ego
479 2132 570 2190 ipse
598 2139 740 2174 mente
762 2130 898 2174 servio
919 2129 1004 2188 legi
1033 2129 1128 2184 Dei,
1159 2144 1287 2173 carne
1311 2139 1455 2173 autem
1485 2129 1569 2187 legi
1599 2130 1705 2189 pec-

250 2219 267 2227 ‹·
317 2220 336 2242 »
372 2202 455 2245 cati
474 2204 504 2244 ⁵.
540 2220 559 2242 »
591 2201 721 2254 Quod
757 2200 816 2243 sic
845 2197 1181 2257 intelligendum
1210 2208 1273 2242 est
1299 2217 1308 2243 z
1337 2218 1357 2240 «
1390 2208 1536 2242 mente
1567 2200 1706 2243 servio

317 2290 336 2312 »
371 2271 456 2330 legi
480 2272 577 2326 Dei,
611 2289 630 2311 »
658 2286 746 2315 non
769 2269 1081 2314 consentiendo
1102 2268 1188 2327 legi
1210 2269 1402 2328 peccati3
1429 2288 1445 2309 «
1474 2284 1603 2313 carne
1625 2272 1714 2314 au-·

375 2350 459 2384 tem
488 2342 625 2386 servio
653 2341 736 2399 legi
763 2341 976 2400 peccatiss,
1013 2358 1030 2380 ,›
1063 2337 1263 2383 habendo
1291 2339 1501 2383 desideria
1524 2339 1703 2399 peccati,

313 2412 474 2471 quibus
497 2412 575 2456 etsi
598 2427 686 2456 non
710 2411 954 2466 consentio,
979 2408 1177 2455 nondum
1199 2418 1342 2453 tamen
1368 2411 1539 2470 penitus
1561 2425 1702 2455 careo.

319 2361 325 2379 )

327 2360 335 2381 v

363 2521 371 2535 ¹
394 2516 485 2546 Rom.
506 2524 562 2545 vni
580 2538 588 2554 ,
609 2503 721 2545 23.‘—
738 2520 748 2535 ²
769 2514 816 2545 ld.
837 2524 880 2545 vu
896 2538 904 2554 ‚
924 2511 978 2554 24.
993 2529 1032 2536 —-
1050 2510 1063 2535 3
1095 2514 1169 2553 Sap.
1195 2523 1227 2544 ix
1244 2536 1253 2552 ,
1279 2510 1408 2544 ιζ).-4
1426 2512 1495 2545 Gal.
1529 2522 1563 2551 v,
1598 2522 1648 2553 17.
1665 2525 1705 2534 -

326 2571 611 2606 Rom.vi‚12.--
630 2567 644 2590 ‘³'
667 2569 715 2600 Id.
742 2579 798 2611 vn,
818 2569 874 2600 25.
