1804 3205
324 217 376 244 DE
407 216 695 244 PERFECTIONE
729 213 924 241 11‘ST1T1AE
962 213 1156 240 ΠΟΜῘΝΝ.
1378 199 1425 239 41

50 295 110 330 tra
134 285 176 328 in
200 283 526 343 proficientibus
548 283 683 326 currit
711 301 718 326 z
739 284 754 338 ('
773 280 884 324 sicut
906 280 1035 322 etiam
1059 277 1233 322 cicatrix
1262 292 1435 320 currere

46 355 221 408 dicitur,
242 354 419 414 quando
444 354 554 397 bene
578 353 738 396 vulnus
768 351 1090 409 diligenterque
1118 357 1295 392 curatur
1320 366 1331 392 ι
1354 350 1439 404 )ut

47 441 96 470 ex
114 426 233 469 omni
256 434 377 484 parte
400 424 578 485 perfecti
603 425 694 467 sine
717 422 804 467 ulla
828 423 960 465 simns
978 420 1158 465 omnino
1189 419 1439 462 infirmitate

48 497 212 556 peceati
234 517 245 553 3
271 496 389 555 quod
415 511 501 539 non
524 494 663 539 solum
684 493 778 537 vult
803 496 937 546 Deus,
959 506 1109 535 verum
1132 491 1259 534 etiam
1283 498 1331 533 ut
1359 489 1441 532 im·-

50 567 218 626 pleatur
242 566 343 610 l'aeit
366 575 498 626 atque
521 566 711 624 adjuvat.
741 566 796 607 Et
825 564 908 607 hoe
937 562 1161 606 nobiseum
1195 560 1282 619 agit
1305 559 1438 617 gratia

51 639 122 682 Dei
156 653 233 698 per
269 641 415 682 Jesum
448 637 671 682 Christum
706 636 941 680 Dominum
975 634 1215 683 nostrum¹‚
1244 645 1333 675 non
1372 645 1442 674 so—

50 709 140 753 lum
163 709 411 768 pi·aeeepti3‚
437 708 739 762 sacramentiS,
763 704 970 765 exemplis
991 725 1001 761 3
1027 703 1102 748 sed
1125 703 1254 747 etiam
1279 701 1440 760 Spiritu

48 789 219 830 saneto,
251 796 328 840 per
361 795 492 839 quem
532 780 717 823 latenter
740 776 972 822 diffundar
1005 775 1190 820 charitas
1225 773 1270 816 in
1297 772 1443 817 cordi--

47 852 128 895 bus
153 851 350 904 nostris‘²‚
382 865 482 910 quae
511 847 760 909 interpellat
779 848 1013 907 gemitibus
1032 843 1440 897 inenarrabilibusss,

45 921 182 966 donec
201 924 245 965 in
268 921 394 965 nobis
418 920 667 980 perficiatur
693 920 875 972 sanitas,
901 927 944 962 et
978 920 1092 961 Deus
1116 916 1242 960 sicuti
1269 922 1349 969 est,
1375 914 1443 958 vi-

43 992 213 1036 dendus
231 1001 392 1037 aeterna
415 992 596 1036 veritate
617 998 899 1035 monstretur.

104 1065 261 1108 XLIV.
298 1063 500 1123 Quisquis
522 1076 624 1120 ergo
647 1061 778 1106 fuisse
798 1060 864 1104 vel
891 1075 981 1104 esse
996 1060 1041 1103 in
1056 1059 1136 1103 hae
1151 1057 1238 1102 vita
1253 1055 1442 1117 aliquem

46 1135 283 1188 hominem,
309 1133 379 1178 vel
398 1134 564 1194 aliquos
583 1133 780 1177 homines
803 1141 943 1192 putat,
971 1139 1153 1190 excepto
1171 1145 1259 1174 uno
1283 1129 1445 1173 media-

49 1213 141 1249 tore
167 1206 241 1248 Dei
265 1214 308 1248 et
331 1204 578 1257 hominum,
600 1204 759 1262 quibus
781 1203 1017 1247 necessaria
1038 1217 1128 1245 non
1146 1199 1279 1244 fuerit
1297 1200 1445 1243 remis-

48 1276 109 1318 sio
137 1284 415 1334 peecatorum
440 1310 450 1329 ,
487 1274 729 1318 contrarius
768 1282 831 1316 est
867 1272 1024 1316 divinae
1066 1272 1322 1329 Scripturae,
1368 1269 1444 1312 ubi

51 1345 281 1404 Apostolus
304 1345 362 1388 ait
393 1364 401 1388 ε
432 1363 451 1386 «
479 1348 558 1388 Per
583 1359 721 1387 unum
752 1344 974 1387 hominem
1004 1351 1233 1401 peecatum
1268 1340 1445 1384 intravit

52 1434 70 1454 υ
97 1415 140 1458 ἱη
165 1414 399 1469 mundum,
427 1423 470 1458 et
492 1429 569 1473 per
587 1422 813 1473 peceatum
833 1427 970 1465 mors,
997 1421 1040 1455 et
1055 1412 1112 1455 ita
1130 1411 1175 1453 in
1194 1425 1343 1454 omnes
1362 1410 1445 1453 ho-

47 1504 67 1526 »
93 1485 228 1529 mines
250 1485 513 1544 pertransiit,
536 1485 580 1527 in
600 1499 690 1544 quo
708 1498 858 1528 omnes
881 1482 1219 1542 peecaverunt⁴.
1250 1498 1269 1520 »
1292 1482 1349 1524 Et
1369 1494 1446 1522 ne-

45 1569 161 1599 cesse
178 1564 258 1610 est,
277 1565 325 1599 ut
340 1555 470 1613 impia
486 1554 769 1598 contentione
787 1562 962 1607 asserat,
982 1566 1072 1595 esse
1091 1566 1214 1610 posse
1228 1550 1444 1604 homines,

46 1625 120 1685 qui
147 1625 238 1668 sine
260 1625 498 1668 mediatore
524 1624 698 1668 Christo
730 1622 945 1666 liberante
975 1631 1106 1681 atque
1130 1621 1325 1665 salvante
1361 1620 1448 1663 sint

48 1695 170 1738 liberi
194 1694 389 1753 salvique
408 1710 430 1738 a
448 1703 628 1753 peceato
646 1715 657 1751 3
679 1708 779 1738 cum
796 1692 868 1736 ille
889 1693 1044 1737 dixerit
1064 1712 1074 1737 :
1099 1711 1118 1734 «
1136 1693 1234 1737 Non
1258 1699 1321 1735 est
1340 1705 1449 1749 opus

51 1784 71 1806 »
97 1766 209 1809 sanis
231 1765 441 1819 medicus,
473 1764 549 1809 sed
579 1764 692 1808 male
715 1764 981 1808 habentibus
1010 1783 1017 1807 :
1045 1765 1142 1807 Non
1169 1762 1270 1805 veni
1294 1775 1449 1806 vocare

51 1855 71 1878 »
92 1838 246 1896 justos,
267 1836 342 1880 sed
360 1845 608 1896 peccatores
623 1838 654 1878 ⁵.
684 1854 704 1875 »
727 1836 931 1893 Quisquis
954 1843 1099 1877 autem
1119 1833 1241 1885 dicit,
1262 1841 1360 1890 post
1378 1846 1450 1875 ae-

49 1916 220 1966 ceptam
239 1907 532 1950 remissionem
555 1913 834 1962 peecatorum
851 1904 910 1946 ita
932 1916 1201 1962 quemquam
1225 1901 1449 1945 hominem

46 1979 164 2037 juste
185 1977 336 2021 vixisse
367 1977 411 2019 in
440 1976 520 2019 hac
550 1989 695 2029 carne,
721 1974 789 2017 vel
815 1975 976 2028 vivere,
1013 1982 1062 2016 ut
1091 1972 1263 2016 nullum
1292 1971 1451 2015 habeat

51 2048 230 2093 omnino
263 2055 486 2106 peccatum
505 2079 517 2101 ‚
554 2045 814 2090 contradicit
844 2043 1042 2103 apostolo
1067 2043 1226 2087 Joanni
1252 2043 1328 2102 qui
1359 2043 1416 2085 ait
1438 2059 1448 2086 ε

57 2137 74 2157 «
105 2118 148 2163 Si
163 2117 413 2170 dixerimus,
441 2116 543 2177 quia
577 2125 805 2175 peceatum
842 2130 930 2159 non
953 2114 1193 2167 habemus,
1225 2128 1307 2157 nos
1341 2114 1453 2171 ipsos

56 2207 76 2229 »
102 2187 375 2241 seducimus,
408 2195 451 2230 et
477 2186 633 2230 veritas
661 2185 706 2229 in
734 2186 861 2230 nobis
886 2200 976 2229 non
1002 2193 1064 2228 est
1093 2184 1126 2228 ⁶.
1156 2202 1175 2223 »
1213 2185 1308 2227 Non
1336 2183 1453 2226 enim

55 2259 129 2312 ait,
155 2257 416 2314 habuimus3
441 2256 537 2312 sed,
557 2255 785 2300 habemus.
822 2254 952 2308 Quod
982 2254 1016 2297 si
1043 2254 1273 2313 quisquam
1304 2252 1456 2297 asserit

55 2327 111 2371 de
132 2327 209 2371 illo
231 2336 411 2386 peceato
425 2342 514 2371 esse
537 2326 723 2381 dietum,
744 2325 864 2385 quod
881 2325 1050 2369 habitat
1069 2324 1112 2368 in
1133 2338 1263 2367 earne
1281 2321 1454 2366 mortali

56 2405 203 2442 nostra
240 2395 483 2442 secundum
513 2396 666 2440 vitium
699 2396 821 2455 quod
851 2395 1070 2455 peccantis
1098 2393 1226 2454 primi
1265 2392 1455 2437 hominis

106 2504 116 2520 ¹
138 2500 228 2531 Rom.
244 2509 274 2537 v,
299 2498 353 2532 25.
367 2514 407 2522 —
422 2498 538 2530 ²1bid.
573 2498 602 2530 5.
619 2494 690 2521 -3
716 2499 807 2532 Rom.
828 2507 897 2537 vin,
918 2496 973 2529 ’26-
988 2494 1059 2525 -4
1077 2495 1124 2528 Id.
1145 2506 1180 2536 v,
1200 2504 1283 2528 2.—
1299 2492 1313 2516 5
1331 2493 1450 2525 Matth.

59 2553 267 2590 ix.1·2.—⁶
291 2566 301 2588 1
326 2556 416 2586 Joan.
439 2564 464 2593 1,
486 2554 517 2586 8.
