1784 3205
349 225 426 261 128
774 238 805 259 s.
843 232 1072 260 Auous'rim
1106 233 1285 261 Episcopi

342 299 564 359 quomodo
583 300 915 344 anathematizat
928 314 1000 343 eos
1017 299 1093 358 qui
1108 300 1167 343 sie
1186 308 1357 354 tenent,
1378 300 1411 342 si
1431 300 1547 342 hunc
1565 298 1723 342 librum

343 379 489 429 postea
510 369 736 415 condidit?

400 443 562 485 XXIV.
587 440 670 485 Sed
686 455 739 484 ne
757 440 869 484 forte
888 439 1147 499 respondeat
1162 440 1219 483 ita
1236 454 1280 483 se
1296 440 1365 483 hie
1388 438 1540 483 dixisse
1567 457 1575 482 ε
1605 457 1624 478 «
1653 438 1726 482 Dei

339 511 542 556 faciendo
564 511 850 566 voluntatem,
875 510 1066 554 divinam
1089 526 1330 554 mereamur
1348 511 1544 567 gratiam,
1571 527 1591 550 »
1617 509 1727 553 sieut

342 582 544 626 fidelibus
580 592 622 626 et
654 583 720 641 pie
746 582 988 626 viventibus
1020 581 1196 626 additur
1229 582 1385 640 gratia,
1417 596 1502 640 qua
1530 580 1727 623 resistant

340 653 509 697 fortiter
542 653 744 697 tentatori
765 687 775 706 ‚
808 668 908 697 eum
952 661 1095 696 tamen
1137 652 1314 709 gratiam
1356 651 1485 695 etiam
1531 650 1728 709 primitus

340 723 631 782 accepissent,
665 733 715 768 ut
744 725 819 768 Dei
848 723 1040 767 facerent
1066 722 1335 767 voluntatem
1363 742 1372 766 ι
1398 737 1452 774 ne
1480 720 1592 765 forte
1627 735 1727 778 ergo

340 795 398 838 ita
424 794 704 853 respondeat,
731 794 811 838 alia
835 792 889 836 de
912 794 992 837 hac
1014 808 1059 836 re
1080 793 1212 836 verba
1235 793 1327 851 ejus
1352 792 1530 849 accipite
1559 811 1567 836 ε
1599 809 1617 833 «
1644 791 1729 843 Qui
1759 800 1763 804 '

340 865 495 918 currit,
524 864 689 922 inquit,
717 863 770 907 ad
797 863 1058 917 Dominum,
1090 872 1133 906 et
1167 863 1221 906 ab
1257 878 1307 906 eo
1331 878 1375 906 se
1408 862 1497 920 regi
1523 861 1659 920 cupit,
1686 861 1729 904 id

340 944 418 989 est⁷
455 934 724 979 voluntatem
754 949 876 979 suam
912 950 964 978 ex
994 935 1086 992 ejus
1116 933 1343 977 voluntate
1373 931 1622 992 suspendit3
1652 933 1728 991 qui

341 1006 378 1049 ei
407 1004 671 1050 adhaerendo
692 1006 867 1065 jugiter,
901 1019 1030 1058 unus,
1063 1004 1302 1048 secundum
1328 1004 1603 1063 Apostolum,
1629 1019 1729 1047 cum

340 1091 391 1120 eo
417 1078 464 1120 {it
485 1076 676 1135 spiritus,
703 1092 790 1120 non
813 1077 896 1120 hoc
920 1076 997 1119 nisi
1020 1075 1074 1119 de
1094 1075 1259 1119 arbitrii
1277 1076 1410 1119 eflicit
1430 1075 1630 1119 libertate
1651 1077 1680 1117 ¹.
1706 1093 1725 1115 »

342 1147 496 1191 Videte
518 1156 728 1207 quantam
751 1162 842 1190 rem
873 1146 1029 1190 dixerit
1054 1161 1142 1190 non
1168 1146 1280 1190 effici
1304 1146 1383 1189 nisi
1411 1146 1575 1189 arbitrii
1597 1145 1730 1189 liber-

341 1227 456 1270 tate,
498 1233 546 1261 ac
582 1233 658 1276 per
690 1218 772 1261 hoe
802 1218 893 1260 sine
928 1217 1145 1275 adjutorio
1177 1217 1255 1260 Dei
1294 1233 1370 1260 nos
1404 1220 1492 1260 Deo
1520 1216 1732 1259 existimat

341 1286 562 1330 adhaerere
591 1288 703 1331 :hoc
731 1296 795 1330 est
827 1288 970 1341 enim,
1007 1306 1027 1327 «
1059 1302 1147 1330 non
1182 1288 1261 1330 nisi
1301 1287 1355 1330 de
1399 1286 1565 1330 arbitrii
1602 1286 1731 1329 liber-

340 1366 428 1402 tate
450 1377 457 1402 :
483 1376 502 1398 »
529 1368 579 1402 ut
601 1373 701 1402 cum
725 1358 1030 1402 adhaeserimus
1055 1373 1106 1401 eo
1133 1373 1222 1401 non
1246 1358 1494 1417 adjuvante,
1517 1360 1731 1418 tuncjam

340 1428 554 1487 quoniam
576 1429 864 1483 adhaesimus,
898 1428 1028 1472 etiam
1057 1429 1253 1490 adjuvari
1283 1443 1539 1472 mereamur.
1576 1428 1732 1487 Sequi-

343 1507 413 1540 tur
437 1498 552 1542 enim
581 1508 623 1542 et
655 1498 789 1543 dicit:
819 1518 839 1541 «
871 1501 965 1552 Qua
994 1500 1069 1558 qui
1095 1500 1206 1543 bene
1235 1500 1394 1553 utitur⁷
1429 1498 1473 1542 id
1502 1507 1586 1552 est,
1616 1497 1731 1542 arbi-

342 1569 411 1613 trii
440 1568 637 1613 libertate
658 1570 733 1629 qui
759 1570 870 1613 bene
894 1571 1049 1625 utitur,
1077 1571 1136 1614 ita
1159 1587 1220 1626 se,
1245 1570 1403 1630 inquit,
1435 1579 1576 1614 totum
1601 1567 1732 1612 tradit

341 1643 431 1683 Deo
471 1655 734 1700 omnemque
768 1656 889 1685 suam
928 1642 1161 1686 mortificat
1198 1641 1466 1686 voluntatem
1490 1675 1499 1695 ‚
1541 1649 1590 1684 ut
1630 1655 1728 1684 cum

343 1710 548 1769 Apostolo
569 1713 701 1770 possit
722 1711 892 1756 dicere:
918 1731 935 1753 «
964 1712 1072 1757 Vivo
1096 1722 1241 1757 autem
1264 1714 1354 1772 jam
1385 1727 1474 1756 non
1497 1727 1599 1770 ego,
1626 1711 1729 1755 vivit

343 1799 362 1820 »
388 1791 534 1825 autem
557 1782 602 1825 in
624 1798 691 1825 me
712 1782 908 1826 Christus
926 1786 942 1809 ²
965 1802 972 1826 ι
1003 1804 1018 1824 »
1045 1784 1258 1843 ponitque
1282 1799 1354 1827 cor
1379 1798 1505 1826 suurn
1530 1783 1574 1825 in
1597 1797 1730 1826 manu

344 1852 432 1903 Dei⁷
455 1860 497 1895 et
513 1850 623 1894 illud
642 1867 730 1911 quo
747 1852 950 1907 voluerit,
978 1854 1068 1911 ipse
1091 1852 1279 1897 declinet
1297 1855 1327 1896 3.
1353 1871 1372 1894 »
1397 1855 1607 1911 Magnum
1631 1867 1731 1911 pro-

340 1920 455 1965 fecto
477 1922 741 1981 adjutorium
764 1923 922 1966 divinae
946 1924 1094 1981 gratiae
1117 1958 1127 1977 ‚
1153 1933 1203 1967 ut
1226 1939 1299 1967 cor
1322 1932 1519 1967 nostrum
1540 1938 1627 1982 quo
1650 1937 1729 1967 vo-

338 1989 468 2034 luerit
486 1995 600 2035 Deus
618 2027 628 2046 ,
654 1993 744 2051 ipse
767 1991 970 2038 declinet.
1000 1992 1080 2038 Sed
1107 1994 1188 2038 hoc
1211 2004 1297 2037 tam
1323 2008 1529 2051 magnum
1554 1993 1729 2052 adjutO«

340 2060 477 2115 rium,
505 2062 615 2106 sicut
640 2063 719 2106 iste
749 2061 936 2121 desipit,
969 2072 1074 2106 tune
1103 2079 1317 2107 meremur
1337 2099 1347 2117 ·,
1379 2079 1480 2108 cum
1515 2063 1605 2108 sine
1638 2062 1729 2107 ullo

339 2132 553 2189 adjutorio
572 2148 659 2176 non
680 2132 759 2176 nisi
777 2132 832 2177 de
853 2134 1018 2176 arbitrii
1038 2134 1238 2178 libertate
1262 2134 1316 2177 ad
1338 2135 1571 2178 Dominum
1590 2135 1729 2178 curri-

338 2216 451 2253 mus,
476 2203 530 2246 ab
552 2219 602 2247 eo
626 2218 703 2247 nos
725 2203 815 2261 regi
837 2204 1052 2262 cupimus,
1077 2203 1344 2248 voluntatem
1366 2213 1555 2248 nostram
1572 2220 1621 2248 ex
1638 2205 1729 2263 ejus

338 2271 563 2315 voluntate
594 2273 912 2332 suspendimus,
958 2274 1084 2333 eique
1118 2273 1382 2319 adhaerendo
1408 2275 1584 2334 jugiter,
1617 2290 1729 2318 unus

338 2358 437 2385 eum
454 2343 527 2387 illo
543 2343 756 2387 efficimur
769 2344 956 2403 spiritus.
980 2347 1083 2388 Haee
1101 2344 1263 2389 scilicet
1279 2354 1366 2388 tam
1385 2345 1573 2403 ingentia
1593 2344 1723 2399 bona,

339 2428 425 2456 non
450 2413 529 2456 nisi
552 2413 605 2456 de
627 2414 816 2468 arbitrii,
842 2415 1084 2459 secundum
1101 2415 1252 2470 istum,
1276 2416 1486 2459 efficimus
1508 2415 1722 2469 libertate,

340 2492 388 2527 ut
413 2483 475 2527 his
502 2484 849 2542 praecedentibus
877 2485 1038 2529 meritis
1065 2486 1123 2530 sie
1151 2487 1240 2545 ejus
1278 2486 1455 2544 gratiam
1489 2502 1726 2546 consequa-

388 2576 394 2590 1
419 2580 428 2600 1
452 2572 587 2611 C01·.V1,
613 2581 662 2613 17.
680 2587 719 2594 ——-
737 2577 748 2593 ²
765 2570 1009 2612 Gal.11‚2o.—
1029 2570 1041 2594 3
1061 2574 1154 2604 l'rov.
1173 2583 1239 2614 xm,
1259 2583 1288 2604 1.
