1804 3205
540 209 592 234 ue
624 207 762 235 GEs'rls
798 206 979 235 PBLAGll.
1401 200 1454 239 49

74 271 200 314 ctiam
224 271 282 314 sic
300 270 589 316 circumdaret
604 288 720 326 eum,
740 288 826 317 nou
844 273 1177 332 disputantium,
1191 275 1263 317 sed
1281 277 1455 332 vagien-

75 342 180 385 tium
208 342 523 400 baptizatorum
547 343 784 388 multitudo
808 344 1133 388 innumerabilis
1157 345 1451 404 parvulorum,

70 412 145 470 qui
170 427 257 456 non
283 414 424 457 verbis
441 449 452 468 ,
473 416 546 458 sed
573 415 659 474 ipsa
692 416 951 460 innocentiae
969 416 1149 460 veritate
1177 416 1413 461 clamarent
1444 438 1451 461 ;

69 483 186 535 Quid
218 494 281 528 est
301 519 312 538 ‚
337 485 442 544 quid
467 495 530 530 est
557 487 674 546 quod
699 487 927 546 scripsisti,
957 506 976 528 «
1010 503 1095 531 non
1118 503 1240 547 posse
1257 503 1346 532 esse
1365 488 1456 531 sine

70 563 246 612 peccato
267 589 276 607 ‚
313 555 389 597 nisi
415 557 489 614 qui
523 557 743 600 scientiam
780 558 902 615 Legis
927 558 1165 602 habuerit?
1198 577 1216 598 »
1245 561 1356 602 Ecce
1380 573 1456 601 nos

69 638 169 681 grex
190 639 369 682 magnus
387 640 596 682 agnorum
615 627 706 670 sine
730 638 906 686 peccato
926 644 1090 683 sumuS,
1106 639 1147 673 et
1168 629 1290 688 Legis
1313 638 1456 673 tamen

67 695 285 739 scientiam
310 711 398 739 non
431 697 655 741 habemus.
683 701 846 758 Nempe
882 700 947 742 isti
975 715 1074 743 eum
1098 699 1248 744 saltem
1269 735 1279 754 ‚
1307 700 1455 758 lingua

70 775 237 810 tacente
257 801 267 818 ‚
297 776 435 810 tacere
463 768 805 827 compellerent,
832 779 905 813 aut
943 769 1052 813 forte
1077 771 1204 814 etiarn
1225 770 1420 814 confiteri
1443 805 1452 823 ,

68 835 134 879 vel
155 852 272 880 nunc
295 853 338 881 se
361 839 415 881 ab
434 837 503 882 illa
526 840 803 897 perversitate
825 848 1073 898 correptum
1091 844 1121 894 ¹,
1148 840 1215 885 vel
1233 849 1349 883 certe
1372 841 1454 883 hoc

67 922 110 950 se
139 907 315 966 quidem
352 918 394 952 et
418 918 518 952 ante
548 911 726 954 sensisse
751 945 760 959 ,
792 912 911 969 quod
945 926 1062 953 nunc
1094 911 1139 952 in
1172 909 1456 953 ecclesiastico

65 978 174 1022 dixit
199 980 394 1023 examine
421 1000 431 1036 3
455 981 528 1023 sed
563 982 654 1039 ejus
686 980 912 1024 sententiae
948 995 1034 1023 non
1072 995 1115 1023 se
1144 980 1457 1038 circumspecta

66 1048 198 1092 verba
230 1050 420 1107 posuisse
442 1084 451 1103 ‚
478 1059 521 1093 et
543 1049 641 1094 ideo
669 1049 799 1094 fidem
830 1065 951 1093 suam
985 1065 1074 1094 esse
1097 1050 1423 1109 approbandam
1443 1086 1452 1103 ‚

68 1116 229 1162 librum
267 1119 608 1163 emendandum.
647 1123 723 1164 Est
747 1120 934 1173 enimut
963 1121 1170 1179 scriptum
1194 1129 1255 1165 est
1290 1140 1297 1165 :
1329 1120 1458 1173 «Qui

69 1206 89 1228 »
114 1188 277 1233 labitur
298 1189 344 1232 in
366 1189 514 1249 lingua
534 1225 545 1245 ‚
571 1199 614 1233 et
636 1206 724 1235 non
748 1191 792 1235 in
818 1191 949 1235 corde
965 1193 995 1234 ².
1021 1210 1040 1232 »
1063 1191 1191 1245 Quod
1210 1192 1243 1235 si
1266 1192 1455 1245 diceret,

68 1259 135 1303 vel
153 1260 185 1303 si
209 1260 340 1314 dicat,
362 1261 458 1320 quis
481 1261 642 1306 eisdem
669 1263 813 1306 verbis
836 1262 1050 1305 incautius
1079 1262 1456 1321 negligentiusque

65 1332 316 1390 conscriptis
339 1347 426 1376 non
449 1332 651 1376 facillime
670 1334 877 1390 ignoscat,
897 1348 996 1377 eum
1021 1334 1298 1387 sententiam,
1323 1348 1454 1392 quam

66 1402 195 1445 verba
220 1401 291 1445 illa
310 1403 536 1446 continent
552 1438 562 1456 ,
589 1417 675 1447 non
701 1403 932 1457 defendat,
954 1404 1028 1447 sed
1052 1419 1145 1446 eam
1166 1403 1281 1447 dicat
1304 1418 1422 1446 suam
1442 1438 1451 1454 7

64 1487 195 1530 quam
227 1473 380 1517 veritas
413 1473 610 1532 probat?
639 1476 730 1517 Hoc
765 1474 895 1517 etiam
918 1474 1011 1532 pios
1043 1474 1211 1533 judices
1244 1474 1456 1531 cogitasse

64 1543 330 1588 credendum
364 1552 427 1587 est
449 1563 457 1587 :
484 1544 516 1587 si
541 1552 684 1588 tamen
714 1544 834 1603 quod
854 1544 898 1587 in
922 1544 1036 1588 libro
1069 1545 1160 1604 ejus
1183 1545 1336 1588 Latino
1361 1552 1452 1597 est,

65 1613 295 1673 diligenter
317 1615 667 1673 interpretatum,
693 1616 790 1659 satis
813 1614 1055 1674 intelligere
1070 1624 1325 1675 potuerunt,
1346 1615 1458 1658 sicut

65 1686 157 1744 ejus
196 1686 516 1744 responsionem
554 1687 706 1730 Graeco
736 1685 911 1744 eloquio
937 1685 1149 1744 prolatam
1174 1720 1184 1739 ‚
1216 1694 1259 1728 et
1287 1685 1342 1729 ol)
1376 1686 1456 1728 hoc

64 1753 191 1799 facile
213 1755 494 1810 intellectam,
520 1755 705 1799 alienam
730 1771 818 1800 non
839 1770 928 1799 esse
949 1756 1003 1799 ab
1022 1754 1213 1799 Ecclesia
1234 1755 1456 1813 judicave-

66 1835 183 1870 runt.
206 1825 287 1872 Sed
304 1827 394 1886 jam
412 1837 565 1871 caetera
589 1827 829 1871 videamus.

125 1899 176 1940 V.
198 1896 368 1955 Adjecit
384 1898 498 1940 enim
523 1895 774 1955 episcopalis
798 1895 1001 1952 Synodus
1019 1929 1029 1948 ‚
1051 1904 1093 1938 et
1111 1895 1169 1938 ait
1188 1914 1195 1938 ;
1225 1914 1244 1936 «
1269 1898 1454 1952 Legatur

65 1976 108 2011 et
131 1965 247 2010 aliud
270 1965 526 2024 capitulum.
557 1984 576 2006 »
611 1968 666 2009 Et
691 1966 851 2009 lectum
875 1974 937 2009 est
958 1965 1003 2008 in
1026 1964 1179 2009 eodem
1215 1965 1347 2008 Libro
1377 1979 1455 2008 suo

66 2036 254 2095 posuisse
291 2035 510 2092 Pelagium
544 2055 551 2079 ;
593 2038 797 2079 «Omnes
833 2034 1056 2079 voluntate
1086 2035 1258 2093 propria
1293 2034 1397 2092 regi.
1433 2053 1451 2074 »

66 2108 164 2159 Quo
184 2107 294 2150 lecto
319 2106 516 2165 Pelagius
534 2107 757 2165 respondit
778 2126 786 2150 :
817 2126 836 2147 «
862 2109 914 2150 Et
937 2107 1019 2150 hoc
1042 2106 1128 2149 dixi
1150 2114 1326 2164 propter
1346 2104 1456 2149 libe-

66 2192 161 2220 rum
180 2176 424 2230 arbitrium,
449 2177 520 2220 cui
544 2180 656 2220 Deus
675 2176 846 2235 adjutor
868 2186 930 2220 est
954 2176 1128 2233 eligenti
1151 2176 1266 2219 bona
1290 2195 1298 2219 :
1323 2177 1453 2219 honio

65 2262 167 2291 vero
179 2261 375 2305 peccans,
400 2247 490 2304 ipse
506 2246 552 2290 in
569 2246 697 2305 culpa
720 2255 798 2300 est,
818 2244 1077 2305 quasiliberi
1099 2245 1278 2288 arbitrii.
1312 2265 1327 2285 »
1355 2247 1451 2297 Quo

67 2318 216 2362 audito
250 2317 438 2375 episcopi
466 2316 669 2360 dixerunt
694 2336 702 2360 :
743 2337 762 2358 α
788 2319 938 2375 Neque
966 2316 1049 2359 hoc
1079 2316 1267 2359 alienum
1302 2325 1366 2359 est
1397 2316 1451 2358 al)

67 2386 350 2431 ecclesiastica
378 2384 590 2431 doctrina.
619 2404 638 2426 υ
661 2387 768 2439 Quis
789 2386 903 2430 enim
926 2386 1236 2429 condemnaret
1267 2384 1453 2428 liberum

69 2457 295 2502 arbitrium
318 2491 327 2510 ‚
354 2456 422 2499 vel
445 2467 648 2516 negaret,
674 2473 772 2501 cum
791 2474 879 2516 quo
908 2457 982 2502 Dei
1004 2456 1264 2515 adjutorium
1293 2455 1447 2514 praedi-

118 2550 126 2565 ¹
150 2543 253 2575 Forte
266 2546 459 2573 correctum.
475 2559 513 2564 —
531 2549 542 2565 ²
559 2542 646 2575 Eccli
675 2553 741 2583 xix,
763 2545 812 2575 16.

230 2606 346 2641 chI.
1242 2594 1265 2632 [ι
