1784 3205
290 240 373 278 266
730 253 762 278 s.
801 250 1029 277 AI‘GUSTIM
1062 250 1244 277 Emscom

289 325 437 374 cente3
462 316 533 360 sed
559 315 850 360 voluntarium
872 324 1098 374 peccatum
1120 316 1305 360 hominis
1325 317 1470 375 primi,
1491 316 1672 375 origina-

288 386 339 430 lis
366 395 430 431 est
453 402 578 430 causa
606 386 770 444 peccati
798 404 807 430 :
837 403 855 425 «
884 385 994 429 Dicis
1022 386 1195 440 iterum,
1222 387 1393 446 inquit:
1416 405 1435 427 «
1471 388 1578 431 Nam
1616 386 1673 430 si-

289 467 364 502 cut
388 467 636 516 peccatum,
671 457 759 500 sive
788 457 912 511 hinc,
950 457 1037 500 sive
1062 456 1164 501 inde
1191 473 1213 501 a
1241 457 1431 516 parvulis
1460 458 1672 512 trahatur,

290 543 400 587 opus
420 537 482 571 est
501 525 692 583 diaboli3
718 526 777 569 sic
800 526 947 580 homo,
975 527 1062 570 sive
1090 527 1208 581 hinc,
1238 527 1325 570 sive
1351 525 1451 570 inde
1475 536 1676 571 nascatur

290 614 399 657 opus
421 606 483 641 est
509 597 599 640 Dei.
630 614 649 636 »
678 598 733 639 Et
756 595 842 640 dixi
864 597 947 641 hoc
963 632 973 651 ‚
1009 606 1051 640 et
1075 597 1291 641 verissime
1313 597 1400 640 dixi
1427 616 1436 641 :
1462 606 1506 640 et
1531 598 1564 641 si
1587 612 1677 642 non

261 695 264 698 »
291 668 561 724 Pdagianus,
587 665 663 710 sed
684 665 923 711 catholicus
945 676 1070 720 esset,
1096 666 1206 710 nihil
1227 665 1347 710 aliud
1369 667 1517 725 etipse
1537 669 1582 710 in
1599 668 1678 712 Ca-

290 737 449 782 tholica
473 737 652 782 diceret.

350 810 506 851 XLIV.
543 807 655 860 Quid
681 817 745 852 est
765 822 867 865 ergo
886 808 1006 868 quod
1029 808 1187 867 quaerit
1213 824 1235 852 a
1258 808 1408 852 nobis:
1429 826 1449 849 «
1477 811 1555 851 Per
1572 807 1679 867 quid

289 887 518 938 peccatum
542 878 788 922 inveniatur
806 879 850 922 in
874 878 1058 938 parvulo
1078 914 1087 934 ‚
1116 887 1265 922 utrum
1288 894 1365 938 per
1387 877 1677 934 voluntatem,

290 965 345 994 an
373 965 450 1008 per
483 949 676 1008 nuptias,
708 965 760 993 an
794 965 869 1008 per
898 951 1132 1009 parentes?
1157 967 1177 990 »
1216 942 1295 994 Sie'
1311 949 1427 993 enim
1458 949 1678 1009 loquitur,

291 1029 334 1064 et
358 1029 564 1079 tanquam
595 1020 649 1063 ad
681 1021 825 1063 omnia
860 1020 936 1063 ista
961 1019 1221 1079 respondet,
1250 1029 1293 1064 et
1315 1035 1339 1063 a
1360 1028 1537 1078 peccato
1560 1020 1681 1078 quasi

291 1100 447 1135 cuncta
464 1092 539 1134 ista
561 1090 788 1149 purgando
806 1126 815 1144 ‚
838 1090 946 1133 nihil
964 1090 1058 1134 vult
1076 1105 1298 1145 remanere
1316 1091 1434 1134 unde
1451 1100 1681 1149 peccatum

291 1161 590 1204 inveniaturin
604 1161 800 1219 parvulo.
816 1160 955 1203 Verba
969 1160 1159 1220 denique
1169 1162 1258 1221 jam
1272 1162 1361 1220 ipsa
1374 1162 1466 1220 ejus
1479 1160 1677 1205 attende:

294 1250 314 1272 «
337 1230 535 1290 Perquid
555 1231 704 1288 igitur,
730 1231 888 1289 inquit,
915 1241 1142 1288 peccatum
1166 1232 1387 1275 invenitur
1409 1232 1453 1274 in
1476 1230 1683 1290 parvulo?

291 1304 372 1345 Per
394 1302 697 1346 voluntatem?
729 1300 857 1346 Nulla
892 1302 937 1344 in
970 1317 1022 1346 eo
1051 1301 1148 1345 fuit.
1178 1305 1259 1345 Per
1276 1301 1482 1360 nuptias?
1509 1300 1592 1346 Sed
1614 1302 1683 1344 hae

290 1372 508 1430 pertinent
531 1371 585 1414 ad
608 1386 717 1429 opus
740 1380 968 1430 parentum
984 1407 994 1424 ‚
1021 1387 1130 1431 quos
1155 1372 1200 1415 in
1228 1372 1310 1415 hoc
1339 1380 1438 1415 actu
1466 1386 1553 1415 non
1578 1386 1681 1429 pec·

290 1456 404 1485 casse
428 1442 720 1498 praemiseras3
746 1440 819 1484 sed
843 1451 1057 1500 quantum
1083 1457 1133 1485 ex
1155 1441 1524 1501 consequentibus
1546 1456 1682 1500 appa-

289 1521 370 1566 ret,
389 1527 478 1556 non
495 1512 578 1556 hoc
594 1527 694 1556 vere
711 1526 993 1555 concesseras.
1018 1515 1127 1570 Ipsae
1144 1521 1245 1555 sunt
1265 1512 1395 1569 igitur
1412 1509 1678 1566 execrandae,

288 1583 447 1642 inquit,
482 1598 581 1642 quae
616 1597 788 1626 causam
826 1582 1024 1626 fecerunt
1056 1582 1157 1626 mali
1185 1602 1193 1627 :
1221 1582 1295 1626 sed
1329 1581 1415 1625 illae
1443 1581 1545 1625 solae
1572 1596 1682 1640 opus

287 1652 483 1696 indicant
515 1667 812 1712 personarum.
851 1655 1053 1695 Parentes
1085 1653 1215 1709 igitur
1246 1653 1322 1711 qui
1351 1661 1574 1696 conventu
1602 1666 1681 1697 suo

286 1737 458 1765 causam
493 1722 634 1766 fecere
667 1730 871 1780 peceato,
901 1723 999 1781 jure
1037 1720 1305 1765 damnabiles
1342 1730 1457 1765 sunt.
1499 1721 1679 1780 Ambigi

287 1808 406 1850 ergo,
439 1793 597 1852 inquit,
618 1793 706 1852 jam
738 1807 827 1835 non
848 1801 1006 1851 potest,
1041 1792 1075 1836 si
1099 1801 1219 1836 tuam
1242 1807 1477 1852 sequamur
1503 1800 1679 1835 senten-

286 1864 408 1917 tiam,
429 1864 636 1922 conjuges
656 1871 820 1906 aeterno
838 1862 1053 1921 supplicio
1070 1863 1309 1921 mancipari
1326 1877 1514 1922 quorum
1532 1861 1679 1906 labore

287 1944 433 1978 actum
467 1943 546 1988 est,
579 1942 627 1977 ut
662 1932 716 1975 ad
753 1932 1026 1976 dominatum
1066 1933 1355 1976 exercendum
1398 1933 1443 1975 in
1483 1932 1679 1976 homines

286 2004 486 2048 diabolus
509 2004 766 2062 perveniret.
786 2005 842 2045 Et
857 2002 933 2045 ubi
951 2012 1015 2046 est
1035 2003 1153 2062 quod
1180 2002 1310 2062 paulo
1331 2011 1432 2046 ante
1454 2002 1677 2046 hominem

286 2089 395 2133 opus
411 2074 487 2117 Dei
508 2073 697 2117 dixeras?
716 2072 828 2125 Quia
848 2072 880 2115 si
905 2088 981 2130 per
1003 2073 1257 2130 originalem
1284 2073 1449 2117 malum
1471 2072 1515 2116 in
1538 2073 1678 2116 homi-

224 2144 242 2173 5‘
265 2145 415 2189 nibus
432 2179 442 2198 ‚
469 2159 545 2202 per
567 2142 729 2186 malum
748 2144 819 2201 jus
843 2143 1007 2186 diaboli
1028 2144 1074 2185 in
1096 2144 1314 2197 homines,
1339 2142 1565 2187 diabolum
1588 2158 1677 2187 esse

285 2215 392 2259 dicis
414 2224 635 2258 auctorem
661 2213 906 2267 hominum,
930 2229 951 2256 a
975 2229 1064 2273 quo
1087 2223 1150 2257 est
1173 2215 1296 2272 origo
1319 2213 1604 2257 nascentium.
1633 2213 1675 2258 Si

286 2295 429 2330 autem
454 2285 592 2330 credis
616 2301 639 2328 a
662 2287 751 2328 Deo
774 2284 995 2328 hominem
1020 2285 1128 2337 fieri,
1154 2294 1197 2328 et
1219 2300 1307 2328 esse
1329 2285 1532 2344 conjuges
1548 2285 1676 2330 inno·

285 2364 453 2412 centes3
477 2354 576 2399 vide
597 2369 726 2414 quam
755 2363 866 2398 stare
888 2370 976 2398 non
1002 2355 1135 2414 possit
1162 2355 1271 2398 trahi
1298 2370 1350 2398 ex
1376 2355 1441 2398 his
1464 2353 1674 2414 originale

284 2434 530 2485 peccatum.
556 2444 574 2466 »

343 2497 478 2539 XLV.
514 2494 582 2537 Ad
612 2494 757 2537 omnia
786 2494 866 2537 ista
899 2495 1001 2539 huic
1032 2494 1266 2555 respondet
1293 2493 1571 2552 Apostolus1‚
1596 2495 1670 2554 qui

335 2588 340 2603 ¹
365 2578 516 2622 Vide—lib.
537 2589 546 2611 1
564 2580 659 2620 Oper.
685 2575 813 2619 imperf.
832 2588 903 2619 cap.
925 2578 978 2611 35.
