1784 3205
330 228 411 267 240
761 242 791 265 s.
830 238 1059 266 mersum
1094 239 1271 265 eviscovi

326 304 429 363 quia
451 303 506 347 de
527 317 651 346 sexus
679 303 904 361 utriusque
937 301 1241 345 commixtione
1271 309 1524 345 nascuntur.
1558 318 1577 341 »
1607 302 1709 345 Dico

325 373 469 432 plane,
494 383 670 431 propter
684 372 890 416 delictum
909 386 980 415 eos
999 386 1087 415 csse
1110 372 1191 415 sub
1214 370 1389 415 diabolo
1415 391 1423 414 z
1447 371 1544 414 ideo
1564 380 1708 414 autem

325 453 518 503 expertes
540 458 630 487 non
656 457 746 487 esse
774 441 947 497 delicti,
973 442 1075 502 quia
1103 441 1157 485 de
1179 440 1253 485 illa
1282 441 1587 486 commixtione
1609 450 1711 484 sunt

324 515 415 558 nati
432 549 442 568 ,
471 529 569 572 quae
602 513 692 556 sine
724 511 931 570 pudenda
952 511 1134 555 libidine
1160 527 1248 555 non
1271 519 1412 570 potest
1439 511 1567 555 etiam
1591 509 1712 570 quod

325 584 557 627 honestum
575 590 639 625 est
660 582 843 640 operari.
872 581 985 625 Dixit
1008 582 1090 626 hoc
1121 581 1250 625 etiam
1275 581 1529 624 beatissimae
1547 595 1713 624 memo-

293 674 295 677 *
325 653 397 696 riae
430 651 686 695 Ambrosius
721 652 913 695 ecclesiae
944 651 1281 697 Mediolanensis
1319 651 1574 710 episcopus,
1612 666 1711 695 cum

324 722 482 767 Christi
515 722 733 767 carnalem
769 722 1040 767 nativitatem
1063 722 1161 766 ideo
1184 722 1347 766 diceret
1378 732 1596 780 expertem
1624 736 1713 765 esse

322 791 483 845 delicti‚
505 792 607 851 quia
624 801 861 850 conceptus
887 793 978 852 ejus
1000 792 1229 852 utriusque
1247 807 1371 835 sexus
1393 791 1713 835 commixtionis

322 872 385 906 est
406 878 580 922 expers3
605 862 779 907 nullum
798 873 943 907 autem
962 863 1196 908 hominum
1215 878 1303 907 esse
1326 863 1417 907 sine
1439 861 1614 917 delicto,
1638 862 1715 921 qui

321 934 377 977 de
408 933 482 978 illa
515 935 822 991 commixtione
851 944 1088 994 conceptus
1118 935 1186 978 sit.
1221 936 1330 979 Nam
1362 934 1451 992 ejus
1474 934 1606 977 verba
1637 933 1715 976 ista

322 1007 456 1048 sunt¹
487 1024 495 1049 ;
522 1024 542 1047 «
568 1005 674 1050 Ideo
691 1040 702 1060 ‚
724 1006 883 1064 inquit,
909 1015 952 1050 et
974 1006 1097 1064 quasi
1132 1005 1263 1049 homo
1292 1019 1368 1063 per
1390 1004 1595 1061 ‘universa
1620 1012 1716 1047 ten-

323 1084 438 1119 tatus
468 1085 551 1130 est,
575 1085 617 1119 et
643 1076 687 1120 in
711 1075 996 1119 similitudine
1026 1075 1257 1119 hominum
1292 1083 1449 1119 cuncta
1475 1074 1680 1118 sustinuit
1703 1092 1712 1118 z

322 1146 398 1191 sed
432 1147 553 1206 quasi
581 1146 636 1191 de
658 1147 822 1206 Spiritu
848 1156 997 1201 natus,
1019 1146 1232 1190 abstinuit
1256 1162 1279 1189 a
1302 1154 1494 1204 peccato.
1527 1164 1545 1186 α
1565 1145 1716 1188 Omnis

328 1235 348 1259 »
369 1217 486 1261 enim
504 1218 637 1262 homo
659 1219 847 1262 mendax
870 1221 903 1272 ²,
929 1227 973 1261 et
996 1232 1126 1261 nemo
1148 1217 1240 1260 sine
1269 1226 1447 1275 peccato
1464 1238 1483 1270 ‚·
1500 1216 1581 1260 nisi
1603 1230 1717 1259 unus

326 1305 346 1330 ³>
369 1290 499 1333 Deus.
525 1306 544 1330 »
574 1291 803 1334 Servatum
827 1298 890 1333 est
908 1289 1066 1346 igitur,
1091 1287 1263 1347 inquit,
1288 1297 1337 1331 ut
1365 1302 1415 1330 ex
1435 1288 1528 1331 viro
1552 1296 1596 1330 et
1617 1302 1716 1329 mu-

323 1357 426 1402 liere
444 1393 454 1414 ‚
474 1358 520 1402 id
547 1368 636 1414 est,
662 1374 739 1419 per
768 1359 888 1403 illam
912 1374 1145 1418 corporum
1184 1357 1536 1402 commixtionem
1553 1392 1563 1411 ‚
1588 1372 1717 1401 nemo

324 1429 523 1474 videatur
545 1445 694 1489 expers
719 1446 807 1474 esse
829 1430 990 1474 delicti.
1004 1422 1104 1493 [Qui
1127 1438 1271 1473 autem
1296 1444 1444 1491 expers
1467 1437 1530 1472 est
1551 1427 1715 1483 delicti,

325 1515 475 1559 expers
492 1510 555 1545 est
577 1501 706 1546 etiam
726 1501 979 1561 hujusmodi
995 1502 1335 1560 conceptionis-n,¹
1347 1498 1573 1558 Numquid
1588 1499 1716 1542 etiam

280 1571 288 1574 ‘
325 1571 484 1626 istum,
509 1587 535 1616 o
558 1571 775 1629 Pelagiani
797 1581 840 1615 et
862 1571 1138 1625 coelestiani,
1170 1571 1386 1615 audebitis
1410 1571 1553 1614 dicere
1574 1568 1717 1614 Mani-

325 1643 497 1687 chaeum
520 1644 537 1686 ‘2
563 1641 683 1701 quod
716 1657 816 1686 eum
850 1642 1024 1686 dicebat
1051 1657 1140 1685 esse
1179 1642 1432 1687 Jovinianus
1459 1641 1688 1685 haereticus
1705 1674 1716 1694 ‚

323 1722 476 1758 ‘contra
498 1715 621 1773 cujus
639 1713 903 1773 impietatem
919 1714 984 1757 vir
1001 1713 1073 1757 ille
1091 1722 1264 1757 sanctus
1282 1713 1412 1756 etiam
1431 1722 1527 1771 post
1546 1720 1717 1770 partum

324 1797 655 1843 permanentem
676 1784 968 1842 virginitatem
992 1794 1149 1827 sanctae
1172 1784 1320 1827 Mariae
1338 1782 1603 1826 defendebat
1620 1783 1651 1824 3.
1677 1780 1719 1825 Si

325 1869 430 1914 ergo
455 1855 580 1898 illum
603 1855 895 1900 Manichaeum
921 1854 1064 1898 dicere
1094 1870 1183 1898 non
1206 1853 1373 1898 audetis
1394 1888 1404 1908 ,
1442 1868 1520 1897 nos
1542 1867 1642 1897 cum
1673 1852 1717 1895 in

327 1925 478 1970 eadem
496 1940 638 1979 causa,
661 1925 813 1968 eadem
836 1925 1050 1968 sententia
1072 1924 1203 1968 fidem
1223 1923 1481 1968 catholicam
1505 1922 1718 1966 defendam

329 2011 442 2049 mim,
462 2011 539 2039 cur
556 1995 696 2038 dicitis
719 1995 982 2039 Manichaeos
1001 1997 1019 2039 Ξ)
1041 1998 1129 2038 Aut
1151 1995 1184 2038 si
1209 2004 1252 2038 et
1275 1993 1400 2038 illurn
1422 1993 1718 2037 fidelissimum

328 2067 470 2109 virum
485 2066 569 2110 hoc
592 2064 834 2109 secundum
855 2066 1119 2109 Manicliaeos
1134 2065 1324 2123 sapuisse
1337 2064 1525 2123 jactatis⁷
1539 2065 1716 2123 jactate,

325 2138 507 2197 jactate,
533 2146 580 2179 ut
619 2151 866 2179 mensuram
894 2135 1112 2179 Joviniani
1141 2134 1342 2193 perfectis
1366 2134 1581 2193 impleatis
1605 2153 1614 2178 :
1642 2147 1720 2176 nos

329 2223 431 2252 cum
450 2207 524 2251 illo
548 2207 724 2251 homine
749 2206 822 2249 Dei
839 2207 1050 2264 patienter
1073 2214 1211 2248 vestra
1226 2203 1453 2248 maledicta
1469 2213 1512 2247 et
1527 2203 1720 2248 convicia

330 2278 606 2322 sustinemus.
622 2280 678 2321 Et
691 2286 835 2322 tamen
848 2277 1148 2320 haeresiarches
1164 2284 1303 2320 vester
1316 2274 1513 2333 Pelagius
1532 2273 1663 2317 fidem
1678 2282 1720 2316 et

332 2350 609 2409 purissimum
634 2350 680 2393 in
706 2350 936 2408 Scripturis
959 2363 1130 2393 sensum
1153 2349 1210 2393 sic
1233 2347 1383 2392 laudat
1406 2346 1645 2400 Ambrosii,
1671 2354 1720 2389 ut

333 2420 451 2465 dicat
473 2422 506 2475 ⁴,
531 2436 584 2464 ne
614 2421 841 2464 inimicum
873 2420 1052 2480 quidem
1084 2434 1235 2465 ausum
1263 2434 1351 2462 esse
1382 2415 1716 2476 reprehendere.

382 2529 391 2545 ¹
423 2523 566 2555 Anibi-os.
590 2522 619 2554 i'n
637 2522 708 2554 lsai.
728 2540 768 2545 -
785 2530 796 2544 2
817 2523 897 2555 psal.
917 2534 990 2563 cxv,
1022 2535 1051 2555 ιε.
1071 2540 1111 2546 --
1128 2520 1141 2545 3
1166 2522 1244 2555 Vide
1269 2520 1412 2554 Ambros.
1445 2521 1545 2561 Epist.
1567 2529 1658 2552 Lxxxi
1681 2518 1720 2550 ad

335 2579 493 2614 Sir-icium.
509 2595 548 2604 --
563 2578 580 2609 4
597 2579 675 2612 Vide
697 2579 752 2612 lib.
772 2580 921 2614 deGratia
939 2579 1067 2621 Christi,
1085 2579 1229 2623 cap.s43.
