1804 3205
287 218 340 244 nn
372 219 541 246 Ntrrns
573 218 626 244 Ε’π-
656 218 1025 257 concumsczn'ru,
1061 222 1143 247 Lm.
1182 224 1227 248 11.
1370 214 1448 251 <231

69 285 115 328 in
151 282 342 342 parvulis
374 283 554 338 dicunt,
585 283 706 343 quod
740 283 910 329 lavacro
935 288 1272 343 regenerationis
1301 288 1457 334 ablua-

69 363 153 398 tur.
181 371 202 393 »
228 354 389 397 Omnes
417 354 534 397 enim
562 353 617 397 ad
651 354 876 398 ecclesiam
904 370 993 400 non
1015 364 1193 415 propter
1215 356 1333 401 aliud
1355 374 1455 403 cum

67 421 255 483 parvulis
274 432 457 468 currunt
475 458 487 479 ,
513 424 594 468 nisi
614 433 662 468 ut
685 425 730 468 in
754 425 813 468 eis
836 424 1046 483 originale
1066 435 1297 485 peccatum
1323 443 1457 486 gene-

67 494 233 538 ratione
267 495 420 553 primae
452 495 690 539 nativitatis
729 503 961 539 attractum
981 529 993 551 ,
1030 497 1357 554 regeneratione
1389 514 1459 542 se-

66 563 224 608 cundae
241 564 476 608 nativitatis
497 566 710 623 expietur.

122 635 175 677 V.
209 635 373 679 Deinde
402 634 457 678 ad
490 644 635 680 nostra
664 635 884 694 superiora
907 636 1041 681 verba
1075 638 1336 693 revertitur,
1355 654 1457 699 quae

64 704 208 748 nescio
229 719 309 748 cur
340 714 523 764 repetat.
551 724 572 748 «
599 708 683 750 Eos
707 714 854 750 autem
877 706 954 765 qui
973 706 1028 750 de
1046 707 1122 751 tali
1144 709 1458 753 commixtione

65 783 324 830 nascuntur,
351 775 537 821 dicimus
558 777 730 820 trahere
751 777 962 835 originale
982 786 1212 836 peccatum
1239 799 1250 836 ς
1274 794 1455 839 eosque,

62 846 118 890 de
147 846 400 904 parentibus
426 846 824 907 qualibuscumque
845 859 1077 892 nascantur
1097 882 1108 903 ,
1137 864 1225 893 non
1250 864 1457 907 negamus

66 915 210 960 adhuc
232 930 321 960 esse
341 917 424 960 sub
452 917 629 962 diabolo
649 951 660 972 ‚
686 918 767 962 nisi
801 927 1081 962 renascantur
1108 920 1153 962 in
1175 920 1349 964 Christo
1381 923 1410 962 ².
1434 937 1456 960 »

68 987 171 1029 Haec
185 986 317 1030 verba
336 996 483 1031 nostra
505 995 547 1030 et
570 987 701 1045 paulo
720 996 820 1030 ante
837 989 930 1046 jam
953 988 1137 1041 dixerat.
1165 990 1330 1032 Deinde
1351 988 1459 1032 sub—

62 1056 207 1114 jungit
237 1056 359 1115 quod
387 1056 443 1100 de
470 1057 642 1101 Christo
672 1056 858 1100 diximus
877 1090 888 1110 ‚
919 1075 940 1098 «
965 1058 1042 1116 qui
1069 1056 1125 1101 de
1148 1057 1301 1102 eadem
1331 1073 1459 1102 sexus
1474 1079 1479 1091 1

64 1125 293 1186 utriusque
309 1126 617 1170 commixtione
638 1126 762 1171 nasci
779 1126 936 1171 noluit.
960 1144 980 1167 »
999 1127 1083 1172 Sed
1102 1128 1232 1172 etiam
1250 1129 1319 1173 hic
1342 1144 1457 1187 prae-

63 1195 245 1241 termisit
268 1197 389 1256 quod
411 1211 491 1255 ego
510 1198 635 1256 posui
655 1231 667 1252 ,
697 1215 718 1240 «
737 1206 786 1241 ut
810 1213 886 1256 per
907 1198 998 1257 ejus
1020 1198 1203 1255 gratiam
1225 1197 1280 1242 de
1309 1209 1457 1258 potes-

64 1274 153 1310 tate
174 1267 286 1310 eruti
312 1268 594 1310 tenebrarum
613 1301 624 1321 ,
654 1268 701 1310 in
724 1282 906 1325 regnum
935 1266 1050 1311 illius
1070 1301 1081 1322 ,
1117 1268 1194 1327 qui
1225 1282 1276 1311 ex
1305 1268 1456 1312 eadem

63 1350 185 1380 sexus
201 1336 429 1396 utriusque
451 1337 759 1382 commixtione
778 1339 894 1382 nasci
911 1336 1055 1382 noluit
1066 1372 1078 1393 ,
1094 1337 1455 1383 transferantur.»

62 1405 189 1461 Vide,
215 1406 397 1452 obsecro
420 1416 484 1462 te,
506 1423 605 1468 quae
627 1417 772 1453 nostra
797 1408 930 1452 verba
950 1409 1124 1462 vitavit,
1147 1417 1358 1469 tanquam
1376 1409 1459 1453 ini-

61 1477 198 1521 micus
213 1478 393 1522 omnino
410 1479 558 1535 gratiae
576 1479 652 1522 Dei
672 1513 684 1533 ,
704 1494 803 1538 quae
818 1479 938 1523 venit
959 1494 1038 1538 per
1060 1482 1084 1523 J
1089 1494 1210 1524 esum
1232 1480 1457 1524 Christum

58 1547 298 1591 Dominum
319 1556 534 1592 nostrum.
559 1549 650 1593 Scit
676 1548 794 1596 enim
818 1549 873 1592 ab
901 1548 974 1593 illa
996 1548 1195 1608 Apostoli
1217 1549 1455 1605 sententia,

57 1632 145 1677 qua
167 1617 276 1663 dixit
297 1618 352 1662 de
373 1621 463 1663 Deo
479 1622 605 1663 Patre
627 1637 635 1664 :
665 1637 686 1661 «
707 1620 791 1672 Qui
809 1619 922 1663 eruit
942 1634 1022 1663 nos
1039 1619 1094 1663 de
1109 1628 1322 1679 potestate
1339 1629 1457 1664 tene-

60 1705 81 1728 »
105 1687 284 1732 brarum
303 1722 314 1743 ,
342 1697 386 1732 et
415 1689 641 1733 transtulit
677 1690 721 1732 in
755 1703 939 1747 regnum
974 1689 1073 1733 Filii
1093 1690 1315 1734 charitatis
1337 1705 1455 1745 suae,

61 1776 82 1799 »
104 1758 425 1818 improbissime
449 1768 493 1803 et
524 1759 774 1818 impiissime
797 1760 1001 1818 parvulos
1022 1761 1210 1819 separari
1233 1764 1250 1787 ²
1275 1780 1284 1805 ε
1313 1778 1334 1801 »
1358 1759 1458 1804 ideo

57 1828 213 1888 procul
226 1829 363 1873 dubio
376 1830 510 1873 verba
524 1831 603 1874 ista
615 1831 948 1888 praetermittere
960 1845 1093 1889 quam
1105 1845 1268 1889 ponere
1281 1830 1453 1874 maluit.

117 1902 194 1943 Vl.
214 1902 315 1944 Post
332 1900 427 1944 haec
446 1899 557 1943 illud
574 1909 773 1944 nostrum
792 1901 954 1959 posuit,
979 1900 1058 1944 ubi
1076 1899 1266 1944 diximus
1283 1919 1292 1945 ι
1313 1919 1333 1942 «
1350 1903 1456 1945 Haec

58 1970 175 2014 enim
188 1985 288 2030 quae
305 1970 361 2014 ab
375 1970 708 2029 impudentibus
724 1970 1008 2029 impudenter
1024 1970 1229 2015 laudatur
1247 1969 1453 2029 pudenda

59 2040 413 2099 concupiscentia
431 2074 442 2094 ,
474 2039 596 2083 nulla
625 2048 734 2084 esset
758 2074 769 2094 ,
805 2040 886 2084 nisi
907 2041 1041 2085 homo
1073 2049 1174 2084 ante
1198 2050 1416 2100 peccasset
1442 2059 1451 2086 ε

58 2111 224 2168 nuptiae
246 2125 350 2154 vero
370 2119 527 2164 essent,
551 2110 718 2154 etiamsi
740 2125 870 2154 nemo
887 2119 1128 2169 peccasset,
1152 2111 1276 2155 fieret
1292 2111 1455 2170 quippe

58 2181 148 2224 sine
159 2181 240 2224 isto
256 2180 410 2225 morbo
424 2181 649 2225 seminatio
664 2180 853 2225 filiorum
868 2182 899 2225 ³.
923 2199 944 2222 »
964 2183 1061 2225 Huc
1075 2196 1213 2240 usque
1230 2180 1304 2224 ille
1320 2181 1453 2225 verba

58 2265 155 2295 mea
171 2252 331 2311 posuit.
362 2252 525 2296 Timuit
546 2252 663 2296 enim
684 2251 804 2312 quod
825 2252 1020 2312 adjunxi,
1041 2270 1062 2294 «
1082 2252 1128 2295 in
1150 2266 1332 2310 corpore
1348 2252 1454 2295 vitae

60 2320 176 2366 illius
197 2356 209 2377 ,
234 2323 325 2366 sine
348 2337 438 2382 quo
467 2338 585 2367 nunc
612 2323 706 2366 fieri
733 2337 823 2367 non
851 2331 993 2381 potest
1026 2322 1071 2365 in
1102 2336 1283 2381 corpore
1304 2323 1454 2366 mortis

62 2393 207 2451 huJus.
227 2410 248 2434 »
269 2395 326 2437 Et
341 2393 413 2437 hic
434 2402 484 2437 ut
505 2408 648 2437 meam
669 2393 932 2437 sententiam
953 2407 1043 2436 non
1065 2392 1209 2436 finiret
1227 2427 1239 2448 ,
1261 2392 1336 2437 sed
1357 2407 1450 2436 eam

107 2494 119 2511 ¹
145 2493 222 2525 Vide
238 2492 295 2526 lib.
315 2505 325 2526 1
350 2496 449 2536 Oper.
481 2494 605 2537 imperf.
634 2504 706 2536 cap.
736 2493 792 2535 64.
810 2512 848 2518 -
869 2500 880 2515 ⁷
900 2493 1018 2527 Coloss.
1050 2505 1073 2530 i,
1099 2494 1148 2528 13.
1168 2510 1207 2517 —-
1223 2492 1235 2516 3
1263 2494 1341 2525 Vide
1361 2493 1404 2524 lib

64 2550 161 2590 Oper.
184 2550 311 2591 imperf.
333 2560 405 2591 cap.
425 2551 479 2591 67.
