1804 3205
309 222 473 253 con-rna
505 223 611 254 mJAs
645 226 774 255 m’rsr.
812 223 1040 256 euacua.
1077 229 1158 256 Lm.
1196 231 1225 257 1.
1378 218 1456 259 421

80 300 165 346 cst,
186 293 311 337 Nunc
330 300 498 349 autem,
520 293 596 336 nisi
611 294 701 351 jam
725 309 841 339 nunc
858 295 939 338 sub
958 295 1091 353 gratia
1109 330 1119 348 ,
1144 311 1243 354 qum
1261 296 1461 342 liberavit

79 360 411 406 delectationem
442 362 675 409 voluntatis
707 381 729 408 a
757 366 1037 410 consensione
1059 364 1336 424 cupiditatis?
1365 372 1461 414 Nou

80 433 194 477 enim
218 432 370 477 melius
392 434 649 494 intelligitur
666 455 674 480 z
691 455 709 478 «
733 439 829 482 Non
851 452 931 495 ego
948 452 1119 496 operor,
1145 439 1224 482 nisi
1246 440 1347 498 quia
1372 456 1460 485 non

81 521 102 545 »
122 505 335 549 consentit
358 506 560 549 exhibere
585 508 778 552 membra
807 523 884 552 sua
902 523 1019 552 arma
1043 508 1282 568 iniquitatis
1310 526 1464 569 pccca-

79 577 165 619 to¹.
187 578 326 620 »Nam
346 578 379 620 si
393 586 435 621 et
454 579 736 637 concupiscit,
755 589 797 623 ct
810 579 1040 634 consentit,
1061 589 1103 623 ct
1121 580 1224 638 agit,
1243 583 1466 641 quomodo

79 646 271 704 nonipse
288 646 398 690 illud
415 658 635 706 operatur,
651 651 779 694 etiam
801 651 833 693 si
856 665 899 694 se
919 651 1085 709 operari
1109 650 1269 707 doleat,
1286 660 1328 695 et
1350 653 1464 696 vinci

78 716 264 774 graviter
286 719 566 776 ingemiscat?

136 790 258 832 xlx.
296 791 390 832 Jam
413 789 522 834 illud
543 792 662 851 quod
686 793 903 852 sequitur,
929 807 1075 838 nonne
1100 792 1215 837 unde
1236 794 1463 854 loquatur,

77 860 342 918 apertissime
361 862 577 907 ostendit?
607 864 702 908 Scio
733 865 846 907 enim
873 865 973 924 quia
1001 880 1089 909 non
1113 865 1278 909 habitat
1300 866 1344 910 in
1368 881 1436 910 me
1453 901 1464 921 ,

76 931 160 975 hoc
182 941 267 985 est,
292 934 338 976 in
365 949 493 978 carne
518 950 633 989 mea,
663 936 867 980 bonum&
904 937 945 981 Si
980 936 1095 980 enim
1122 952 1209 980 non
1233 947 1468 995 exponeret

76 1002 379 1061 adjungendo,
406 1006 489 1050 hoc
516 1015 601 1060 est,
633 1008 677 1050 in
704 1022 831 1050 carue
855 1021 950 1050 mea
969 1041 980 1061 ,
1004 1006 1126 1050 aliter
1151 1006 1327 1050 fortasse
1355 1008 1469 1050 acci-

75 1083 251 1132 peretur
285 1075 406 1134 quod
430 1076 563 1130 dixit,
591 1078 635 1120 in
658 1091 742 1120 me.
773 1079 836 1120 Ac
862 1091 938 1135 per
965 1077 1048 1120 hoc
1084 1086 1222 1120 versat
1244 1078 1326 1120 hoc
1347 1078 1463 1121 idem

75 1154 290 1203 repetens,
309 1155 352 1190 et
369 1146 605 1201 inculcans,
628 1145 783 1191 «Velle
800 1147 915 1190 enim
934 1145 1100 1206 adjacet
1115 1148 1236 1201 mihi,
1256 1148 1465 1206 perficere

76 1233 96 1256 »
123 1225 268 1260 autem
287 1216 449 1261 bonum
473 1233 578 1262 non.
604 1220 736 1262 »Hoc
760 1226 823 1261 est
845 1218 959 1261 enim
979 1218 1185 1277 perficere
1210 1219 1390 1272 bonum,
1415 1228 1462 1263 ut

73 1301 153 1329 nec
182 1288 461 1345 concupiscat
491 1289 638 1332 homo.
668 1287 976 1347 Imperfectum
1000 1298 1064 1332 est
1094 1298 1239 1333 autem
1262 1289 1427 1333 bonum
1450 1324 1461 1345 ‚

73 1358 252 1416 quando
267 1360 551 1417 concupiscit,
571 1359 701 1403 etiam
716 1359 748 1402 si
766 1360 1131 1418 concupiscentiae
1147 1375 1235 1404 non
1252 1360 1466 1405 consentit

72 1427 127 1471 ad
151 1427 328 1472 malum.
358 1432 495 1474 «Non
518 1430 635 1473 enim
665 1430 786 1489 quod
809 1428 909 1474 volo
934 1429 1046 1474 facio
1071 1430 1235 1474 bonum
1253 1465 1263 1484 ,
1294 1431 1462 1490 inquit,

74 1515 95 1538 »
121 1498 196 1543 sed
229 1499 349 1559 quod
385 1498 488 1544 nolo
516 1499 679 1544 malum
715 1501 798 1544 hoc
831 1515 926 1558 ago.
969 1501 1010 1545 Si
1046 1510 1190 1544 autern
1219 1501 1340 1560 quod
1362 1501 1465 1546 nolo

76 1586 95 1610 »
123 1583 204 1628 ego
226 1570 309 1614 hoc
333 1570 466 1625 facio,
488 1572 576 1629 jam
596 1586 684 1615 non
702 1586 784 1629 ego
801 1585 956 1629 operor
978 1570 1088 1614 illud
1105 1605 1115 1624 ,
1137 1569 1212 1614 sed
1234 1570 1355 1630 quod
1384 1573 1465 1616 ha-

77 1658 97 1680 »
127 1641 234 1685 bitat
254 1642 296 1685 in
315 1657 385 1686 me
405 1651 631 1701 peccatum
647 1643 677 1684 ³.
706 1660 726 1682 »
752 1641 802 1686 Id
821 1642 1022 1700 repetivit
1044 1642 1288 1696 inculcans,
1309 1652 1352 1687 ct
1378 1652 1465 1686 tan-

71 1727 203 1771 quam
246 1714 508 1758 tardissimos
544 1713 599 1757 de
633 1728 786 1758 somno
824 1714 1012 1757 excitans
1043 1731 1052 1756 :
1095 1731 1114 1753 «
1146 1713 1326 1758 Invenio
1360 1729 1464 1773 ergo

74 1800 95 1823 »
122 1781 290 1841 legem,
326 1785 496 1842 inquit,
527 1784 634 1827 mihi
670 1782 833 1827 volenti
868 1781 1007 1827 facere
1040 1782 1226 1837 bonum,
1253 1785 1462 1843 quoniam

74 1871 94 1895 »
120 1854 226 1898 mihi
244 1854 407 1898 malum
432 1854 639 1914 adjaceffl.
668 1872 688 1895 »
716 1853 793 1897 Illa
816 1868 919 1912 ergo
945 1854 1108 1897 bonum
1130 1863 1193 1898 est
1214 1854 1375 1899 volenti
1394 1855 1462 1899 fa-

71 1939 191 1979 cere,
221 1926 390 1984 adjacet
424 1935 570 1970 autem
593 1925 756 1968 malum
784 1940 834 1968 ex
867 1925 1244 1983 concupiscentia,
1278 1927 1348 1969 cui
1371 1941 1461 1971 non

71 1997 290 2040 consentit
311 1997 386 2056 qui
408 1997 538 2051 dicit,
555 1997 644 2056 jam
669 2011 758 2040 non
781 2010 860 2053 ego
878 2011 1033 2054 operor
1054 1996 1180 2040 illud.

130 2067 230 2109 XX.
257 2067 459 2125 Apertius
475 2076 619 2111 autem
638 2067 760 2126 quod
776 2067 971 2126 sequitur
985 2075 1224 2125 utrumque
1241 2065 1458 2112 declarat:

76 2155 96 2179 «
121 2135 412 2182 Condelector
433 2137 549 2181 enim
570 2137 656 2195 legi
680 2138 758 2181 Dei
779 2136 1021 2181 secundum
1048 2137 1298 2181 interiorem
1322 2137 1462 2181 homi·

76 2224 96 2248 »
122 2221 246 2265 nem,
276 2207 404 2252 video
431 2217 576 2252 autem
606 2207 732 2252 aliam
756 2207 896 2266 legem
925 2207 970 2250 in
1002 2207 1208 2250 membris
1239 2208 1366 2261 meis,
1394 2221 1462 2250 re-

75 2295 96 2318 »
121 2287 391 2336 pugnantem
415 2277 499 2336 legi
523 2278 678 2321 mentis
701 2292 809 2320 meae
830 2286 873 2320 et
893 2277 1182 2334 captivantem
1213 2291 1281 2319 mc
1302 2277 1344 2320 in
1368 2276 1462 2335 lege

76 2366 97 2390 »
123 2348 312 2407 peccati,
336 2363 435 2407 quae
462 2349 592 2392 estin
618 2348 824 2391 membris
846 2347 997 2391 meis⁵‘.
1025 2365 1044 2387 »
1073 2347 1155 2392 Sed
1179 2347 1300 2406 quod
1323 2347 1457 2403 dixit,

75 2419 367 2478 captivantem
392 2434 486 2474 me,
519 2427 660 2478 potest
680 2432 891 2476 movere,
917 2418 951 2460 si
982 2417 1102 2461 nulla
1130 2418 1353 2462 consensio
1384 2427 1462 2461 est.

125 2527 132 2542 ¹
166 2522 256 2552 Rom.
277 2531 326 2560 vr,
360 2521 407 2552 13.
428 2538 466 2544 σ-
484 2528 496 2543 ²
528 2521 575 2552 ld.
608 2531 664 2557 vn,
687 2519 736 2551 18.
759 2536 799 2542 —
819 2517 832 2541 3
859 2519 939 2551 lbid.
964 2529 1004 2560 19
1029 2523 1061 2550 et
1087 2528 1195 2551 20,-
1215 2519 1327 2550 41bid.
1348 2527 1460 2549 ¹21.—

76 2574 90 2598 ⁵
114 2575 194 2608 lbil.
216 2585 268 2608 22.
