1804 3205
521 220 572 246 1)ss
604 220 743 247 θεὴ-’τιὸ
777 218 959 248 remoti.
1376 215 1424 250 51

54 302 72 325 »a
88 294 151 328 est
174 285 277 328 mihi
298 298 461 336 sensus,
494 293 537 329 et
560 286 770 340 invocavi,
795 295 838 330 et
859 287 977 331 venit
997 286 1041 330 in
1068 301 1138 329 mc
1159 288 1331 345 spiritus
1353 293 1429 333 Sa-

53 371 72 394 »
91 354 278 412 pientize.
314 372 332 395 »
360 356 512 400 Nonne
533 355 630 400 luce.
661 356 816 401 clarius
843 358 1425 417 apparct‚quemadmodum

48 423 126 468 iste
141 426 408 469 considerata
429 425 594 470 miseria
612 424 850 485 fragilitatis
871 428 1090 482 humanae,
1112 443 1199 472 non
1224 437 1287 472 est
1304 444 1433 473 ausus

47 509 91 538 se
108 495 347 553 regendum
370 495 449 539 sibi
472 497 741 541 committere
766 518 778 555 3
802 498 875 542 sed
898 499 1079 557 optavit,
1109 508 1152 543 et
1173 499 1300 543 datus
1314 509 1377 543 cst
1393 501 1431 543 ei

46 580 195 610 sensns
214 601 224 620 ‚
258 566 313 611 de
340 582 429 626 quo
464 566 569 612 dicit
600 568 832 627 Apostolus
866 588 875 614 :
911 588 931 612 «
964 572 1050 615 Nos
1081 579 1226 614 autem
1257 586 1431 615 sensum

50 653 70 677 2»
105 637 276 682 Domini
294 637 504 682 habemus
523 659 533 695 3
558 647 600 682 ct
618 639 849 694 invocavit,
875 649 918 684 ct
941 641 1058 684 venit
1079 640 1122 684 in
1141 655 1241 684 eum
1258 642 1432 700 spiritus

52 724 71 748 »
108 708 338 767 Sapientiae
362 710 373 735 ¹
398 711 416 752 i>
437 727 456 750 »
490 711 581 754 Hoc
604 711 720 754 enim
743 710 918 769 spiritu,
945 726 1033 755 non
1056 711 1218 756 viribus
1246 712 1433 771 propriae

47 777 282 823 voluntatis
299 814 308 832 ,
335 789 546 838 reguntur
567 789 608 824 et
632 791 821 840 aguntur
838 781 913 840 qui
933 782 1010 825 filii
1031 791 1134 826 sunt
1162 783 1252 826 Dei.

108 850 204 892 Vll.
252 851 357 894 Nam
396 859 439 894 et
475 849 583 894 illud
613 851 733 909 quod
764 852 906 910 posuit
935 852 990 896 de
1014 852 1182 897 Psalmo
1203 853 1246 896 in
1279 852 1433 896 eodem

46 919 349 978 Capitulorum
366 920 494 975 libro,
521 931 568 965 ut
589 923 707 981 quasi
733 923 934 981 probaret
962 941 970 967 :
992 924 1191 966 «Omnes
1206 922 1431 967 voluntate

49 990 220 1048 propria
242 991 332 1048 regi
365 1010 373 1034 :
403 1010 423 1032 «
449 990 602 1035 Dilexit
625 991 904 1036 maledictum
925 1027 936 1047 ‚
961 1002 1004 1037 et
1020 994 1165 1037 veniet
1181 994 1219 1037 ei
1246 1013 1257 1051 3
1289 1003 1333 1037 et
1354 1009 1434 1037 no-

52 1060 165 1104 »luit
184 1060 548 1117 benedictionem,
566 1073 608 1107 et
630 1063 907 1122 elongabitur
927 1064 983 1108 ab
999 1068 1077 1109 eo²
1095 1084 1102 1108 :
1121 1065 1248 1124 »quis
1267 1066 1430 1109 nesciat

48 1131 129 1176 hoc
154 1132 308 1177 vitium
330 1148 418 1177 esse
435 1168 446 1187 ‚
478 1149 566 1178 non
588 1143 756 1179 naturae
776 1170 787 1189 ,
814 1136 923 1180 sicut
951 1150 1046 1179 eam
1068 1135 1266 1180 condidit
1288 1139 1401 1180 Deus
1420 1171 1430 1191 ‚

46 1202 122 1247 sed
138 1203 373 1248 voluntatis
393 1205 612 1258 humanae,
637 1221 736 1263 quae
759 1206 931 1250 recessit
948 1222 971 1250 a
993 1210 1081 1251 Deo
1096 1209 1435 1251 PVerumtamen

47 1274 81 1318 si
108 1289 196 1319 non
228 1264 445 1320 dilexisset
473 1275 847 1330 maledictionem,
873 1286 916 1320 et
935 1276 1140 1320 voluisset
1162 1277 1432 1321 benedictio-

49 1353 218 1397 nem‚ct
231 1344 275 1387 in
298 1345 380 1389 hoc
399 1346 491 1403 ipso
509 1345 781 1389 voluntatem
799 1361 920 1389 suam
939 1346 1084 1390 divina
1103 1347 1235 1404 gratia
1258 1355 1436 1404 negaret

49 1413 259 1473 adjutam,
272 1415 466 1473 ingratus
479 1425 610 1475 atque
628 1416 784 1474 impius
801 1416 881 1460 sibi
894 1415 1106 1474 regendus
1124 1417 1433 1470 dimitteretur,

50 1492 99 1528 ut
127 1484 218 1528 sine
247 1494 412 1529 rectore
442 1488 531 1530 Deo
561 1485 855 1544 praecipitatus
875 1521 887 1540 ‚
917 1501 1006 1530 non
1039 1502 1083 1530 se
1106 1502 1128 1529 a
1150 1501 1194 1529 se
1227 1487 1320 1544 ipso
1345 1486 1435 1545 regi

50 1555 237 1613 potuisse
252 1590 263 1610 ‚
288 1556 428 1614 poenis
448 1557 726 1614 experiretur.
756 1556 823 1601 Sic
846 1557 974 1600 etiam
1000 1558 1045 1600 in
1066 1556 1142 1600 illo
1167 1556 1430 1610 testimonio,

48 1625 167 1685 quod
188 1627 232 1670 in
259 1627 412 1671 eodem
437 1627 567 1672 Libro
596 1627 736 1671 eidem
762 1626 890 1671 titulo
917 1627 1115 1671 subdidit
1140 1646 1149 1671 :
1179 1645 1199 1668 «
1224 1627 1437 1686 Apposuit

52 1715 73 1738 n
112 1698 187 1742 tibi
218 1713 377 1758 aquam
405 1707 449 1743 et
475 1699 622 1756 ignem
643 1732 654 1752 ‚
684 1696 741 1742 ad
765 1698 886 1757 quod
913 1697 975 1743 vis
1002 1699 1220 1757 porrigere
1257 1713 1436 1742 manum

54 1787 74 1810 »
109 1779 226 1826 tua-m
251 1791 265 1826 3
289 1779 390 1814 ante
411 1771 631 1815 hominem
661 1771 827 1813 bonum
849 1780 893 1814 et
913 1769 1099 1824 malum,
1123 1769 1211 1812 vita
1238 1777 1282 1812 et
1304 1783 1433 1822 mors,

53 1858 74 1880 »
108 1840 227 1900 quod
244 1840 455 1900 placuerit
477 1841 530 1893 ei,
549 1839 727 1883 dabitur
747 1839 810 1882 illi
828 1841 859 1884 ³:
876 1859 895 1880 n
917 1838 1195 1884 manifestum
1214 1847 1292 1891 est,
1314 1838 1434 1896 quod

51 1911 83 1954 si
103 1910 157 1955 ad
179 1912 323 1969 ignem
339 1925 517 1955 manum
536 1909 685 1962 mittit,
711 1918 754 1952 et
777 1908 939 1952 malum
957 1923 1005 1952 ac
1027 1923 1141 1952 mors
1156 1907 1195 1950 ei
1213 1906 1368 1966 placet,
1389 1906 1435 1950 id

51 1980 252 2025 voluntas
282 1981 468 2025 hominis
504 1989 708 2038 operatur
734 1999 744 2034 3
776 1979 809 2022 si
847 1988 993 2022 autem
1029 1979 1196 2022 bonum
1228 1987 1271 2021 et
1301 1977 1435 2021 vitam

52 2050 212 2108 diligit,
239 2065 328 2095 non
345 2050 486 2094 solum
506 2049 706 2093 voluntas
726 2048 771 2092 id
792 2049 905 2107 agit,
931 2047 1005 2092 sed
1029 2048 1236 2092 divinitus
1254 2047 1321 2107 adj
1330 2062 1436 2091 uva-

55 2129 140 2165 tur.
161 2122 329 2166 Sufficit
350 2121 465 2164 enim
486 2120 567 2164 sibi
590 2119 743 2164 oculus
761 2118 815 2162 ad
836 2134 927 2163 non
948 2117 1181 2163 vivendum
1203 2152 1214 2172 ,
1235 2118 1318 2162 hoc
1340 2126 1431 2171 est,

55 2190 110 2236 ad
132 2192 329 2236 tenebras
350 2211 358 2235 :
384 2190 439 2235 ad
460 2189 701 2235 videndum
718 2204 821 2233 vero
840 2189 1005 2233 lumine
1027 2204 1105 2233 suo
1128 2204 1217 2233 non
1238 2187 1319 2232 sibi
1342 2188 1435 2232 suf-

55 2261 160 2316 ficit,
175 2262 257 2305 nisi
272 2261 334 2305 illi
357 2261 618 2305 extrinsecus
631 2259 895 2319 adjutorium
912 2259 1015 2303 clari
1036 2258 1212 2302 luminis
1236 2258 1433 2316 praebea-

54 2339 140 2376 tur.
167 2332 290 2376 Absit
315 2340 460 2375 autem
481 2365 492 2384 ‚
518 2339 566 2375 ut
585 2331 613 2373 ii
637 2330 713 2389 qui
734 2329 975 2373 secundum
1000 2330 1270 2388 propositum
1292 2329 1434 2372 vocati

55 2411 171 2456 sunt,
197 2416 306 2461 quos
323 2400 550 2461 praescivit,
573 2409 616 2443 et
635 2399 957 2458 praedestinavit
974 2399 1219 2443 conformes
1240 2399 1438 2457 imaginis

56 2471 152 2515 Filii
173 2471 280 2526 sui⁴‚
305 2486 383 2515 suo
402 2479 450 2514 ut
466 2478 643 2529 pereant
660 2468 873 2513 desiderio
895 2467 1186 2514 dimittantur.
1211 2471 1303 2514 Hoc
1321 2471 1437 2512 enim

105 2561 114 2577 ¹
136 2568 147 2588 i
160 2556 233 2588 Cor.
249 2566 282 2592 n,
298 2554 411 2588 16.--²
430 2553 509 2586 Psal.
528 2563 611 2594 evin,
632 2551 681 2585 18.
697 2569 735 2576 ——
750 2550 763 2576 3
779 2552 875 2586 Eccli.
894 2563 947 2594 xv,
967 2562 1018 2595 17,
1034 2552 1086 2584 18.
1104 2550 1172 2581 -4
1186 2554 1280 2586 Rom.
1295 2560 1366 2590 vm,
1382 2560 1442 2591 29·

1240 2605 1282 2641 ἀι.
