1804 3205
275 236 328 262 nn
360 238 528 266 nvp-rus
561 240 612 267 ET
643 242 1011 286 CONCUPtSCBN'rlA,
1047 249 1130 276 Lm.
1168 252 1214 277 ιι.
1361 245 1445 283 279

57 311 145 342 non
160 306 224 342 est
237 300 429 345 morbus.
455 304 550 348 Non
570 304 625 347 dc
641 305 711 350 illa
734 309 961 356 erubescat
984 313 1113 357 etiam
1137 314 1280 361 licitus
1300 329 1342 363 et
1366 322 1446 365 lio-

56 378 202 413 nestus
212 372 308 430 conj
318 381 542 429 ugatorum
558 378 1017 433 concubitus,vitando
1027 397 1310 446 conspectum
1324 400 1366 435 ct
1377 408 1447 450 ap-

56 441 244 498 petendo
259 453 471 489 secretum
485 480 495 499 ‚
509 456 551 491 et
564 462 650 492 non
664 459 726 494 est
747 453 937 499 morbus.
954 458 1046 501 Non
1064 459 1291 516 prohibeat
1307 464 1447 521 Apos-

56 510 167 555 tolus
191 512 236 556 iu
265 514 346 559 hoc
377 516 530 559 morbo
554 519 758 576 possideri
778 538 929 568 uxores
947 562 957 579 ‚
983 536 1026 572 et
1048 543 1136 572 non
1162 539 1227 574 est
1250 532 1444 578 morbus.

53 581 181 634 Quod
203 583 316 628 enim
337 586 511 631 Graecus
537 588 680 643 habet,
707 601 736 630 έν
756 601 842 632 παῑοει
858 604 1030 647 ἐπιθυμίας.
1046 597 1115 642 alii
1143 601 1293 645 Latine
1311 603 1448 647 inter-

52 653 210 711 pretati
231 665 333 699 sunt
353 691 363 709 ‚
385 657 428 700 in
454 659 605 704 morbo
627 660 826 706 desiderii
853 666 920 710 vel
942 670 1308 728 concupiscentiae
1325 677 1355 727 ¹,
1376 674 1446 718 alii

51 738 154 768 vero
175 724 219 768 in
243 727 439 784 passione
463 731 826 790 concupiscentia}
847 770 857 789 ‚
881 737 947 781 vel
972 739 1005 782 si
1031 756 1120 799 quo
1142 740 1230 786 alio
1250 743 1381 789 modo
1404 745 1448 788 in

51 793 143 838 aliis
172 803 304 855 atque
326 797 418 841 aliis
448 799 670 845 codicibus
691 803 911 850 invenitur
937 827 945 852 :
979 808 1054 853 sed
1073 813 1209 869 passio
1232 813 1275 856 in
1298 812 1445 873 lingua

50 864 220 919 Latina,
247 867 431 911 maxime
455 885 534 914 usu
552 870 761 932 loquendi
777 876 1082 934 ecclesiastico,
1110 896 1198 926 non
1219 883 1299 927 nisi
1314 884 1367 928 ad
1388 886 1447 929 vi·

51 936 367 993 tuperationcm
390 942 616 985 consuevit
638 943 839 1002 intelligi.

112 1008 220 1050 LVI.
235 1008 471 1060 Quodlidet
487 1021 630 1055 autem
644 1013 699 1057 dc
718 1015 922 1072 pudenda
940 1020 1289 1078 concupiscentia
1302 1025 1442 1069 carnis

49 1075 127 1118 iste
148 1077 320 1132 sentiat,
346 1079 401 1122 de
423 1081 638 1138 parvulis,
662 1099 740 1142 pro
763 1086 923 1144 quibus
943 1087 1210 1145 laboramus,
1238 1102 1286 1136 ut
1309 1094 1446 1139 salva-

51 1154 141 1190 tore
157 1146 348 1205 indigere
366 1151 616 1208 credantur,
642 1169 697 1198 ne
714 1156 805 1200 sine
828 1156 965 1202 salute
985 1162 1241 1218 moriantur,
1269 1165 1446 1209 attende

47 1217 153 1275 quid
181 1217 366 1264 dixerit:
393 1222 526 1266 verba
549 1224 640 1282 ejus
673 1236 837 1284 repeto.
865 1247 884 1270 «
915 1228 1016 1273 Illos
1037 1247 1158 1288 ergo,
1184 1233 1343 1292 inquit,
1369 1236 1444 1294 qui

44 1303 271 1348 nunquam
291 1292 381 1334 nati
404 1302 505 1337 sunt
525 1328 535 1347 ,
559 1295 694 1340 bonos
718 1298 906 1355 potuisse
929 1315 1018 1344 esse
1041 1302 1145 1346 dicis
1171 1323 1180 1347 z
1210 1305 1310 1349 istos
1332 1321 1436 1351 vero

43 1359 117 1418 qui
143 1359 356 1404 mundum
383 1362 706 1422 impleverunt,
736 1383 814 1426 pro
838 1369 1001 1428 quibus
1029 1372 1227 1418 Christus
1246 1387 1445 1421 mortuus

44 1438 136 1483 est,
165 1429 329 1475 diaboli
351 1448 484 1492 opus,
511 1443 554 1479 et
580 1436 635 1480 de
658 1438 812 1482 morbo
835 1449 959 1484 natos
977 1476 987 1494 ‚
1011 1451 1054 1485 et
1071 1444 1127 1486 ab
1150 1444 1327 1491 exordio
1351 1462 1444 1492 reos

45 1498 213 1545 definis.
239 1520 258 1542 n
275 1504 312 1546 Ο
333 1504 364 1546 si
389 1503 554 1548 nodum
580 1506 718 1551 solvat
736 1508 864 1552 etiam
889 1513 1194 1569 contentionis,
1220 1517 1444 1574 quomodo

43 1571 210 1616 nodum
231 1572 358 1618 solvit
380 1575 499 1619 istius
523 1578 773 1635 quaestionis
802 1580 810 1623 l
838 1583 1062 1642 Numquid
1097 1585 1215 1628 enim
1237 1601 1281 1630 se
1310 1588 1442 1633 modo

39 1641 95 1685 de
117 1643 352 1701 majoribus
373 1646 451 1689 ista
473 1645 672 1692 locutum
694 1665 784 1694 esse
805 1649 1003 1696 dicturus
1026 1663 1090 1698 est
1112 1657 1128 1696 ’ἶ
1156 1659 1214 1700 De
1242 1658 1435 1716 parvulis

39 1713 212 1770 agitur,
239 1713 294 1758 de
315 1718 593 1762 nascentibus
630 1720 771 1777 agitur
792 1756 802 1775 ‚
834 1721 889 1766 de
911 1723 977 1766 his
999 1725 1126 1769 nobis
1144 1761 1155 1779 ‚
1182 1728 1283 1786 quia
1307 1729 1366 1772 rei
1384 1729 1440 1773 ab

41 1784 218 1828 exordio
238 1783 511 1831 definiuntur
531 1804 555 1831 a
576 1790 702 1833 nobis
719 1825 730 1843 ‚
756 1791 811 1835 ab
834 1791 910 1835 illo
929 1793 1092 1840 invidia
1113 1808 1431 1854 commovetur,

40 1853 142 1912 quia
165 1869 238 1898 eos
259 1854 444 1900 dicimus
467 1872 584 1911 reos,
618 1874 696 1917 pro
718 1861 880 1919 quibus
909 1863 1107 1909 Christus
1136 1876 1335 1912 mortuus
1353 1878 1433 1913 est.
1460 1916 1464 1930 Ἀ

39 1924 130 1968 Cur
151 1939 233 1983 ego
256 1940 335 1983 pro
358 1925 440 1970 illis
463 1928 659 1972 Christus
687 1939 887 1975 mortuus
911 1941 974 1977 est
994 1968 1004 1988 ,
1037 1933 1070 1978 si
1095 1951 1184 1979 non
1204 1948 1306 1981 sunt
1337 1939 1396 1982 rei
1419 1935 1463 1980 ‘N

38 1994 147 2038 Inde
166 2011 358 2054 prorsus,
379 1997 482 2041 inde
501 1999 797 2046 obtinebimus
819 2018 1010 2059 causam,
1031 2005 1150 2050 unde
1166 2009 1435 2054 excitandam

37 2067 207 2124 putavit
224 2065 447 2111 invidiam.
470 2071 565 2127 Ipse
581 2070 686 2114 dicit
711 2090 720 2115 ε
744 2091 762 2113 «
789 2074 1023 2125 Quomodo
1040 2076 1099 2119 rei
1118 2087 1220 2122 sunt
1243 2080 1429 2138 parvuli,

36 2151 116 2195 pro
144 2137 303 2196 quibus
331 2138 528 2183 Christus
555 2150 752 2185 mortuus
781 2146 883 2187 est?
907 2163 926 2185 η
959 2148 1047 2191 Nos
1082 2150 1395 2207 respondemus
1418 2171 1426 2195 :

38 2208 132 2250 Iino
159 2206 327 2265 parvtili
347 2210 570 2268 quomodo
596 2211 655 2254 rei
680 2227 768 2255 non
797 2224 913 2262 sunt,
940 2231 1018 2274 pro
1049 2218 1209 2276 quibus
1231 2221 1429 2265 Christus

36 2286 233 2322 mortuus
257 2281 359 2322 est?
392 2283 474 2324 Ista
504 2284 797 2327 controversia
825 2284 1019 2344 judicem
1052 2290 1224 2347 quaerit.
1254 2291 1429 2336 Judicet

32 2360 135 2404 ergo
157 2348 352 2392 Christus
371 2384 382 2404 ,
405 2359 448 2393 et
470 2351 538 2394 cui
559 2352 616 2394 rei
640 2367 754 2397 mors
779 2354 870 2413 ejus
893 2355 1142 2414 profecerit,
1171 2360 1262 2419 ipse
1292 2362 1423 2407 dicat.

39 2435 59 2457 α
80 2416 161 2460 Hic
177 2426 256 2472 est,
280 2419 436 2479 inquit,
454 2421 628 2479 sanguis
649 2436 785 2477 meus,
813 2424 890 2484 qui
907 2441 985 2484 pro
1004 2427 1152 2474 multis
1175 2431 1430 2476 effundetur
1447 2431 1459 2480 l

37 2504 56 2526 »
76 2487 121 2530 in
153 2489 446 2534 remissionem
480 2500 759 2550 peccatorum
789 2497 821 2538 ⁴².
867 2515 884 2535 n
931 2498 1105 2543 Judicet
1143 2516 1242 2545 cum
1272 2501 1347 2546 illo
1383 2514 1425 2546 et

85 2578 91 2592 ¹
121 2583 129 2602 ι
156 2572 265 2605 Thess.
288 2585 339 2614 iv,
362 2575 390 2607 5.
410 2593 443 2598 —
466 2582 478 2597 ²
498 2576 609 2607 Matth.
633 2588 721 2618 xxvi,
746 2579 800 2610 28.
