1804 3205
656 193 805 222 iunux.
1346 179 1428 220 475

79 260 200 292 duobus
217 258 303 292 libris
321 259 476 293 Vincentii
497 259 644 300 victoris,
661 261 713 302 qui
731 259 897 301 Augustini
913 259 1108 292 sententiam
1126 258 1167 292 do
1182 259 1294 291 animun

84 321 209 355 natura,
227 320 260 349 et
277 315 420 356 ejusdem
435 315 476 349 de
492 315 589 359 ipsius
605 317 726 359 origine
743 316 982 350 cunctationem
1000 314 1218 354 improbabat,
1240 325 1297 348 os-

84 372 189 405 tendit
200 371 405 415 Augustinus,
425 373 581 414 juvenem
596 377 785 416 arroganter
800 373 841 407 do
859 383 894 405 se
907 372 974 414 ipso
985 371 1195 410 sentientem,
1207 375 1242 403 ut
1255 371 1297 404 de

85 441 120 462 re
143 434 208 462 tam
231 428 339 463 abdita
361 429 551 472 decideret,
578 431 609 463 in
637 441 760 464 errores
780 428 993 463 intolerandos
1015 428 1193 461 incurris-e·
1219 428 1299 460 Tum

86 486 202 520 deinde
214 486 449 532 Scripturarum
466 488 664 529 testimonia,
680 487 793 531 quibus
812 486 950 530 probaro
967 496 1001 518 se
1015 485 1122 517 Victor
1139 483 1300 517 existima-

87 541 156 581 bat,
173 543 294 576 animas
313 554 331 576 a
354 545 432 582 Deo,
453 554 515 576 nou
537 554 575 577 ex
595 546 768 587 propagine
793 543 872 583 lieri,
891 542 946 576 sed
963 552 1060 575 novas
1078 540 1205 581 singuli·
1223 550 1298 573 nau-

85 600 234 632 centibus
257 599 432 639 insufflari,
447 600 645 634 demonstrat
667 600 815 643 ambigua
838 612 920 641 osse,
935 605 1030 643 atque
1048 600 1087 633 ad
1104 598 1186 631 lianc
1203 596 1299 638 ipsius

85 656 269 700 opinionem
285 657 532 691 confirmandam
553 657 684 692 minime
696 657 822 693 idonea.
1220 665 1300 699 pag.
1369 656 1434 688 285

48 729 84 736 -
98 724 189 746 uasa
207 724 238 746 ιι.
261 715 390 747 Petrum
416 714 567 746 admonet
594 715 780 755 Augustinus
794 740 802 756 ‚
828 725 868 748 ne
885 713 1067 748 committat
1091 716 1127 746 ut
1150 711 1246 745 libros
1263 711 1304 744 de

88 769 199 802 animae
213 769 338 811 Origine
354 780 371 801 a
385 770 553 801 Vincentio
573 769 702 802 Victore
720 771 758 802 ad
773 781 844 802 eum
858 771 992 813 scriptos
1011 769 1167 801 laudando
1185 778 1302 813 appro-

90 823 196 866 basse,
211 829 265 857 aut
279 836 348 868 quae
362 830 486 858 temere
500 825 552 858 ille
566 826 705 869 scripsit,
716 837 772 870 pro
789 826 988 870 dogmatibus
1002 824 1170 859 catholicis
1183 823 1305 858 habere

89 880 305 914 existimetur.
326 884 455 914 Ermres
474 881 610 914 Victoris
635 881 752 918 varim,
776 893 892 925 eosque
911 881 1108 924 gravissimos
1135 884 1245 920 notat,
1272 883 1304 911 et

89 937 198 970 verbis
225 938 372 970 confutat
393 938 512 981 paucis.
536 940 627 971 Petro
651 939 780 971 demum
799 939 857 982 ipsi
877 939 999 978 suadet,
1026 943 1060 970 ut
1083 937 1244 970 Victorem
1266 936 1305 967 ad

89 1004 144 1026 eos
160 993 367 1036 corrigendos
386 994 539 1026 adducat.
1375 992 1439 1021 318

45 1067 86 1074 —
97 1061 183 1084 unna
202 1062 247 1084 ιιι.
263 1052 432 1085 Vincentio
447 1051 565 1083 Victori
583 1055 751 1092 monstrat,
767 1064 835 1095 quse
852 1062 984 1084 necesse
998 1055 1046 1083 est
1062 1052 1091 1082 in
1106 1051 1168 1081 suis
1185 1050 1225 1080 de
1239 1048 1302 1080 ori-

89 1107 160 1149 gine
178 1108 291 1140 animae
305 1108 394 1141 libris
412 1107 576 1149 emendet,
601 1108 625 1139 si
648 1107 715 1140 vult
731 1118 800 1140 esse
818 1107 994 1139 catholicus
1010 1119 1016 1137 :
1034 1116 1136 1148 eaque
1154 1105 1306 1147 superio-

90 1163 178 1196 ribus
203 1164 291 1196 libris
316 1165 355 1197 ad
378 1167 536 1197 Renatum
555 1167 589 1195 et
604 1164 642 1196 ad
661 1165 791 1196 Petrum
806 1162 875 1204 jam
892 1163 1044 1203 refutata,
1069 1161 1130 1194 hoc
1150 1160 1247 1193 tertio
1267 1159 1306 1192 ad

92 1219 254 1252 Victorem
271 1220 373 1262 ipsum
392 1222 514 1263 scripto
530 1220 709 1263 perstringit
725 1219 868 1252 breviter
885 1219 1091 1261 Augustinus,
1107 1224 1138 1250 et
1152 1218 1191 1249 ad
1207 1217 1305 1249 unde-

93 1276 155 1308 cim
170 1287 315 1308 errorum
333 1278 441 1319 capita
456 1281 599 1310 revocat.
1376 1274 1440 1305 343

49 1348 90 1355 -
106 1343 198 1365 mnan
214 1344 256 1365 ιν.
281 1334 418 1366 Primum
440 1334 678 1366 cunctationem
698 1343 783 1365 suam
802 1333 843 1364 de
859 1334 1033 1364 animarum
1051 1332 1172 1373 origine
1191 1332 1307 1364 imme-

95 1388 158 1420 rito
176 1389 370 1431 reprehendi
383 1415 390 1429 ‚
418 1390 586 1423 Vincentio
611 1389 732 1421 Victori
751 1389 961 1426 demonstrat,
983 1392 1014 1419 et
1037 1398 1070 1420 se
1088 1388 1129 1419 ab
1148 1399 1186 1419 eo
1203 1413 1210 1427 ,
1235 1388 1306 1430 quia

96 1444 171 1476 nihil
189 1445 262 1477 hinc
287 1445 420 1477 delinire
438 1457 528 1477 ausus
547 1451 608 1485 est,
635 1446 751 1486 injuria
777 1445 947 1486 pecoribus
973 1445 1163 1487 comparari.
1188 1444 1307 1476 Deinde

96 1512 172 1533 vero
188 1501 272 1543 quod
291 1502 518 1535 incunctanter
544 1503 637 1544 dixit,
659 1503 796 1536 animam
817 1504 961 1547 spiritum
986 1513 1067 1542 esse,
1095 1513 1157 1533 non
1180 1512 1307 1543 corpus,

96 1554 157 1589 hoc
182 1561 304 1590 temere
319 1559 414 1590 etiam
434 1559 580 1602 redargui
595 1570 611 1591 a
628 1559 770 1597 Victore,
794 1565 827 1591 ut
841 1569 977 1591 animam
992 1568 1179 1599 corpoream
1197 1562 1309 1589 natura

96 1622 165 1652 sua,
187 1617 219 1644 et
238 1614 384 1656 spiritum
402 1614 443 1645 ab
468 1614 535 1656 ipsa
553 1614 583 1646 in
603 1614 784 1646 hominibus
801 1614 987 1646 distinctum
1003 1617 1146 1644 statuere
1163 1616 1308 1644 conetur.

98 1668 356 1705 Quenrretellens
369 1670 571 1710 Augustinus,
583 1673 790 1712 posteaquam
806 1680 842 1701 ea
853 1669 1021 1710 diligenter
1033 1667 1184 1703 excussit,
1197 1666 1312 1709 quibus

101 1723 238 1765 probare
252 1724 304 1756 ille
322 1725 486 1756 nitebatur
500 1735 690 1766 corpoream
704 1735 773 1756 esse
789 1725 926 1756 animam
941 1733 949 1762 ;
964 1724 1104 1756 ostendit
1118 1723 1200 1755 hanc
1214 1723 1313 1764 ipsam

98 1779 242 1821 spiritum
270 1779 365 1812 etiam
392 1780 502 1811 vocari
523 1781 554 1812 in
585 1780 755 1822 Scripturis
769 1805 776 1819 ,
804 1781 950 1822 quamvis
970 1790 1080 1812 revera
1100 1779 1161 1811 isto
1184 1778 1311 1810 nomine

99 1836 241 1878 proprie,
265 1836 294 1868 id
311 1837 405 1878 ipsius
427 1837 550 1875 animm,
568 1848 632 1880 quo
652 1837 880 1869 ratiocinamur
898 1842 930 1869 et
947 1835 1162 1877 intelligimus,
1185 1844 1313 1867 nuncu-

123 1897 204 1924 atur.
1382 1892 1447 1922 364

56 1902 218 1982 colirTRA
237 1950 340 1981 DUAS
359 1949 573 1981 EPISTOLAS
597 1950 930 1988 PELAGIANORUM,
955 1958 1036 1980 unm
1063 1958 1109 1979 iv.
1129 1964 1170 1969 —
1187 1956 1274 1978 mat-m
1291 1957 1313 1978 1.

103 2004 250 2047 Epistolae
266 2014 284 2036 a
302 2004 440 2043 Iuliano,
463 2008 497 2036 ut
513 2003 692 2042 ferebatur,
712 2006 843 2036 Romam
860 2003 961 2035 missae
976 2003 1149 2045 respondet
1164 2001 1317 2044 Augusti—

104 2073 181 2094 nus:
196 2072 234 2094 ac
252 2061 390 2104 primum
407 2061 600 2094 catholicam
618 2061 797 2093 doctrinam
816 2060 958 2093 vindicat
970 2060 1010 2092 ab
1028 2060 1124 2100 ipsius
1136 2058 1316 2099 calumniis,

105 2121 173 2150 tum
193 2117 430 2160 Pelagianorum
444 2117 631 2150 haereticum
649 2127 774 2149 sensum
792 2117 824 2149 in
839 2127 876 2149 ea
894 2115 966 2148 fidei
983 2115 1196 2158 professione,
1223 2124 1319 2156 quam

105 2174 249 2217 epistolae
261 2178 373 2206 auctor
390 2173 562 2206 Catholicis
579 2173 776 2216 opponebat,
794 2172 949 2204 latentem
963 2171 1080 2213 retegit
1097 2175 1130 2203 et
1147 2169 1277 2202 refellit.
1387 2169 1451 2200 405

61 2248 103 2255 —
116 2242 203 2264 mnu
227 2241 261 2262 n.
287 2230 460 2273 Epistolam
476 2229 716 2272 Pelagionorum
733 2228 888 2267 alteram,
910 2227 1070 2259 calumniis
1094 2227 1123 2258 in
1140 2225 1320 2259 Catholicos

106 2288 205 2319 instar
219 2285 326 2329 primae
350 2285 517 2327 refertam,
538 2297 607 2329 quae
625 2284 807 2317 octodecim
829 2284 1050 2325 episcoporum
1069 2281 1195 2313 nomine
1219 2281 1322 2313 Thes-

109 2342 279 2375 salonicam
292 2341 333 2373 ab
346 2341 421 2384 ipsis
436 2341 528 2373 missa
546 2345 607 2379 est,
625 2340 850 2373 excutiendam
867 2339 1012 2380 suscipit,
1027 2340 1072 2370 Ac
1087 2337 1188 2378 primo
1203 2335 1321 2369 Catho-

111 2398 189 2431 ticos
201 2398 285 2430 haud
300 2407 456 2440 quaquam
473 2396 615 2429 incidere
629 2395 657 2428 in
676 2395 923 2427 Manichaeorum
937 2404 1076 2430 errores,
1091 2393 1165 2424 dum
1180 2392 1320 2434 Pelagia-

110 2455 272 2497 gianorum
297 2454 443 2495 dogmata
469 2453 692 2490 detestantur,
718 2450 877 2483 haereticis
903 2450 1014 2482 iisdem
1035 2450 1117 2481 inter
1141 2459 1177 2481 se
1198 2448 1324 2481 collatis

109 2509 262 2543 ostendit·
290 2508 484 2543 calumniam
504 2507 772 2550 praevaricationis
791 2507 822 2539 in
838 2506 1015 2549 posteriore
1032 2504 1149 2548 Pelagii
1163 2503 1321 2538 Ccelestii-
