1804 3205
455 246 532 269 ι,ιιι.
574 246 599 269 ι.
641 245 691 270 υιῐ
723 242 879 270 mixtu
913 244 1094 270 enuisti.
1394 236 1471 271 125

86 310 219 352 libero
251 308 429 352 arbitrio
460 309 515 352 ita
543 307 736 367 loquitur
763 327 771 352 2
811 328 828 349 «
858 308 1078 352 Habemus
1108 316 1276 359 autem,
1300 308 1468 366 inquit,

85 378 410 437 possibilitatem
431 379 660 438 utriusque
678 380 809 438 partis
828 395 849 422 a
872 382 958 422 Deo
978 378 1166 431 insitam,
1188 377 1469 436 velutquam·

83 448 200 503 dam,
223 458 271 493 ut
289 449 345 493 ita
369 449 528 503 dicam,
551 448 738 492 radicem
760 448 1026 493 fructiferam
1046 458 1178 508 atque
1200 446 1471 499 foecundam,

84 535 183 580 quac
205 536 253 563 ex
273 519 500 564 voluntate
521 520 708 564 hominis
721 520 887 563 diversa
912 520 1058 577 gignat
1077 529 1119 562 et
1142 519 1304 578 pariat,
1321 528 1474 578 etqua:

85 591 220 651 possit
244 591 300 635 ad
324 592 485 650 proprii
512 590 690 635 cultoris
710 590 954 644 arbitrium,
979 589 1044 634 vel
1062 590 1198 633 nitere
1217 590 1322 634 flore
1337 591 1475 632 virtu-

90 672 200 717 tum,
216 662 283 707 vel
303 664 498 706 sentibus
513 663 687 706 horrere
706 662 926 706 vitiorum.
945 680 963 702 »
985 661 1061 705 Ubi
1075 677 1163 706 non
1179 661 1352 704 intuens
1371 659 1477 720 quid

84 731 305 794 loquatur,
345 749 476 778 unam
508 734 748 793 eamdequc
780 732 967 777 radicem
1005 732 1229 776 constituit
1260 732 1476 776 bonorum

86 814 128 849 et
151 805 364 849 malorum
383 841 393 860 ‚
415 814 563 849 contra
583 805 874 862 evangelicam
899 805 1119 848 veritatem
1144 804 1478 862 doctrinamque

87 876 383 935 apostolicam.
421 879 619 936 Namque
651 885 692 920 et
731 876 938 920 Dominus
976 891 1054 918 nec
1083 876 1278 918 arborem
1318 875 1477 917 bonam

86 948 192 992 dicit
214 964 336 1008 posse
361 948 500 992 facere
525 947 694 991 fructus
717 947 852 991 malos
871 983 880 1000 ,
914 963 993 990 nec
1020 947 1174 990 malam
1206 947 1369 989 bonos¹
1402 964 1409 988 :
1436 953 1478 987 ct

87 1019 307 1078 apostolus
343 1018 500 1063 Paulus
529 1033 629 1063 cum
665 1019 770 1061 dicit
809 1018 997 1061 radicem
1031 1016 1246 1060 malorum
1283 1015 1477 1059 omnium

86 1106 174 1134 esse
197 1090 481 1150 cupiditatem
497 1093 531 1143 Ἰ,
560 1090 767 1133 admonet
796 1089 948 1148 utique
975 1086 1158 1146 intelligi
1187 1086 1374 1130 radicem
1397 1086 1479 1128 bo-

87 1177 243 1206 norum
268 1162 464 1206 omnium
490 1161 762 1205 charitatem.
783 1158 908 1203 Unde
931 1159 963 1202 si
980 1158 1079 1201 duae
1103 1158 1277 1201 arbores
1301 1158 1414 1201 bona
1435 1164 1479 1198 et

86 1232 195 1277 mala
211 1268 221 1288 ,
241 1231 330 1277 duo
353 1241 454 1277 sunt
472 1232 668 1276 homines
694 1232 835 1274 bonus
864 1240 907 1274 et
930 1230 1091 1283 malus,
1123 1229 1230 1288 quid
1254 1241 1317 1272 est
1337 1228 1479 1271 bonus

86 1304 219 1349 homo
242 1304 320 1349 nisi
345 1303 582 1349 voluntatis
606 1302 748 1356 bonae,
776 1303 858 1346 hoc
881 1310 960 1355 est,
987 1301 1116 1344 arbor
1141 1299 1293 1343 radicis
1322 1299 1480 1342 bonae?

87 1374 259 1434 etquid
282 1384 344 1418 est
374 1375 506 1418 homo
541 1372 680 1416 malus
713 1372 792 1415 nisi
819 1370 1055 1415 voluntatis
1088 1369 1237 1423 malae,
1273 1369 1357 1412 hoc
1390 1376 1475 1422 est,

89 1445 218 1490 arbor
237 1444 389 1489 radicis
405 1443 560 1488 malae?
581 1447 767 1488 Fructus
786 1452 930 1486 autem
955 1443 1107 1485 harum
1128 1440 1324 1484 radicum
1348 1449 1479 1498 atquc

88 1518 311 1571 arborum,
338 1515 450 1560 facta
473 1524 588 1569 sunt,
610 1514 726 1558 dicta
749 1522 868 1570 sunt,
892 1514 1080 1571 cogitata
1102 1520 1221 1564 sunt,
1243 1525 1343 1570 quae
1366 1510 1480 1554 bona

87 1587 141 1633 de
163 1589 278 1632 bona
299 1586 525 1632 voluntate
548 1585 806 1646 procedunt,
835 1593 877 1628 et
900 1583 1012 1627 mala
1036 1584 1091 1626 (le
1114 1582 1241 1626 mala.

149 1662 246 1703 XX.
274 1658 395 1704 Facit
429 1667 575 1703 autem
603 1657 734 1702 homo
767 1656 966 1701 arborem
1000 1655 1176 1709 bonam,
1203 1651 1381 1714 quando
1407 1651 1483 1695 Dei

90 1731 246 1790 accipit
263 1731 458 1788 gratiam.
481 1731 577 1774 Non
598 1728 714 1771 enim
732 1742 776 1770 se
794 1743 843 1771 ex
859 1725 973 1770 malo
991 1726 1156 1769 bonum
1178 1741 1254 1784 per
1275 1739 1318 1768 se
1340 1724 1482 1783 ipsum

90 1800 219 1858 facit3
240 1801 316 1845 sed
334 1816 385 1843 ex
404 1798 479 1844 illo
502 1808 544 1844 et
563 1814 639 1858 per
661 1797 785 1841 illum
807 1807 850 1841 et
872 1799 916 1840 in
937 1795 1012 1840 illo
1035 1796 1111 1855 qui
1132 1810 1302 1854 semper
1325 1804 1387 1838 cst
1409 1794 1485 1836 bo-

92 1887 173 1915 nus
201 1891 209 1915 :
237 1886 316 1915 nec
343 1879 516 1914 tantum
541 1878 588 1912 ut
611 1868 740 1912 arbor
767 1869 821 1910 sit
853 1867 984 1918 bona,
1016 1865 1091 1909 sed
1120 1865 1248 1909 etiam
1277 1873 1325 1907 ut
1354 1863 1485 1906 faciat

92 1941 259 1987 fruetus
279 1942 431 1995 bonos,
454 1940 604 1984 eadem
625 1938 759 1997 gratia
778 1936 1067 1981 necessarium
1088 1944 1151 1979 est
1169 1945 1219 1978 ut
1236 1935 1481 1994 adjuvetur,

92 2015 183 2059 sine
213 2029 298 2073 qua
334 2013 437 2057 boni
470 2009 634 2070 aliquid
667 2011 804 2054 lacere
833 2024 924 2053 non
946 2016 1104 2068 potest.
1131 2010 1227 2066 Ipse
1249 2007 1413 2066 quippe
1440 2005 1485 2047 in

93 2085 219 2130 bonis
243 2084 468 2129 arboribus
491 2091 748 2141 cooperatur
771 2079 988 2134 fructum,
1014 2079 1089 2139 qui
1112 2087 1154 2122 et
1175 2077 1412 2122 forinsecus
1437 2076 1489 2118 ii-

95 2164 165 2215 gat
190 2165 320 2215 atque
342 2153 497 2199 excolit
521 2168 596 2212 per
621 2151 863 2212 quemlibet
888 2149 1157 2202 ministrum
1186 2159 1228 2191 et
1252 2163 1328 2207 per
1351 2163 1394 2191 se
1413 2145 1488 2189 dat

94 2222 354 2270 intrinsecus
376 2223 736 2268 incrementum&
757 2220 922 2266 Malum
941 2235 1042 2263 vero
1058 2220 1257 2263 arborem
1273 2219 1404 2262 homo
1422 2215 1487 2260 fa-

96 2297 170 2349 cit,
194 2296 372 2357 quando
390 2311 434 2339 se
454 2296 594 2355 ipsum
615 2292 775 2337 malum
797 2292 914 2344 lacit,
941 2291 1119 2350 quando
1141 2305 1164 2333 a
1189 2288 1336 2333 bono
1326 2303 1488 2332 mcom-

96 2367 297 2411 mutabili
319 2366 464 2410 deficit
491 2385 499 2410 :
521 2365 576 2409 ab
603 2380 653 2409 eo
679 2363 842 2423 quippe
874 2360 1070 2404 defectus
1099 2370 1163 2404 est
1190 2359 1310 2417 origo
1338 2358 1488 2403 volun-

96 2439 195 2482 tatis
224 2436 363 2481 malae.
393 2437 477 2490 Qui
505 2435 703 2480 defectus
727 2449 815 2477 non
838 2431 966 2475 aliam
991 2440 1191 2475 naturam
1221 2430 1378 2474 malam
1408 2430 1490 2472 ini-

97 2509 202 2562 tiat,
227 2508 303 2552 sed
325 2523 420 2552 eam
443 2523 542 2567 quae
569 2507 685 2550 bona
709 2503 885 2549 condita
909 2511 971 2546 est
997 2502 1134 2547 vitiat.
1164 2504 1321 2547 Sanato
1343 2508 1487 2545 autem

153 2600 160 2617 ¹
181 2593 300 2626 Mauh.
320 2604 378 2636 vn,
404 2593 454 2626 18.
474 2610 512 2616 -
529 2599 540 2616 ³
567 2603 578 2624 1
602 2592 682 2624 Tim.
704 2601 748 2628 vi,
769 2600 817 2622 ιο.
835 2605 874 2611 --
893 2585 906 2610 ³
933 2599 944 2620 ι
969 2591 1040 2621 Cor.
1059 2599 1106 2629 ιιι,
1124 2598 1154 2629 3·-
