1804 3205
517 201 569 230 ns
599 202 740 231 utaris
775 197 958 230 pumen.
1381 188 1436 227 95

53 269 143 315 ausi
165 277 282 322 sunt,
308 277 356 313 ut
374 282 462 312 non
481 266 621 313 solum
650 266 978 326 possibilitatem
1001 279 1089 308 non
1114 262 1338 321 peccandi,
1364 262 1439 307 sed

50 339 179 385 etiam
199 337 455 384 facilitatem
469 374 480 393 ,
506 340 618 383 sicut
632 339 674 382 in
694 337 807 383 libro
823 335 1123 396 Capitulorum
1142 331 1336 392 ejusdem
1360 336 1439 376 l'e-

50 408 149 467 lagii
183 409 371 469 positum
405 418 491 464 est,
522 407 826 468 judicantibus
863 405 1193 468 quatuordecim
1227 404 1439 462 episcopis

51 495 95 525 se
118 481 375 540 persuasisse
392 481 627 540 jactarent,
655 495 755 525 eum
780 480 907 524 toties
937 478 1090 523 eadem
1119 476 1289 535 objecta
1313 474 1442 534 gestis

54 560 187 610 atque
214 552 393 611 repetita
425 566 639 610 nusquam
672 551 755 595 hoc
790 550 949 594 habere
981 546 1285 592 inveniantur?
1317 548 1441 598 Quo-

55 621 186 668 modo
213 623 328 667 enim
353 623 482 668 etiam
518 621 595 681 ipsi
627 620 868 665 defensioni
901 630 943 664 et
979 617 1246 677 responsioni
1281 615 1442 675 Pelagii

53 707 142 738 non
163 701 228 737 est
248 693 331 738 hoc
349 693 532 738 verbum
551 693 840 746 eontrarium,
861 707 961 736 cum
984 700 1026 735 et
1052 690 1277 748 episcopus
1306 690 1442 732 Joan—

55 778 129 807 nes
148 763 208 807 sic
229 778 331 808 eum
356 763 474 822 apud
497 778 541 807 se
566 762 834 822 respondisse
857 761 1038 815 dixerit,
1068 769 1117 804 ut
1143 779 1162 801 α
1189 773 1290 803 eum
1313 757 1445 803 vellet

55 831 239 891 intelligi
262 849 385 893 posse
409 850 498 879 non
530 849 706 892 peceare
725 868 735 888 ‚
770 833 846 893 qui
875 831 1060 877 voluerit
1095 846 1173 890 pro
1199 829 1337 874 salute
1368 844 1446 872 sua

54 901 250 949 laborare
268 913 311 948 et
334 905 588 963 agonizare3
614 922 633 945 »
661 913 702 948 et
728 904 816 963 ipse
838 904 928 962 jam
964 902 1093 959 gestis
1115 915 1244 959 agens
1267 902 1347 958 (3),
1375 913 1445 943 se-

53 989 139 1034 que
161 974 419 1030 defendens,
445 995 458 1016 ‹
489 975 664 1033 proprio
685 973 835 1018 labore
853 983 896 1018 et
915 973 990 1016 Dei
1009 971 1146 1031 gratia
1168 970 1338 1024 dixerit,
1365 970 1446 1013 ho-

55 1044 217 1090 minem
239 1060 362 1104 posse
391 1060 480 1090 esse
503 1046 716 1104 peccato?
737 1063 756 1086 »
789 1042 1018 1098 Quomodo
1044 1056 1144 1100 ergo
1164 1040 1290 1086 facile
1312 1043 1381 1094 sit,
1412 1040 1447 1084 si

54 1114 277 1162 laboratur
306 1126 354 1162 ut
386 1117 486 1162 fiat?
516 1120 628 1162 Puto
657 1116 774 1160 enim
804 1131 977 1160 omnem
1007 1129 1185 1158 sensum
1215 1113 1447 1158 hominum

55 1187 282 1233 nobiseum
301 1203 546 1246 agnoscere,
570 1187 690 1248 quod
713 1187 790 1232 ubi
807 1187 930 1231 labor
950 1194 1030 1239 est,
1055 1184 1240 1230 facilitas
1258 1200 1345 1229 non
1365 1193 1443 1228 cst.

56 1259 111 1302 Et
133 1267 279 1303 tamen
301 1259 481 1319 epistola
504 1258 685 1303 carnalis
708 1257 979 1303 ventositatis
1002 1265 1044 1300 et
1077 1255 1276 1299 elationis
1298 1254 1445 1307 volat,

55 1336 98 1372 et
117 1338 337 1387 gestorum
360 1329 563 1374 tarditate
586 1338 815 1388 procurata
833 1363 843 1382 ,
863 1327 1082 1372 celeritate
1101 1324 1352 1384 praeeedens
1366 1359 1376 1377 ‚
1403 1326 1449 1367 in

54 1412 208 1443 manus
245 1399 474 1444 hominum
512 1399 748 1458 praevolat,
785 1407 835 1442 ut
866 1396 1198 1456 quatuordecim
1233 1394 1450 1453 episeopis

55 1468 338 1513 orientalibus
357 1469 567 1528 placuisse
589 1469 777 1524 dicatur,
801 1484 889 1513 non
908 1467 1047 1511 solum
1069 1485 1088 1508 ‹<
1109 1480 1230 1525 posse
1254 1480 1344 1510 esse
1368 1465 1449 1508 ho-

54 1539 215 1584 minem
237 1540 328 1584 sine
346 1550 523 1599 peccato
539 1576 550 1595 ,
575 1550 618 1585 et
637 1540 712 1585 Dei
729 1538 935 1584 mandata
957 1537 1192 1593 custodire,
1218 1537 1294 1580 sed
1319 1544 1363 1580 et
1381 1534 1449 1580 fa-

54 1610 135 1656 cile
155 1612 374 1656 custodire
398 1632 406 1657 :
438 1631 457 1654 »
484 1628 563 1657 nec
586 1613 811 1657 nominato
835 1615 924 1655 Deo
941 1612 1141 1671 juvante,
1164 1608 1240 1653 sed
1255 1617 1448 1662 tantum,

59 1700 79 1724 «
99 1681 132 1726 si
150 1680 283 1727 velit:
311 1700 332 1723 »
363 1691 413 1726 ut
435 1682 637 1727 videlieet
664 1684 819 1737 tacita,
845 1697 924 1741 pro
951 1697 1037 1740 qua
1066 1678 1450 1724 vehementissime

55 1752 350 1811 pugnabatur,
371 1752 518 1798 divina
542 1754 693 1812 gratia,
716 1763 861 1808 restet,
882 1762 932 1797 ut
955 1752 1043 1797 sola
1063 1752 1109 1795 in
1127 1749 1311 1809 epistola
1325 1749 1449 1807 lega-

56 1830 128 1868 tur
148 1822 296 1868 infelix
312 1859 323 1879 ,
349 1833 392 1868 et
413 1839 457 1868 se
484 1824 620 1883 ipsam
646 1823 866 1882 decipiens
894 1823 1015 1866 velut
1043 1821 1218 1874 victrix,
1254 1820 1449 1863 humana

55 1894 274 1952 superbia.
292 1895 425 1947 Quasi
443 1910 532 1938 non
553 1895 637 1938 hoc
659 1910 702 1937 se
726 1894 879 1936 dixerit
903 1891 1099 1950 culpasse
1124 1893 1314 1934 Joannes
1337 1888 1450 1946 cpis-

55 1978 208 2022 copus,
236 1973 278 2007 et
300 1963 419 2007 velut
442 1964 661 2022 giganteos
687 1976 854 2008 montes
884 1962 1087 2006 adversus
1116 1959 1450 2019 supereminen-

55 2033 159 2079 tiam
184 2034 332 2093 gratiae
345 2034 530 2080 coelestis
546 2044 732 2078 structos
750 2034 888 2083 tribus
904 2033 1153 2077 divinorum
1175 2029 1450 2075 testimonio-

56 2120 153 2150 rum
176 2114 385 2165 tanquam
418 2104 656 2150 fulminum
680 2105 840 2149 ictibus
863 2104 1068 2164 dejecisse
1093 2123 1100 2148 ;
1124 2111 1200 2147 aut
1223 2117 1326 2146 vero
1350 2115 1452 2145 cum

55 2173 132 2220 illo
148 2176 277 2220 etiam
298 2176 441 2221 caeteri
462 2176 652 2235 episcopi
665 2175 853 2236 judices,
881 2175 950 2219 vel
974 2182 1135 2228 mente,
1159 2172 1229 2217 vel
1250 2171 1351 2230 ipsis
1379 2186 1453 2215 au-

56 2244 175 2289 ribus
198 2243 360 2289 ferrent
380 2244 601 2303 Pelagium
624 2246 863 2299 dicentem,
894 2264 915 2287 «
941 2248 1067 2289 Posse
1095 2242 1275 2303 quidem
1301 2241 1453 2285 homi-

56 2330 158 2360 nem
173 2317 264 2360 sine
286 2325 463 2375 peccato
481 2331 588 2371 esse,
612 2325 655 2360 et
679 2317 754 2360 Dei
776 2315 979 2359 mandata
1003 2312 1240 2367 custodire,
1265 2313 1300 2355 si
1323 2310 1449 2365 velit,

57 2385 243 2432 diximus
269 2406 279 2434 ι
298 2405 320 2430 »
341 2387 421 2432 nisi
438 2388 647 2433 continuo
661 2395 932 2448 sequeretur,
959 2405 980 2428 «
998 2386 1112 2430 hanc
1133 2385 1249 2428 enim
1264 2381 1454 2444 possibi-

56 2455 223 2503 litatem
251 2462 366 2504 Deus
387 2458 450 2503 illi
474 2458 596 2504 dedit
623 2478 632 2503 2
659 2478 678 2499 υ
698 2457 844 2519 (quod
870 2456 1125 2502 nesciebant
1145 2455 1225 2511 illi,
1252 2469 1354 2499 eum
1381 2452 1453 2496 di-

58 2541 156 2573 cere
170 2527 226 2574 de
242 2537 414 2585 natura,
433 2544 523 2576 non
544 2527 600 2574 de
618 2528 694 2574 illa
708 2563 720 2586 ,
751 2542 884 2588 quam
911 2527 957 2573 in
979 2526 1218 2586 apostolica
1234 2523 1445 2584 praedica-
