<?xml version="1.0" encoding="UTF-8"?>
<!DOCTYPE html PUBLIC "-//W3C//DTD XHTML 1.0 Transitional//EN"
    "http://www.w3.org/TR/xhtml1/DTD/xhtml1-transitional.dtd">
<html xmlns="http://www.w3.org/1999/xhtml" xml:lang="en" lang="en">
 <head>
  <title>
</title>
<meta http-equiv="Content-Type" content="text/html;charset=utf-8" />
  <meta name='ocr-system' content='tesseract 3.04.00' />
  <meta name='ocr-capabilities' content='ocr_page ocr_carea ocr_par ocr_line ocrx_word'/>
</head>
<body>
  <div class='ocr_page' id='page_1' title='image "./operaomniaaccura34auguuoft_0246.png"; bbox 0 0 1784 3205; ppageno 0'>
   <div class='ocr_carea' id='block_1_1' title="bbox 323 210 1267 248">
    <p class='ocr_par' dir='ltr' id='par_1_1' title="bbox 323 210 1267 248">
     <span class='ocr_line' id='line_1_1' title="bbox 323 210 1267 248; baseline 0.001 -1"><span class='ocrx_word' id='word_1_1' title='bbox 323 210 405 247; x_wconf 72' lang='lat'>236</span> <span class='ocrx_word' id='word_1_2' title='bbox 750 218 782 247; x_wconf 85' lang='lat' dir='ltr'>s.</span> <span class='ocrx_word' id='word_1_3' title='bbox 822 217 1052 248; x_wconf 61' lang='lat' dir='ltr'>Aitctzsrim</span> <span class='ocrx_word' id='word_1_4' title='bbox 1084 220 1267 248; x_wconf 64' lang='grc' dir='ltr'>Ειηεαοιη</span> 
     </span>
    </p>
   </div>
   <div class='ocr_carea' id='block_1_2' title="bbox 232 285 1708 345">
    <p class='ocr_par' dir='ltr' id='par_1_2' title="bbox 232 285 1708 345">
     <span class='ocr_line' id='line_1_2' title="bbox 232 285 1708 345; baseline 0.001 -15"><span class='ocrx_word' id='word_1_5' title='bbox 232 296 234 299; x_wconf 82' lang='grc'><em>·</em></span> <span class='ocrx_word' id='word_1_6' title='bbox 285 334 291 340; x_wconf 18' lang='grc' dir='ltr'>ἱ</span> <span class='ocrx_word' id='word_1_7' title='bbox 321 289 460 330; x_wconf 89' lang='lat' dir='ltr'>Deum</span> <span class='ocrx_word' id='word_1_8' title='bbox 483 300 585 345; x_wconf 81' lang='lat' dir='ltr'>ergo</span> <span class='ocrx_word' id='word_1_9' title='bbox 611 286 711 329; x_wconf 88' lang='lat' dir='ltr'>time</span> <span class='ocrx_word' id='word_1_10' title='bbox 728 321 739 341; x_wconf 86' lang='lat'>,</span> <span class='ocrx_word' id='word_1_11' title='bbox 764 295 811 345; x_wconf 83' lang='lat' dir='ltr'>ct</span> <span class='ocrx_word' id='word_1_12' title='bbox 846 285 934 329; x_wconf 90' lang='lat' dir='ltr'>noli</span> <span class='ocrx_word' id='word_1_13' title='bbox 969 286 1147 345; x_wconf 80' lang='lat' dir='ltr'>antiqua</span> <span class='ocrx_word' id='word_1_14' title='bbox 1172 286 1273 331; x_wconf 84' lang='lat' dir='ltr'>fidei</span> <span class='ocrx_word' id='word_1_15' title='bbox 1302 286 1527 332; x_wconf 79' lang='lat' dir='ltr'>catholicae</span> <span class='ocrx_word' id='word_1_16' title='bbox 1550 287 1708 332; x_wconf 84' lang='lat' dir='ltr'>funda-</span> 
     </span>
    </p>
   </div>
   <div class='ocr_carea' id='block_1_3' title="bbox 259 344 1713 2598">
    <p class='ocr_par' dir='ltr' id='par_1_3' title="bbox 259 344 1707 628">
     <span class='ocr_line' id='line_1_3' title="bbox 259 344 1706 417; baseline 0.001 -17"><span class='ocrx_word' id='word_1_17' title='bbox 259 344 273 375; x_wconf 65' lang='lat'>2²</span> <span class='ocrx_word' id='word_1_18' title='bbox 321 366 467 401; x_wconf 87' lang='lat' dir='ltr'>menta</span> <span class='ocrx_word' id='word_1_19' title='bbox 499 357 645 401; x_wconf 87' lang='lat' dir='ltr'>conari</span> <span class='ocrx_word' id='word_1_20' title='bbox 680 365 800 400; x_wconf 85' lang='lat' dir='ltr'>tanta</span> <span class='ocrx_word' id='word_1_21' title='bbox 829 355 1120 400; x_wconf 77' lang='lat' dir='ltr'>obstinatione</span> <span class='ocrx_word' id='word_1_22' title='bbox 1149 357 1706 417; x_wconf 60' lang='lat' dir='ltr'>subvertei¹e.3Quanquam</span> 
     </span>
     <span class='ocr_line' id='line_1_4' title="bbox 320 426 1707 481; baseline 0.001 -10"><span class='ocrx_word' id='word_1_23' title='bbox 320 428 399 471; x_wconf 88' lang='lat' dir='ltr'>iste</span> <span class='ocrx_word' id='word_1_24' title='bbox 431 436 529 471; x_wconf 89' lang='lat' dir='ltr'>tuus</span> <span class='ocrx_word' id='word_1_25' title='bbox 557 428 726 471; x_wconf 87' lang='lat' dir='ltr'>animus</span> <span class='ocrx_word' id='word_1_26' title='bbox 759 426 976 470; x_wconf 88' lang='lat' dir='ltr'>animosus</span> <span class='ocrx_word' id='word_1_27' title='bbox 994 461 1004 481; x_wconf 88' lang='lat'><strong>,</strong></span> <span class='ocrx_word' id='word_1_28' title='bbox 1031 427 1197 471; x_wconf 86' lang='lat' dir='ltr'>utinam</span> <span class='ocrx_word' id='word_1_29' title='bbox 1226 427 1376 471; x_wconf 86' lang='lat' dir='ltr'>saltem</span> <span class='ocrx_word' id='word_1_30' title='bbox 1410 428 1455 470; x_wconf 90' lang='lat' dir='ltr'>in</span> <span class='ocrx_word' id='word_1_31' title='bbox 1478 428 1558 472; x_wconf 87' lang='lat' dir='ltr'>bac</span> <span class='ocrx_word' id='word_1_32' title='bbox 1580 443 1707 472; x_wconf 86' lang='lat' dir='ltr'>causa</span> 
     </span>
     <span class='ocr_line' id='line_1_5' title="bbox 320 497 1705 558; baseline 0.001 -16"><span class='ocrx_word' id='word_1_33' title='bbox 320 499 517 542; x_wconf 85' lang='lat' dir='ltr'>homines</span> <span class='ocrx_word' id='word_1_34' title='bbox 531 500 699 542; x_wconf 86' lang='lat' dir='ltr'>timeret</span> <span class='ocrx_word' id='word_1_35' title='bbox 718 517 725 541; x_wconf 79' lang='lat' dir='ltr'>z</span> <span class='ocrx_word' id='word_1_36' title='bbox 746 497 928 552; x_wconf 81' lang='lat' dir='ltr'>utinam,</span> <span class='ocrx_word' id='word_1_37' title='bbox 949 498 1146 558; x_wconf 78' lang='lat' dir='ltr'>inquam,</span> <span class='ocrx_word' id='word_1_38' title='bbox 1163 498 1313 543; x_wconf 88' lang='lat' dir='ltr'>saltem</span> <span class='ocrx_word' id='word_1_39' title='bbox 1334 500 1705 557; x_wconf 85' lang='lat' dir='ltr'>paveretignavia‚</span> 
     </span>
     <span class='ocr_line' id='line_1_6' title="bbox 320 567 840 628; baseline 0 -17"><span class='ocrx_word' id='word_1_40' title='bbox 320 583 451 628; x_wconf 88' lang='lat' dir='ltr'>quam</span> <span class='ocrx_word' id='word_1_41' title='bbox 469 568 628 626; x_wconf 85' lang='lat' dir='ltr'>periret</span> <span class='ocrx_word' id='word_1_42' title='bbox 646 567 840 611; x_wconf 86' lang='lat' dir='ltr'>audacia.</span> 
     </span>
    </p>

    <p class='ocr_par' dir='ltr' id='par_1_4' title="bbox 317 638 1713 1597">
     <span class='ocr_line' id='line_1_7' title="bbox 377 638 1707 699; baseline 0.001 -17"><span class='ocrx_word' id='word_1_43' title='bbox 377 638 680 682; x_wconf 83' lang='lat' dir='ltr'>X.Videamus</span> <span class='ocrx_word' id='word_1_44' title='bbox 699 647 741 682; x_wconf 92' lang='lat' dir='ltr'>et</span> <span class='ocrx_word' id='word_1_45' title='bbox 756 646 911 681; x_wconf 67' lang='lat' dir='ltr'>caetera</span> <span class='ocrx_word' id='word_1_46' title='bbox 931 654 1029 696; x_wconf 78' lang='lat' dir='ltr'>quae</span> <span class='ocrx_word' id='word_1_47' title='bbox 1048 639 1285 682; x_wconf 75' lang='lat' dir='ltr'>connectit.</span> <span class='ocrx_word' id='word_1_48' title='bbox 1310 639 1393 683; x_wconf 89' lang='lat' dir='ltr'>Sed</span> <span class='ocrx_word' id='word_1_49' title='bbox 1413 639 1519 699; x_wconf 85' lang='lat' dir='ltr'>quid</span> <span class='ocrx_word' id='word_1_50' title='bbox 1534 639 1707 694; x_wconf 83' lang='lat' dir='ltr'>faciam,</span> 
     </span>
     <span class='ocr_line' id='line_1_8' title="bbox 317 707 1710 768; baseline 0.001 -17"><span class='ocrx_word' id='word_1_51' title='bbox 317 717 464 751; x_wconf 87' lang='lat' dir='ltr'>utrum</span> <span class='ocrx_word' id='word_1_52' title='bbox 487 707 653 764; x_wconf 76' lang='lat' dir='ltr'>singula</span> <span class='ocrx_word' id='word_1_53' title='bbox 684 709 773 766; x_wconf 88' lang='lat' dir='ltr'>ejus</span> <span class='ocrx_word' id='word_1_54' title='bbox 808 723 1073 766; x_wconf 70' lang='lat' dir='ltr'>proponam,</span> <span class='ocrx_word' id='word_1_55' title='bbox 1112 709 1272 768; x_wconf 82' lang='lat' dir='ltr'>quibus</span> <span class='ocrx_word' id='word_1_56' title='bbox 1296 709 1583 768; x_wconf 76' lang='lat' dir='ltr'>respondeam</span> <span class='ocrx_word' id='word_1_57' title='bbox 1610 730 1622 766; x_wconf 75' lang='lat'>‘⁷</span> <span class='ocrx_word' id='word_1_58' title='bbox 1655 725 1710 753; x_wconf 87' lang='lat' dir='ltr'>an</span> 
     </span>
     <span class='ocr_line' id='line_1_9' title="bbox 318 777 1712 838; baseline 0.002 -19"><span class='ocrx_word' id='word_1_59' title='bbox 318 778 376 820; x_wconf 86' lang='lat' dir='ltr'>eis</span> <span class='ocrx_word' id='word_1_60' title='bbox 400 778 693 835; x_wconf 84' lang='lat' dir='ltr'>praetermissis</span> <span class='ocrx_word' id='word_1_61' title='bbox 715 794 814 836; x_wconf 80' lang='lat' dir='ltr'>quae</span> <span class='ocrx_word' id='word_1_62' title='bbox 832 777 1043 822; x_wconf 87' lang='lat' dir='ltr'>catholica</span> <span class='ocrx_word' id='word_1_63' title='bbox 1068 778 1173 822; x_wconf 85' lang='lat' dir='ltr'>fides</span> <span class='ocrx_word' id='word_1_64' title='bbox 1197 780 1414 833; x_wconf 83' lang='lat' dir='ltr'>continet,</span> <span class='ocrx_word' id='word_1_65' title='bbox 1441 795 1488 823; x_wconf 82' lang='lat' dir='ltr'>ea</span> <span class='ocrx_word' id='word_1_66' title='bbox 1505 778 1593 822; x_wconf 81' lang='lat' dir='ltr'>sola</span> <span class='ocrx_word' id='word_1_67' title='bbox 1615 792 1712 838; x_wconf 87' lang='lat' dir='ltr'>per-</span> 
     </span>
     <span class='ocr_line' id='line_1_10' title="bbox 319 848 1711 909; baseline 0.002 -18"><span class='ocrx_word' id='word_1_68' title='bbox 319 857 501 892; x_wconf 77' lang='lat' dir='ltr'>tractem</span> <span class='ocrx_word' id='word_1_69' title='bbox 531 857 661 908; x_wconf 85' lang='lat' dir='ltr'>atque</span> <span class='ocrx_word' id='word_1_70' title='bbox 692 848 916 892; x_wconf 80' lang='lat' dir='ltr'>confutem</span> <span class='ocrx_word' id='word_1_71' title='bbox 939 884 949 901; x_wconf 77' lang='grc'><em>,</em></span> <span class='ocrx_word' id='word_1_72' title='bbox 985 850 1028 892; x_wconf 95' lang='lat' dir='ltr'>in</span> <span class='ocrx_word' id='word_1_73' title='bbox 1063 850 1223 909; x_wconf 82' lang='lat' dir='ltr'>quibus</span> <span class='ocrx_word' id='word_1_74' title='bbox 1256 866 1277 893; x_wconf 93' lang='lat' dir='ltr'>a</span> <span class='ocrx_word' id='word_1_75' title='bbox 1312 851 1482 893; x_wconf 76' lang='lat' dir='ltr'>tramite</span> <span class='ocrx_word' id='word_1_76' title='bbox 1521 850 1711 894; x_wconf 85' lang='lat' dir='ltr'>veritatis</span> 
     </span>
     <span class='ocr_line' id='line_1_11' title="bbox 319 921 1711 981; baseline 0.001 -18"><span class='ocrx_word' id='word_1_77' title='bbox 319 921 546 974; x_wconf 74' lang='lat' dir='ltr'>exorbitat,</span> <span class='ocrx_word' id='word_1_78' title='bbox 573 929 615 963; x_wconf 87' lang='lat' dir='ltr'>et</span> <span class='ocrx_word' id='word_1_79' title='bbox 633 921 829 964; x_wconf 80' lang='lat' dir='ltr'>liaeresim</span> <span class='ocrx_word' id='word_1_80' title='bbox 850 921 1140 979; x_wconf 70' lang='lat' dir='ltr'>Pclagiamm,</span> <span class='ocrx_word' id='word_1_81' title='bbox 1168 933 1372 981; x_wconf 81' lang='lat' dir='ltr'>tanquam</span> <span class='ocrx_word' id='word_1_82' title='bbox 1391 936 1607 965; x_wconf 79' lang='lat' dir='ltr'>venenosa</span> <span class='ocrx_word' id='word_1_83' title='bbox 1629 922 1711 964; x_wconf 88' lang='lat' dir='ltr'>vir-</span> 
     </span>
     <span class='ocr_line' id='line_1_12' title="bbox 320 989 1710 1050; baseline 0.001 -18"><span class='ocrx_word' id='word_1_84' title='bbox 320 989 455 1048; x_wconf 82' lang='lat' dir='ltr'>gulta,</span> <span class='ocrx_word' id='word_1_85' title='bbox 474 990 731 1034; x_wconf 77' lang='lat' dir='ltr'>fructicibus</span> <span class='ocrx_word' id='word_1_86' title='bbox 750 991 974 1034; x_wconf 76' lang='lat' dir='ltr'>catholicis</span> <span class='ocrx_word' id='word_1_87' title='bbox 987 1001 1172 1034; x_wconf 84' lang='lat' dir='ltr'>conatur</span> <span class='ocrx_word' id='word_1_88' title='bbox 1187 993 1374 1035; x_wconf 85' lang='lat' dir='ltr'>inscrcre</span> <span class='ocrx_word' id='word_1_89' title='bbox 1389 993 1404 1032; x_wconf 85' lang='lat'><strong>?</strong></span> <span class='ocrx_word' id='word_1_90' title='bbox 1420 994 1512 1035; x_wconf 86' lang='lat' dir='ltr'>Hoc</span> <span class='ocrx_word' id='word_1_91' title='bbox 1532 991 1710 1050; x_wconf 86' lang='lat' dir='ltr'>quidem</span> 
     </span>
     <span class='ocr_line' id='line_1_13' title="bbox 318 1060 1711 1121; baseline 0.001 -18"><span class='ocrx_word' id='word_1_92' title='bbox 318 1070 433 1103; x_wconf 88' lang='lat' dir='ltr'>certe</span> <span class='ocrx_word' id='word_1_93' title='bbox 463 1060 634 1104; x_wconf 88' lang='lat' dir='ltr'>brevius</span> <span class='ocrx_word' id='word_1_94' title='bbox 667 1070 729 1104; x_wconf 84' lang='lat' dir='ltr'>est</span> <span class='ocrx_word' id='word_1_95' title='bbox 756 1080 763 1105; x_wconf 78' lang='grc' dir='ltr'>ε</span> <span class='ocrx_word' id='word_1_96' title='bbox 793 1062 868 1105; x_wconf 78' lang='lat' dir='ltr'>sed</span> <span class='ocrx_word' id='word_1_97' title='bbox 893 1062 1249 1120; x_wconf 81' lang='lat' dir='ltr'>prospiciendum</span> <span class='ocrx_word' id='word_1_98' title='bbox 1272 1062 1457 1106; x_wconf 81' lang='lat' dir='ltr'>arbitror</span> <span class='ocrx_word' id='word_1_99' title='bbox 1482 1096 1492 1116; x_wconf 82' lang='lat'>,</span> <span class='ocrx_word' id='word_1_100' title='bbox 1515 1077 1569 1105; x_wconf 90' lang='lat' dir='ltr'>nc</span> <span class='ocrx_word' id='word_1_101' title='bbox 1590 1062 1711 1121; x_wconf 80' lang='lat' dir='ltr'>quis-</span> 
     </span>
     <span class='ocr_line' id='line_1_14' title="bbox 319 1130 1712 1191; baseline 0.001 -19"><span class='ocrx_word' id='word_1_102' title='bbox 319 1145 449 1189; x_wconf 83' lang='lat' dir='ltr'>quam</span> <span class='ocrx_word' id='word_1_103' title='bbox 472 1130 585 1173; x_wconf 89' lang='lat' dir='ltr'>libro</span> <span class='ocrx_word' id='word_1_104' title='bbox 613 1146 709 1174; x_wconf 88' lang='lat' dir='ltr'>meo</span> <span class='ocrx_word' id='word_1_105' title='bbox 732 1131 860 1185; x_wconf 88' lang='lat' dir='ltr'>lecto,</span> <span class='ocrx_word' id='word_1_106' title='bbox 891 1141 934 1174; x_wconf 88' lang='lat' dir='ltr'>ct</span> <span class='ocrx_word' id='word_1_107' title='bbox 965 1147 1053 1175; x_wconf 91' lang='lat' dir='ltr'>non</span> <span class='ocrx_word' id='word_1_108' title='bbox 1079 1132 1200 1175; x_wconf 87' lang='lat' dir='ltr'>lectis</span> <span class='ocrx_word' id='word_1_109' title='bbox 1224 1132 1426 1176; x_wconf 87' lang='lat' dir='ltr'>omnibus</span> <span class='ocrx_word' id='word_1_110' title='bbox 1447 1147 1546 1191; x_wconf 79' lang='lat' dir='ltr'>quae</span> <span class='ocrx_word' id='word_1_111' title='bbox 1564 1132 1618 1175; x_wconf 91' lang='lat' dir='ltr'>ab</span> <span class='ocrx_word' id='word_1_112' title='bbox 1637 1131 1712 1175; x_wconf 92' lang='lat' dir='ltr'>illo</span> 
     </span>
     <span class='ocr_line' id='line_1_15' title="bbox 319 1201 1713 1261; baseline 0.002 -18"><span class='ocrx_word' id='word_1_113' title='bbox 319 1201 432 1244; x_wconf 87' lang='lat' dir='ltr'>dicta</span> <span class='ocrx_word' id='word_1_114' title='bbox 456 1211 571 1255; x_wconf 87' lang='lat' dir='ltr'>sunt,</span> <span class='ocrx_word' id='word_1_115' title='bbox 593 1201 806 1245; x_wconf 75' lang='lat' dir='ltr'>existimet</span> <span class='ocrx_word' id='word_1_116' title='bbox 826 1217 874 1245; x_wconf 87' lang='lat' dir='ltr'>ea</span> <span class='ocrx_word' id='word_1_117' title='bbox 900 1218 970 1245; x_wconf 86' lang='lat' dir='ltr'>me</span> <span class='ocrx_word' id='word_1_118' title='bbox 991 1218 1236 1261; x_wconf 79' lang='lat' dir='ltr'>proponere</span> <span class='ocrx_word' id='word_1_119' title='bbox 1256 1203 1460 1257; x_wconf 78' lang='lat' dir='ltr'>noluisse,</span> <span class='ocrx_word' id='word_1_120' title='bbox 1479 1218 1529 1246; x_wconf 80' lang='lat' dir='ltr'>ex</span> <span class='ocrx_word' id='word_1_121' title='bbox 1552 1203 1713 1261; x_wconf 87' lang='lat' dir='ltr'>quibus</span> 
     </span>
     <span class='ocr_line' id='line_1_16' title="bbox 320 1271 1710 1333; baseline 0.002 -20"><span class='ocrx_word' id='word_1_122' title='bbox 320 1271 396 1314; x_wconf 87' lang='lat' dir='ltr'>ista</span> <span class='ocrx_word' id='word_1_123' title='bbox 417 1272 507 1329; x_wconf 82' lang='lat' dir='ltr'>ejus</span> <span class='ocrx_word' id='word_1_124' title='bbox 530 1272 723 1329; x_wconf 89' lang='lat' dir='ltr'>pendent</span> <span class='ocrx_word' id='word_1_125' title='bbox 745 1307 755 1326; x_wconf 74' lang='lat'>,</span> <span class='ocrx_word' id='word_1_126' title='bbox 782 1281 825 1314; x_wconf 88' lang='lat' dir='ltr'>et</span> <span class='ocrx_word' id='word_1_127' title='bbox 847 1287 895 1315; x_wconf 79' lang='lat' dir='ltr'>ex</span> <span class='ocrx_word' id='word_1_128' title='bbox 931 1273 1091 1332; x_wconf 82' lang='lat' dir='ltr'>quibus</span> <span class='ocrx_word' id='word_1_129' title='bbox 1114 1274 1237 1333; x_wconf 79' lang='lat' dir='ltr'>quasi</span> <span class='ocrx_word' id='word_1_130' title='bbox 1266 1282 1582 1332; x_wconf 83' lang='lat' dir='ltr'>consequenter</span> <span class='ocrx_word' id='word_1_131' title='bbox 1611 1288 1710 1317; x_wconf 83' lang='lat' dir='ltr'>vera</span> 
     </span>
     <span class='ocr_line' id='line_1_17' title="bbox 319 1343 1710 1403; baseline 0.001 -18"><span class='ocrx_word' id='word_1_132' title='bbox 319 1357 407 1386; x_wconf 88' lang='lat' dir='ltr'>esse</span> <span class='ocrx_word' id='word_1_133' title='bbox 429 1351 727 1386; x_wconf 80' lang='lat' dir='ltr'>monstrantur</span> <span class='ocrx_word' id='word_1_134' title='bbox 745 1377 755 1395; x_wconf 82' lang='lat'><em>‚</em></span> <span class='ocrx_word' id='word_1_135' title='bbox 777 1359 875 1402; x_wconf 82' lang='lat' dir='ltr'>quae</span> <span class='ocrx_word' id='word_1_136' title='bbox 896 1343 1000 1386; x_wconf 83' lang='lat' dir='ltr'>falsa</span> <span class='ocrx_word' id='word_1_137' title='bbox 1025 1343 1256 1401; x_wconf 75' lang='lat' dir='ltr'>redarguo.</span> <span class='ocrx_word' id='word_1_138' title='bbox 1283 1346 1380 1389; x_wconf 90' lang='lat' dir='ltr'>Non</span> <span class='ocrx_word' id='word_1_139' title='bbox 1398 1345 1546 1403; x_wconf 83' lang='lat' dir='ltr'>itaque</span> <span class='ocrx_word' id='word_1_140' title='bbox 1568 1345 1710 1403; x_wconf 81' lang='lat' dir='ltr'>pigeat</span> 
     </span>
     <span class='ocr_line' id='line_1_18' title="bbox 319 1412 1711 1474; baseline 0.003 -20"><span class='ocrx_word' id='word_1_141' title='bbox 319 1421 507 1472; x_wconf 84' lang='lat' dir='ltr'>utraque</span> <span class='ocrx_word' id='word_1_142' title='bbox 531 1412 632 1456; x_wconf 85' lang='lat' dir='ltr'>huic</span> <span class='ocrx_word' id='word_1_143' title='bbox 661 1412 872 1471; x_wconf 82' lang='lat' dir='ltr'>opusculo</span> <span class='ocrx_word' id='word_1_144' title='bbox 901 1423 1048 1457; x_wconf 85' lang='lat' dir='ltr'>nostro</span> <span class='ocrx_word' id='word_1_145' title='bbox 1079 1414 1216 1458; x_wconf 85' lang='lat' dir='ltr'>indita</span> <span class='ocrx_word' id='word_1_146' title='bbox 1240 1450 1250 1469; x_wconf 76' lang='lat'>‚</span> <span class='ocrx_word' id='word_1_147' title='bbox 1278 1425 1320 1458; x_wconf 87' lang='lat' dir='ltr'>ct</span> <span class='ocrx_word' id='word_1_148' title='bbox 1348 1430 1396 1458; x_wconf 83' lang='lat' dir='ltr'>ea</span> <span class='ocrx_word' id='word_1_149' title='bbox 1426 1414 1588 1458; x_wconf 87' lang='lat' dir='ltr'>scilicet</span> <span class='ocrx_word' id='word_1_150' title='bbox 1611 1430 1711 1474; x_wconf 85' lang='lat' dir='ltr'>quae</span> 
     </span>
     <span class='ocr_line' id='line_1_19' title="bbox 322 1482 1712 1543; baseline 0.003 -18"><span class='ocrx_word' id='word_1_151' title='bbox 322 1482 394 1525; x_wconf 88' lang='lat' dir='ltr'>ille</span> <span class='ocrx_word' id='word_1_152' title='bbox 422 1482 555 1536; x_wconf 81' lang='lat' dir='ltr'>dixit,</span> <span class='ocrx_word' id='word_1_153' title='bbox 588 1492 630 1526; x_wconf 71' lang='lat' dir='ltr'>ct</span> <span class='ocrx_word' id='word_1_154' title='bbox 656 1499 703 1526; x_wconf 88' lang='lat' dir='ltr'>ca</span> <span class='ocrx_word' id='word_1_155' title='bbox 727 1499 825 1543; x_wconf 81' lang='lat' dir='ltr'>quae</span> <span class='ocrx_word' id='word_1_156' title='bbox 845 1484 935 1542; x_wconf 87' lang='lat' dir='ltr'>ipse</span> <span class='ocrx_word' id='word_1_157' title='bbox 964 1485 1232 1543; x_wconf 76' lang='lat' dir='ltr'>respondeo,</span> <span class='ocrx_word' id='word_1_158' title='bbox 1259 1486 1457 1530; x_wconf 84' lang='lat' dir='ltr'>universa</span> <span class='ocrx_word' id='word_1_159' title='bbox 1487 1485 1712 1530; x_wconf 85' lang='lat' dir='ltr'>attendere</span> 
     </span>
     <span class='ocr_line' id='line_1_20' title="bbox 321 1552 896 1597; baseline 0.002 -1"><span class='ocrx_word' id='word_1_160' title='bbox 321 1562 363 1596; x_wconf 91' lang='lat' dir='ltr'>et</span> <span class='ocrx_word' id='word_1_161' title='bbox 383 1552 654 1596; x_wconf 86' lang='lat' dir='ltr'>considerare</span> <span class='ocrx_word' id='word_1_162' title='bbox 675 1553 896 1597; x_wconf 85' lang='lat' dir='ltr'>lectorem.</span> 
     </span>
    </p>

    <p class='ocr_par' dir='ltr' id='par_1_5' title="bbox 268 1626 1713 2389">
     <span class='ocr_line' id='line_1_21' title="bbox 378 1626 1713 1687; baseline 0.004 -21"><span class='ocrx_word' id='word_1_163' title='bbox 378 1626 457 1667; x_wconf 77' lang='lat' dir='ltr'>xi.</span> <span class='ocrx_word' id='word_1_164' title='bbox 495 1627 603 1676; x_wconf 82' lang='lat' dir='ltr'>Quae</span> <span class='ocrx_word' id='word_1_165' title='bbox 625 1635 870 1684; x_wconf 86' lang='lat' dir='ltr'>sequuntur</span> <span class='ocrx_word' id='word_1_166' title='bbox 892 1641 1012 1684; x_wconf 82' lang='lat' dir='ltr'>ergo,</span> <span class='ocrx_word' id='word_1_167' title='bbox 1040 1627 1098 1669; x_wconf 85' lang='lat' dir='ltr'>ita</span> <span class='ocrx_word' id='word_1_168' title='bbox 1128 1628 1403 1685; x_wconf 73' lang='lat' dir='ltr'>praenotavit,</span> <span class='ocrx_word' id='word_1_169' title='bbox 1429 1628 1505 1687; x_wconf 81' lang='lat' dir='ltr'>qui</span> <span class='ocrx_word' id='word_1_170' title='bbox 1535 1637 1623 1671; x_wconf 86' lang='lat' dir='ltr'>tuae</span> <span class='ocrx_word' id='word_1_171' title='bbox 1645 1626 1713 1671; x_wconf 84' lang='lat' dir='ltr'>di-</span> 
     </span>
     <span class='ocr_line' id='line_1_22' title="bbox 320 1693 1711 1757; baseline 0.004 -20"><span class='ocrx_word' id='word_1_172' title='bbox 320 1693 493 1738; x_wconf 87' lang='lat' dir='ltr'>lectioni</span> <span class='ocrx_word' id='word_1_173' title='bbox 511 1695 753 1738; x_wconf 75' lang='lat' dir='ltr'>chartulam</span> <span class='ocrx_word' id='word_1_174' title='bbox 774 1695 915 1739; x_wconf 80' lang='lat' dir='ltr'>misit:</span> <span class='ocrx_word' id='word_1_175' title='bbox 942 1716 960 1736; x_wconf 89' lang='lat'>«</span> <span class='ocrx_word' id='word_1_176' title='bbox 977 1698 1140 1740; x_wconf 80' lang='lat' dir='ltr'>Contra</span> <span class='ocrx_word' id='word_1_177' title='bbox 1160 1713 1246 1751; x_wconf 82' lang='lat' dir='ltr'>eos,</span> <span class='ocrx_word' id='word_1_178' title='bbox 1265 1698 1514 1757; x_wconf 73' lang='lat' dir='ltr'>inquit‚qui</span> <span class='ocrx_word' id='word_1_179' title='bbox 1537 1698 1711 1756; x_wconf 85' lang='lat' dir='ltr'>nuptias</span> 
     </span>
     <span class='ocr_line' id='line_1_23' title="bbox 320 1764 1711 1826; baseline 0.003 -20"><span class='ocrx_word' id='word_1_180' title='bbox 320 1764 558 1819; x_wconf 83' lang='lat' dir='ltr'>damnant,</span> <span class='ocrx_word' id='word_1_181' title='bbox 584 1775 626 1809; x_wconf 91' lang='lat' dir='ltr'>et</span> <span class='ocrx_word' id='word_1_182' title='bbox 644 1765 810 1809; x_wconf 84' lang='lat' dir='ltr'>fructus</span> <span class='ocrx_word' id='word_1_183' title='bbox 833 1782 980 1810; x_wconf 89' lang='lat' dir='ltr'>earum</span> <span class='ocrx_word' id='word_1_184' title='bbox 1004 1766 1180 1811; x_wconf 89' lang='lat' dir='ltr'>diabolo</span> <span class='ocrx_word' id='word_1_185' title='bbox 1203 1768 1438 1825; x_wconf 81' lang='lat' dir='ltr'>assignant.</span> <span class='ocrx_word' id='word_1_186' title='bbox 1464 1785 1483 1808; x_wconf 84' lang='lat'>»</span> <span class='ocrx_word' id='word_1_187' title='bbox 1508 1770 1606 1813; x_wconf 89' lang='lat' dir='ltr'>Non</span> <span class='ocrx_word' id='word_1_188' title='bbox 1628 1768 1711 1826; x_wconf 84' lang='lat' dir='ltr'>igi-</span> 
     </span>
     <span class='ocr_line' id='line_1_24' title="bbox 322 1837 1712 1897; baseline 0.003 -20"><span class='ocrx_word' id='word_1_189' title='bbox 322 1843 389 1877; x_wconf 90' lang='lat' dir='ltr'>tur</span> <span class='ocrx_word' id='word_1_190' title='bbox 409 1844 556 1878; x_wconf 84' lang='lat' dir='ltr'>contra</span> <span class='ocrx_word' id='word_1_191' title='bbox 581 1851 680 1890; x_wconf 79' lang='lat' dir='ltr'>nos,</span> <span class='ocrx_word' id='word_1_192' title='bbox 707 1837 782 1895; x_wconf 82' lang='lat' dir='ltr'>qui</span> <span class='ocrx_word' id='word_1_193' title='bbox 801 1851 944 1895; x_wconf 79' lang='lat' dir='ltr'>neque</span> <span class='ocrx_word' id='word_1_194' title='bbox 963 1838 1136 1896; x_wconf 83' lang='lat' dir='ltr'>nuptias</span> <span class='ocrx_word' id='word_1_195' title='bbox 1155 1838 1413 1881; x_wconf 81' lang='lat' dir='ltr'>damnamus</span> <span class='ocrx_word' id='word_1_196' title='bbox 1428 1872 1438 1892; x_wconf 89' lang='lat'>‚</span> <span class='ocrx_word' id='word_1_197' title='bbox 1457 1853 1565 1897; x_wconf 80' lang='lat' dir='ltr'>quas</span> <span class='ocrx_word' id='word_1_198' title='bbox 1582 1838 1712 1882; x_wconf 81' lang='lat' dir='ltr'>etiam</span> 
     </span>
     <span class='ocr_line' id='line_1_25' title="bbox 320 1904 1709 1965; baseline 0.003 -18"><span class='ocrx_word' id='word_1_199' title='bbox 320 1904 363 1947; x_wconf 86' lang='lat' dir='ltr'>in</span> <span class='ocrx_word' id='word_1_200' title='bbox 387 1905 538 1949; x_wconf 88' lang='lat' dir='ltr'>ordine</span> <span class='ocrx_word' id='word_1_201' title='bbox 565 1921 643 1950; x_wconf 86' lang='lat' dir='ltr'>suo</span> <span class='ocrx_word' id='word_1_202' title='bbox 666 1905 811 1950; x_wconf 86' lang='lat' dir='ltr'>debita</span> <span class='ocrx_word' id='word_1_203' title='bbox 841 1905 1149 1965; x_wconf 74' lang='lat' dir='ltr'>praedicatione</span> <span class='ocrx_word' id='word_1_204' title='bbox 1172 1906 1400 1952; x_wconf 80' lang='lat' dir='ltr'>laudamus</span> <span class='ocrx_word' id='word_1_205' title='bbox 1420 1924 1432 1951; x_wconf 91' lang='grc'>.·</span> <span class='ocrx_word' id='word_1_206' title='bbox 1456 1923 1535 1951; x_wconf 88' lang='lat' dir='ltr'>nec</span> <span class='ocrx_word' id='word_1_207' title='bbox 1560 1923 1709 1952; x_wconf 82' lang='lat' dir='ltr'>earum</span> 
     </span>
     <span class='ocr_line' id='line_1_26' title="bbox 268 1972 1710 2039; baseline 0.003 -21"><span class='ocrx_word' id='word_1_208' title='bbox 268 1992 269 1995; x_wconf 47' lang='lat'>¹</span> <span class='ocrx_word' id='word_1_209' title='bbox 323 1972 487 2019; x_wconf 88' lang='lat' dir='ltr'>fructus</span> <span class='ocrx_word' id='word_1_210' title='bbox 519 1977 693 2021; x_wconf 86' lang='lat' dir='ltr'>diabolo</span> <span class='ocrx_word' id='word_1_211' title='bbox 730 1979 1024 2035; x_wconf 78' lang='lat' dir='ltr'>assignamus:</span> <span class='ocrx_word' id='word_1_212' title='bbox 1064 1978 1231 2038; x_wconf 42' lang='lat' dir='ltr'>frti—ctus</span> <span class='ocrx_word' id='word_1_213' title='bbox 1264 1980 1427 2039; x_wconf 82' lang='lat' dir='ltr'>quippe</span> <span class='ocrx_word' id='word_1_214' title='bbox 1456 1979 1710 2038; x_wconf 85' lang='lat' dir='ltr'>nuptiarum</span> 
     </span>
     <span class='ocr_line' id='line_1_27' title="bbox 322 2047 1711 2109; baseline 0.004 -21"><span class='ocrx_word' id='word_1_215' title='bbox 322 2047 515 2091; x_wconf 83' lang='lat' dir='ltr'>homines</span> <span class='ocrx_word' id='word_1_216' title='bbox 538 2057 655 2102; x_wconf 81' lang='lat' dir='ltr'>sunt,</span> <span class='ocrx_word' id='word_1_217' title='bbox 676 2049 751 2108; x_wconf 80' lang='lat' dir='ltr'>qui</span> <span class='ocrx_word' id='word_1_218' title='bbox 775 2048 971 2092; x_wconf 84' lang='lat' dir='ltr'>ordinate</span> <span class='ocrx_word' id='word_1_219' title='bbox 993 2050 1094 2092; x_wconf 89' lang='lat' dir='ltr'>inde</span> <span class='ocrx_word' id='word_1_220' title='bbox 1118 2061 1397 2108; x_wconf 76' lang='lat' dir='ltr'>generantur,</span> <span class='ocrx_word' id='word_1_221' title='bbox 1420 2066 1508 2094; x_wconf 92' lang='lat' dir='ltr'>non</span> <span class='ocrx_word' id='word_1_222' title='bbox 1532 2059 1711 2109; x_wconf 86' lang='lat' dir='ltr'>peccata</span> 
     </span>
     <span class='ocr_line' id='line_1_28' title="bbox 321 2117 1713 2176; baseline 0.004 -17"><span class='ocrx_word' id='word_1_223' title='bbox 321 2131 419 2159; x_wconf 90' lang='lat' dir='ltr'>cum</span> <span class='ocrx_word' id='word_1_224' title='bbox 442 2117 602 2176; x_wconf 81' lang='lat' dir='ltr'>quibus</span> <span class='ocrx_word' id='word_1_225' title='bbox 636 2127 871 2161; x_wconf 88' lang='lat' dir='ltr'>nascuntur</span> <span class='ocrx_word' id='word_1_226' title='bbox 899 2138 907 2161; x_wconf 77' lang='lat' dir='ltr'>z</span> <span class='ocrx_word' id='word_1_227' title='bbox 933 2133 1012 2161; x_wconf 90' lang='lat' dir='ltr'>nec</span> <span class='ocrx_word' id='word_1_228' title='bbox 1039 2118 1138 2162; x_wconf 89' lang='lat' dir='ltr'>ideo</span> <span class='ocrx_word' id='word_1_229' title='bbox 1160 2129 1263 2163; x_wconf 86' lang='lat' dir='ltr'>sunt</span> <span class='ocrx_word' id='word_1_230' title='bbox 1287 2121 1484 2164; x_wconf 88' lang='lat' dir='ltr'>homines</span> <span class='ocrx_word' id='word_1_231' title='bbox 1513 2121 1594 2164; x_wconf 89' lang='lat' dir='ltr'>sub</span> <span class='ocrx_word' id='word_1_232' title='bbox 1618 2121 1713 2164; x_wconf 84' lang='lat' dir='ltr'>dia-</span> 
     </span>
     <span class='ocr_line' id='line_1_29' title="bbox 324 2186 1708 2250; baseline 0.004 -21"><span class='ocrx_word' id='word_1_233' title='bbox 324 2186 421 2231; x_wconf 85' lang='lat' dir='ltr'>bolo</span> <span class='ocrx_word' id='word_1_234' title='bbox 442 2222 452 2241; x_wconf 82' lang='lat'>,</span> <span class='ocrx_word' id='word_1_235' title='bbox 480 2188 580 2246; x_wconf 83' lang='lat' dir='ltr'>quia</span> <span class='ocrx_word' id='word_1_236' title='bbox 604 2189 800 2232; x_wconf 84' lang='lat' dir='ltr'>homines</span> <span class='ocrx_word' id='word_1_237' title='bbox 834 2197 936 2232; x_wconf 81' lang='lat' dir='ltr'>sunt</span> <span class='ocrx_word' id='word_1_238' title='bbox 955 2224 965 2240; x_wconf 86' lang='lat'>‚</span> <span class='ocrx_word' id='word_1_239' title='bbox 993 2189 1069 2232; x_wconf 86' lang='lat' dir='ltr'>ubi</span> <span class='ocrx_word' id='word_1_240' title='bbox 1091 2198 1193 2232; x_wconf 90' lang='lat' dir='ltr'>sunt</span> <span class='ocrx_word' id='word_1_241' title='bbox 1221 2188 1388 2233; x_wconf 86' lang='lat' dir='ltr'>fructus</span> <span class='ocrx_word' id='word_1_242' title='bbox 1417 2191 1672 2250; x_wconf 86' lang='lat' dir='ltr'>nuptiarum</span> <span class='ocrx_word' id='word_1_243' title='bbox 1697 2211 1708 2247; x_wconf 79' lang='lat'><em>3</em></span> 
     </span>
     <span class='ocr_line' id='line_1_30' title="bbox 321 2257 1710 2319; baseline 0.003 -18"><span class='ocrx_word' id='word_1_244' title='bbox 321 2257 396 2301; x_wconf 85' lang='lat' dir='ltr'>scd</span> <span class='ocrx_word' id='word_1_245' title='bbox 414 2258 515 2318; x_wconf 85' lang='lat' dir='ltr'>quia</span> <span class='ocrx_word' id='word_1_246' title='bbox 539 2268 785 2317; x_wconf 83' lang='lat' dir='ltr'>peccatores</span> <span class='ocrx_word' id='word_1_247' title='bbox 806 2269 907 2303; x_wconf 88' lang='lat' dir='ltr'>sunt</span> <span class='ocrx_word' id='word_1_248' title='bbox 924 2295 934 2314; x_wconf 85' lang='lat'>‚</span> <span class='ocrx_word' id='word_1_249' title='bbox 961 2259 1038 2302; x_wconf 89' lang='lat' dir='ltr'>ubi</span> <span class='ocrx_word' id='word_1_250' title='bbox 1062 2270 1121 2303; x_wconf 87' lang='lat' dir='ltr'>est</span> <span class='ocrx_word' id='word_1_251' title='bbox 1143 2275 1337 2319; x_wconf 82' lang='lat' dir='ltr'>propago</span> <span class='ocrx_word' id='word_1_252' title='bbox 1360 2261 1581 2305; x_wconf 86' lang='lat' dir='ltr'>vitiorum.</span> <span class='ocrx_word' id='word_1_253' title='bbox 1609 2261 1710 2305; x_wconf 87' lang='lat' dir='ltr'>Dia-</span> 
     </span>
     <span class='ocr_line' id='line_1_31' title="bbox 322 2328 1321 2389; baseline 0.005 -19"><span class='ocrx_word' id='word_1_254' title='bbox 322 2328 446 2371; x_wconf 80' lang='lat' dir='ltr'>bolus</span> <span class='ocrx_word' id='word_1_255' title='bbox 470 2331 582 2372; x_wconf 87' lang='lat' dir='ltr'>enim</span> <span class='ocrx_word' id='word_1_256' title='bbox 606 2329 748 2389; x_wconf 80' lang='lat' dir='ltr'>culpae</span> <span class='ocrx_word' id='word_1_257' title='bbox 769 2340 920 2375; x_wconf 86' lang='lat' dir='ltr'>auctor</span> <span class='ocrx_word' id='word_1_258' title='bbox 937 2339 1015 2385; x_wconf 81' lang='lat' dir='ltr'>est,</span> <span class='ocrx_word' id='word_1_259' title='bbox 1034 2346 1122 2374; x_wconf 90' lang='lat' dir='ltr'>non</span> <span class='ocrx_word' id='word_1_260' title='bbox 1141 2340 1321 2375; x_wconf 83' lang='lat' dir='ltr'>naturae.</span> 
     </span>
    </p>

    <p class='ocr_par' dir='ltr' id='par_1_6' title="bbox 324 2400 1710 2598">
     <span class='ocr_line' id='line_1_32' title="bbox 381 2400 1710 2461; baseline 0.005 -19"><span class='ocrx_word' id='word_1_261' title='bbox 381 2401 483 2442; x_wconf 84' lang='lat' dir='ltr'>XII.</span> <span class='ocrx_word' id='word_1_262' title='bbox 509 2400 697 2443; x_wconf 83' lang='lat' dir='ltr'>Attende</span> <span class='ocrx_word' id='word_1_263' title='bbox 716 2411 758 2444; x_wconf 86' lang='lat' dir='ltr'>ct</span> <span class='ocrx_word' id='word_1_264' title='bbox 789 2411 943 2445; x_wconf 76' lang='lat' dir='ltr'>caetera</span> <span class='ocrx_word' id='word_1_265' title='bbox 962 2436 972 2455; x_wconf 81' lang='lat'>,</span> <span class='ocrx_word' id='word_1_266' title='bbox 1005 2403 1165 2461; x_wconf 82' lang='lat' dir='ltr'>quibus</span> <span class='ocrx_word' id='word_1_267' title='bbox 1196 2417 1241 2446; x_wconf 86' lang='lat' dir='ltr'>se</span> <span class='ocrx_word' id='word_1_268' title='bbox 1271 2402 1485 2447; x_wconf 81' lang='lat' dir='ltr'>existimat</span> <span class='ocrx_word' id='word_1_269' title='bbox 1507 2402 1710 2448; x_wconf 86' lang='lat' dir='ltr'>adversus</span> 
     </span>
     <span class='ocr_line' id='line_1_33' title="bbox 324 2469 1709 2533; baseline 0.005 -23"><span class='ocrx_word' id='word_1_270' title='bbox 324 2483 401 2511; x_wconf 89' lang='lat' dir='ltr'>nos</span> <span class='ocrx_word' id='word_1_271' title='bbox 424 2469 526 2512; x_wconf 87' lang='lat' dir='ltr'>huic</span> <span class='ocrx_word' id='word_1_272' title='bbox 548 2471 771 2528; x_wconf 77' lang='lat' dir='ltr'>praemisso</span> <span class='ocrx_word' id='word_1_273' title='bbox 799 2471 926 2515; x_wconf 86' lang='lat' dir='ltr'>titulo</span> <span class='ocrx_word' id='word_1_274' title='bbox 947 2487 1199 2516; x_wconf 85' lang='lat' dir='ltr'>consonare.</span> <span class='ocrx_word' id='word_1_275' title='bbox 1230 2491 1247 2512; x_wconf 92' lang='lat'>«</span> <span class='ocrx_word' id='word_1_276' title='bbox 1281 2475 1416 2527; x_wconf 87' lang='lat' dir='ltr'>Deus,</span> <span class='ocrx_word' id='word_1_277' title='bbox 1442 2474 1611 2533; x_wconf 83' lang='lat' dir='ltr'>inquit,</span> <span class='ocrx_word' id='word_1_278' title='bbox 1632 2474 1709 2533; x_wconf 88' lang='lat' dir='ltr'>qui</span> 
     </span>
     <span class='ocr_line' id='line_1_34' title="bbox 324 2538 1702 2598; baseline 0.007 -16"><span class='ocrx_word' id='word_1_279' title='bbox 324 2538 461 2582; x_wconf 86' lang='lat' dir='ltr'>Adam</span> <span class='ocrx_word' id='word_1_280' title='bbox 483 2554 532 2583; x_wconf 81' lang='lat' dir='ltr'>ex</span> <span class='ocrx_word' id='word_1_281' title='bbox 552 2539 654 2583; x_wconf 85' lang='lat' dir='ltr'>limo</span> <span class='ocrx_word' id='word_1_282' title='bbox 677 2540 817 2584; x_wconf 76' lang='lat' dir='ltr'>suerat</span> <span class='ocrx_word' id='word_1_283' title='bbox 842 2541 1091 2598; x_wconf 61' lang='lat' dir='ltr'>fabricatum,</span> <span class='ocrx_word' id='word_1_284' title='bbox 1116 2545 1251 2587; x_wconf 87' lang='lat' dir='ltr'>Evam</span> <span class='ocrx_word' id='word_1_285' title='bbox 1269 2544 1509 2588; x_wconf 81' lang='lat' dir='ltr'>construxit</span> <span class='ocrx_word' id='word_1_286' title='bbox 1525 2559 1548 2588; x_wconf 85' lang='lat' dir='ltr'>e</span> <span class='ocrx_word' id='word_1_287' title='bbox 1569 2554 1702 2592; x_wconf 74' lang='lat' dir='ltr'>costa.</span> 
     </span>
    </p>
   </div>
  </div>
 </body>
</html>
