1804 3205
530 199 584 228 mv.
614 200 755 231 st'rrs
786 199 972 234 rzLAon.
1392 200 1446 240 83

65 267 150 313 tur,
163 259 238 305 ubi
253 261 334 306 hoc
347 263 468 321 quod
482 264 690 324 scriptum
704 276 767 313 est
779 270 810 324 ¹,
825 286 845 311 «
855 271 952 315 Non
962 269 1162 326 volentiS‚
1181 287 1324 333 neque
1335 291 1438 321 cur-

64 347 83 371 »
95 331 242 386 rentis,
254 331 327 376 sed
343 333 580 379 miserentis
594 345 658 379 est
670 338 781 382 Dei'2.
799 358 817 380 n
831 355 919 384 non
933 356 984 385 ex
1000 356 1179 400 persona
1195 344 1316 388 Pauli
1331 361 1439 391 assc-

60 399 115 445 rit
144 400 334 460 dictum,
365 403 439 449 scd
471 421 572 450 eum
601 422 704 452 voce
735 409 1035 470 interrogantis
1063 421 1107 457 et
1141 413 1439 473 redarguentis

60 485 183 516 usum
194 471 341 528 fuisse,
357 490 457 519 cum
473 476 554 521 hoc
564 475 741 534 diceret,
766 488 972 541 tanquam
991 483 1073 528 hoc
1088 482 1171 529 dici
1187 486 1339 546 utique
1348 502 1437 532 non

58 539 250 588 deberet.
271 546 367 591 Non
381 561 482 605 ergo
497 563 597 592 cum
613 549 838 610 episcopus
853 554 876 595 J
882 568 1043 598 oannes
1059 556 1185 612 plane
1198 556 1324 602 istam
1345 573 1441 602 sen-

58 614 234 660 tentiam
248 630 338 661 esse
346 618 540 676 Apostoli
556 622 747 677 agnovit,
758 637 942 683 eamque
956 624 1054 670 ideo
1065 629 1438 685 commemoravit,

57 697 110 726 ne
128 683 323 744 Pelagius
337 688 426 732 sine
445 689 517 733 Dei
533 692 665 749 gratia
682 707 769 737 non
783 708 960 752 peccare
969 711 1236 758 quemquam
1254 710 1440 758 putaret,

55 762 98 798 et
114 754 223 800 dixit
245 758 511 817 respondisse
532 760 775 820 Pelagium,
797 768 886 810 «Et
903 782 984 825 ego
1005 767 1064 813 sic
1085 769 1241 828 credo3
1263 789 1282 812 »
1302 787 1445 832 neque

54 839 152 869 cum
164 826 246 871 hoc
258 843 445 887 praesens
462 830 647 888 audiret,
661 835 900 893 respondit,
913 840 1008 883 Non
1024 839 1082 884 sic
1099 841 1245 886 credo.
1258 843 1442 901 Oportet

54 903 102 938 ut
115 894 232 940 illam
246 900 554 957 expositionem
566 918 824 962 perversam,
837 908 913 951 ubi
928 909 1010 953 hoc
1022 925 1112 954 non
1124 912 1302 956 sensisse
1310 916 1442 972 Apos-

54 965 208 1023 tolum,
227 969 302 1013 sed
321 971 463 1029 potius
475 972 740 1032 redarguisse
759 977 943 1038 intelligi
958 980 1111 1036 voluit,
1136 992 1211 1026 aut
1227 999 1351 1028 suam
1366 1000 1439 1030 ne-

51 1046 137 1095 get,
157 1050 231 1084 aut
245 1042 459 1100 corrigere
473 1053 604 1104 atque
619 1049 850 1093 emendare
864 1065 954 1095 non
971 1050 1158 1098 dubitet.
1181 1057 1289 1100 Nam
1305 1056 1439 1117 quid-

50 1109 156 1168 quid
176 1110 282 1157 dixit
304 1114 530 1174 episcopus
553 1119 740 1163 Joannes
762 1119 816 1164 de
831 1121 1082 1168 absentibus
1101 1123 1310 1172 fratribus
1334 1143 1435 1173 nos-

50 1179 139 1234 tris,
157 1182 244 1226 sive
265 1183 528 1244 coepiscopis
552 1190 708 1233 Hei-ote
731 1205 779 1235 ac
802 1194 976 1247 Lazaro,
998 1193 1087 1239 sive
1109 1195 1164 1240 de
1178 1198 1435 1255 presbytero

47 1250 221 1307 Orosio,
248 1254 336 1298 sive
361 1255 415 1299 de
445 1256 814 1319 aliis(1)quorum
835 1262 896 1306 ibi
916 1279 1004 1308 non
1028 1275 1130 1310 sunt
1153 1268 1331 1313 nomina
1355 1284 1431 1314 ex-

48 1336 204 1380 pressa,
215 1325 347 1370 credo
359 1328 477 1386 quod
495 1329 706 1389 intelligat
716 1333 767 1375 ad
779 1347 930 1377 eorum
946 1335 1245 1395 praejudicium
1258 1355 1346 1384 non
1362 1356 1432 1385 va-

45 1390 148 1436 lere.
175 1394 219 1438 Si
238 1396 352 1440 enim
375 1408 605 1456 praesentes
620 1411 776 1456 essent,
796 1414 969 1461 possent
983 1421 1082 1449 eum
1099 1406 1276 1452 fortasse
1289 1444 1300 1463 ,
1317 1411 1430 1455 absit

47 1471 96 1507 ut
120 1463 279 1519 dicam,
311 1468 568 1512 convincere
592 1470 646 1513 de
671 1471 914 1528 mendacio,
932 1474 1004 1519 sed
1026 1474 1137 1521 forte
1159 1494 1430 1526 commemo-

46 1547 161 1587 rare,
185 1535 294 1593 quid
318 1536 431 1581 forte
458 1536 606 1583 fuisset
629 1540 788 1586 oblitus
803 1578 813 1596 ‚
839 1553 914 1588 aut
936 1544 980 1589 in
997 1562 1085 1605 quo
1109 1563 1209 1592 eum
1227 1548 1432 1596 fefellerit

45 1604 224 1650 Latinus
241 1606 468 1666 interpres,
488 1611 566 1653 etsi
584 1627 672 1655 non
689 1612 833 1658 studio
861 1617 1119 1673 mentiendi,
1144 1630 1261 1665 certe
1279 1621 1429 1667 alienae

43 1671 204 1732 linguae
227 1677 368 1722 minus
391 1678 622 1724 intellectae
645 1683 858 1729 nonnulla
880 1685 1165 1734 difficultate:
1189 1694 1429 1749 praesertim

44 1745 145 1803 quia
179 1762 268 1792 non
300 1748 344 1792 in
379 1751 506 1808 gestis
537 1753 745 1809 agebatur
767 1758 847 1813 (2),
874 1773 998 1816 quae,
1023 1759 1208 1818 improbi
1225 1778 1279 1806 ne
1308 1779 1432 1808 men-

45 1814 224 1873 tiantur,
253 1818 352 1863 boni
376 1830 521 1865 autem
545 1838 599 1866 ne
622 1824 788 1883 aliquid
811 1827 1137 1884 obliviscantur,
1157 1832 1323 1877 utiliter
1340 1835 1431 1879 ins-

46 1886 172 1933 tituta
194 1898 311 1933 sunt.
345 1891 388 1935 Si
410 1892 507 1949 quis
530 1902 675 1937 autem
695 1897 944 1941 memoratis
967 1898 1173 1944 tratribus
1201 1904 1357 1947 nostris
1379 1919 1429 1948 ex

44 1956 125 2001 hoc
139 1957 304 2017 aliquid
326 1961 576 2018 quaestionis
593 1962 807 2019 intulerit,
832 1981 991 2027 eosque
1015 1969 1069 2013 ad
1083 1970 1297 2028 judicium
1316 1974 1429 2032 epis-

42 2026 192 2085 copale
211 2030 442 2084 vocaverit,
469 2031 551 2074 sibi
574 2041 623 2076 ut
645 2042 866 2091 poterunt,
891 2035 1078 2082 aderunt
1103 2057 1112 2083 ι
1136 2041 1260 2085 nobis
1279 2043 1348 2087 bic
1367 2043 1431 2088 la·

44 2097 195 2143 borare
225 2100 333 2159 quid
359 2116 468 2159 opus
493 2111 585 2160 est3
609 2104 789 2163 quando
825 2122 880 2151 ne
914 2108 993 2167 ipsi
1028 2110 1205 2170 quidem
1228 2113 1426 2173 judices,

42 2177 138 2227 post
159 2170 402 2230 coepiscopi
423 2174 559 2218 nostri
581 2176 889 2234 narrationem,
915 2179 1080 2239 aliquid
1098 2181 1202 2227 inde
1231 2199 1427 2243 pronun-

43 2239 149 2283 tiare
171 2239 431 2286 voluerunt?

98 2312 191 2355 XL.
226 2313 339 2356 Cum
370 2327 473 2372 ergo
505 2314 700 2374 Pelagius
734 2332 949 2376 praesens,
991 2321 1048 2364 ad
1078 2321 1152 2366 itta
1184 2324 1431 2371 testimonia

43 2380 362 2438 Scripturarum
382 2383 538 2428 dixisse
553 2399 596 2428 se
612 2385 671 2429 ita
689 2386 866 2431 credere
882 2389 1037 2434 tacitus
1054 2394 1306 2450 agnoverit,
1324 2412 1434 2456 quo-

44 2449 174 2495 modo
190 2450 301 2496 illud
318 2453 512 2512 Apostoli
530 2455 826 2501 testimonium
846 2459 976 2516 paulo
997 2462 1194 2518 superius
1216 2465 1429 2521 recolens,

96 2539 102 2555 ¹
123 2537 205 2569 Vide
219 2537 275 2569 lib.
293 2549 325 2570 in
342 2539 382 2570 de
402 2541 531 2572 Peccat.
555 2541 661 2573 merit.
684 2552 757 2583 cap.
779 2553 806 2574 1.
825 2559 866 2565 —
882 2550 894 2565 ²
913 2546 1006 2577 Rom.
1027 2555 1072 2582 lx,
1096 2546 1148 2578 16.

1213 2602 1251 2638 6.
