1804 3205
336 229 390 256 οε
423 227 558 256 Anima
593 229 645 257 ετ
677 229 773 257 muts
807 229 1000 266 omerus,
1035 229 1117 255 nn.
1155 230 1218 255 111.
1382 217 1466 256 363

83 295 139 338 sit
160 292 453 349 horrendum,
479 303 528 338 ut
547 310 697 338 omnes
719 296 803 339 sint
825 295 867 338 in
893 309 981 339 uno
1003 295 1200 349 homine,
1231 311 1329 353 quae
1352 295 1468 339 dam-

86 363 250 407 nabiles
273 373 414 407 essent
436 364 479 407 in
505 365 682 423 singulis
705 365 902 423 singulae.
930 364 1011 410 Sed
1034 364 1067 409 si
1101 374 1146 408 tu
1172 381 1249 424 pro
1271 366 1328 408 eis
1352 365 1468 409 nulla

83 435 363 480 contentione
386 437 664 494 pugnaveris,
697 436 785 480 imo
809 451 910 480 vcro
935 451 1004 480 eas
1031 434 1234 479 fidelibus
1261 437 1403 479 verbis
1427 447 1470 480 et

85 506 235 550 litteris
257 508 571 565 expugnaveris
589 541 599 559 ‚
627 506 886 551 laudabilior
904 507 985 551 eris
1006 521 1158 551 censor
1182 507 1226 550 in
1248 516 1289 550 te
1309 507 1465 565 ipsum,

82 591 214 635 quam
239 577 270 620 si
293 575 534 635 quemlibet
556 576 686 620 alium
711 586 822 621 recta
848 578 1014 621 ratione
1035 577 1403 635 reprehendere33
1428 587 1470 620 et

82 646 322 691 mirabilior
343 662 493 691 corum
518 647 774 692 emendator
792 683 803 700 ‚
829 663 959 708 quam
981 647 1013 692 si
1034 662 1262 708 nunquam
1284 646 1356 691 illa
1379 662 1468 691 sen-

82 717 219 761 sisses.
246 717 370 768 Adsit
391 718 602 762 Dominus
625 727 712 763 tuae
739 719 896 773 menti,
930 727 974 763 et
994 727 1159 763 tantam
1191 718 1358 777 spiritui
1394 727 1470 762 tuo

81 788 232 846 spiritu
255 802 334 832 suo
358 786 607 832 facilitatem
640 788 920 844 humilitatis,
946 787 1088 833 lucem
1119 788 1332 841 veritatis,
1368 788 1469 832 dul-

81 858 279 903 cedinem
312 860 561 914 charitatis,
599 875 749 919 pacem
785 861 955 921 pietatis
989 859 1221 914 infundat,
1252 869 1301 903 ut
1335 861 1471 904 victor

81 929 146 974 tui
168 929 300 973 animi
322 944 411 973 esse
433 929 556 974 malis
586 931 628 973 in
660 930 794 985 veris,
823 946 953 990 quam
984 930 1216 989 cujuslibet
1251 929 1471 974 contradi-

81 999 217 1044 centis
231 999 276 1042 in
294 999 424 1043 salsis.
443 1000 565 1044 Absit
584 1009 728 1044 autem
748 1010 797 1044 ut
812 1009 854 1044 te
869 1001 1102 1053 arbitreris,
1122 1000 1215 1043 haec
1230 999 1467 1058 opinando,

81 1084 104 1112 a
132 1068 219 1112 fide
241 1068 451 1114 catholica
483 1070 722 1119 recessisse,
748 1070 946 1129 quamvis
977 1084 1024 1112 ea
1054 1067 1157 1112 fidei
1186 1069 1271 1112 sint
1294 1069 1470 1112 adversa

81 1137 331 1195 catholicae,
356 1140 388 1181 si
419 1153 562 1182 coram
594 1141 709 1192 Deo,
743 1140 865 1198 cnjus
890 1139 933 1182 in
967 1138 1129 1182 nullius
1165 1138 1295 1182 corde
1322 1137 1470 1182 oculos

81 1208 274 1262 fallitur,
310 1210 519 1254 veraciter
556 1219 598 1253 te
628 1208 780 1254 dixisse
819 1209 1018 1269 respicis,
1052 1228 1069 1248 «
1097 1224 1182 1252 non
1212 1218 1255 1252 te
1284 1209 1362 1252 tibi
1390 1210 1468 1267 ipsi

78 1295 169 1324 esse
191 1279 416 1324 credulum
441 1281 617 1340 probari
643 1296 692 1325 ea
725 1297 823 1341 quse
858 1281 1014 1324 dixeris
1046 1295 1197 1339 posse3
1224 1295 1273 1324 ac
1295 1280 1469 1324 studere

79 1360 123 1396 te
139 1365 309 1409 semper
325 1351 453 1394 etiam
473 1353 692 1410 propriam
710 1352 969 1395 sententiam
989 1366 1074 1394 non
1093 1350 1203 1394 tueri
1223 1385 1233 1404 ‚
1258 1351 1291 1394 si
1311 1350 1469 1409 impro-

79 1421 235 1466 babilis
257 1422 508 1480 detegatur,
529 1437 581 1466 eo
599 1422 716 1482 quod
737 1422 790 1465 sit
805 1422 884 1465 tibi
902 1420 1044 1476 cordi,
1067 1422 1241 1481 proprio
1259 1421 1468 1465 damnato

74 1492 263 1553 judicio,
288 1493 465 1537 meliora
489 1493 623 1552 magis
651 1502 693 1537 et
716 1508 814 1552 quae
835 1493 920 1536 sint
949 1493 1113 1536 veriora
1142 1492 1310 1536 sectari.
1339 1510 1359 1532 η
1385 1495 1469 1537 Iste

79 1563 242 1624 quippe
265 1564 434 1608 animus
453 1564 582 1608 etiam
601 1565 646 1608 in
665 1564 790 1608 dictis
813 1578 889 1622 per
904 1564 1194 1621 ignorantiam
1216 1578 1303 1606 non
1324 1563 1470 1606 catho-

77 1634 198 1688 licis,
231 1635 320 1694 ipsa
357 1644 421 1678 est
454 1635 734 1679 correctionis
765 1632 1141 1692 praemeditatione
1170 1649 1219 1676 ac
1250 1647 1468 1692 praepara-

79 1705 198 1748 tione
218 1703 475 1749 catholicus.
504 1705 586 1749 Sed
605 1705 683 1748 iste
705 1704 758 1748 sit
780 1704 937 1748 modus
958 1703 1088 1761 hujus
1110 1701 1368 1755 voluminis,
1394 1703 1468 1744 ubi

79 1776 320 1834 requiescat
357 1774 586 1833 paululum
614 1775 777 1829 lector,
813 1782 862 1818 ut
897 1773 950 1816 ad
985 1788 1033 1816 ea
1067 1788 1165 1832 quae
1199 1782 1465 1831 sequuntur,

80 1846 170 1904 ejus
192 1845 377 1890 intentio
400 1845 455 1889 ab
478 1844 563 1889 alio
585 1853 820 1889 renovetur
841 1843 1032 1888 exordio.
