1784 3205
264 270 278 289 ,ς
303 229 386 269 282
745 242 777 267 s.
814 237 1045 266 Auocsnm
1076 240 1257 269 EPISCOPI

202 364 207 372 ¹
300 308 557 367 fflt¹.Cujus
575 307 633 350 rei
656 304 858 350 mirabilis
872 305 1067 349 mirabile
1089 308 1265 351 Creator
1286 307 1330 351 in
1349 307 1461 352 oliva
1476 316 1519 351 et
1540 307 1679 352 oleas-

304 387 369 422 tro
384 377 587 438 produxit
599 375 860 435 exemplum,
874 376 949 419 ubi
964 391 1053 419 non
1075 375 1213 420 solum
1238 393 1289 421 ex
1310 376 1679 431 oleastri,verum-

301 449 430 492 etiam
448 463 498 491 ex
519 448 642 493 olivae
663 447 823 491 semine
837 461 926 489 non
950 446 1030 489 nisi
1047 446 1228 491 oleaster
1247 448 1450 491 exoritur.
1473 449 1679 500 Quamvis

301 529 344 562 et
372 520 415 562 in
440 519 690 563 hominibus
723 526 876 560 natura
899 516 1130 575 generatis,
1162 519 1295 576 gratia
1320 519 1599 576 regeneratis,
1625 519 1679 563 sit

300 591 379 634 ista
397 590 579 634 carnalis
594 588 942 647 concupiscentia
961 604 1206 647 repugnans
1221 589 1307 647 legi
1328 589 1483 633 mentis
1506 608 1515 634 :
1537 599 1681 634 tamen

301 661 402 720 quia
422 661 592 704 remissa
616 670 679 704 est
708 660 752 702 in
772 659 1025 702 remissione
1053 668 1329 718 peccatorum
1348 693 1359 713 ,
1384 675 1472 703 non
1489 661 1578 719 jam
1602 659 1684 704 illis

300 731 345 773 in
361 740 586 788 peccatum
617 739 866 789 reputatur,
888 745 967 773 nec
984 738 1111 773 nocet
1129 728 1316 789 aliquid,
1341 729 1422 773 nisi
1445 731 1535 789 ejus
1558 731 1684 773 moti-

300 802 381 845 bus
402 800 455 844 ad
477 799 623 844 illicita
645 782 1124 857 consentiatui·.[Proles
1155 815 1256 843 vero
1284 815 1450 855 eorum,
1473 800 1573 859 quia
1595 815 1684 845 non

300 886 376 930 per
399 871 632 930 spiritalem
653 906 662 925 ,
688 871 760 914 sed
789 886 864 929 per
886 868 1103 914 carnalem
1133 870 1530 928 concupiscentiam
1559 870 1683 913 semi-

300 951 429 986 natur
444 977 455 996 ,
479 942 598 986 velut
618 958 668 986 ex
690 941 762 985 illa
795 941 907 986 oliva
929 942 1107 1001 quidem
1133 941 1267 985 nostri
1291 942 1457 999 generis
1474 940 1655 985 oleaster
1671 976 1683 996 ,

247 1063 251 1065 ,
302 1013 359 1056 sic
378 1013 480 1055 inde
498 1021 665 1055 reatum
690 1012 908 1055 nascendo
940 1012 1091 1072 trahit,
1117 1021 1166 1055 ut
1188 1012 1268 1055 nisi
1291 1011 1687 1055 renascendo-libe—

201 1104 211 1141 3
227 1084 240 1103 ”²
302 1083 386 1125 rari
412 1082 466 1125 ab
485 1082 556 1125 illa
580 1091 697 1140 peste
729 1097 816 1125 non
847 1081 1253 1140 possstssQuomodo
1276 1096 1377 1138 ergo
1399 1082 1587 1125 affirmat
1607 1082 1687 1125 iste

302 1167 380 1195 nos
403 1152 614 1196 ascribere
645 1154 917 1197 sanctitatem
956 1154 1234 1196 nascentibus
1250 1188 1261 1207 ,
1282 1162 1324 1196 et
1348 1153 1521 1212 culpam
1555 1168 1687 1210 gene-

302 1222 526 1264 rantibus?
543 1237 641 1265 cum
658 1223 802 1280 potius
824 1224 978 1265 veritas
1000 1232 1226 1276 monstret,
1249 1224 1326 1266 etsi
1343 1221 1472 1265 fuerit
1486 1224 1688 1267 sanctitas

302 1292 346 1334 in
380 1293 688 1349 generantibus
705 1327 715 1346 ,
752 1292 1003 1349 originalem
1038 1292 1212 1350 culpam
1234 1293 1371 1336 inesse
1392 1293 1683 1346 nascentibus,

302 1378 400 1422 quae
411 1378 498 1407 non
521 1362 746 1406 aboleatur
769 1362 850 1406 nisi
872 1363 917 1405 in
936 1363 1273 1406 renascentibus.

362 1435 476 1476 LIX.
498 1435 606 1486 Quae
628 1448 726 1476 cum
751 1434 808 1475 ita
830 1433 916 1476 sint
934 1467 944 1486 ,
965 1431 1020 1476 de
1042 1432 1120 1476 ista
1141 1433 1280 1476 carnis
1304 1432 1628 1491 concupisentia
1645 1441 1689 1476 et

302 1504 356 1547 de
391 1503 573 1547 libidine
602 1504 830 1565 imgeriosa
853 1504 1082 1562 impudicis
1098 1539 1108 1558 ,
1134 1503 1352 1547 domanda
1383 1504 1552 1563 pudicis
1568 1539 1579 1558 ,
1603 1519 1688 1563 pu-

302 1572 445 1617 denda
480 1564 625 1617 tamen
651 1583 694 1617 et
726 1572 890 1632 pudicis
921 1584 963 1617 et
984 1573 1237 1632 impudicis,
1270 1574 1426 1617 sentiat
1458 1575 1536 1617 iste
1568 1573 1689 1632 quod

302 1643 433 1701 libet3
449 1645 550 1703 quia
566 1644 603 1686 ei
626 1645 736 1687 sicut
754 1644 879 1687 video
898 1642 1084 1687 multum
1107 1644 1248 1703 placet
1267 1640 1381 1693 [non
1398 1659 1492 1688 eam
1514 1643 1690 1687 laudare

303 1724 549 1767 cunctetur,
575 1729 707 1774 quam
728 1714 951 1757 nominare
973 1710 1287 1781 confunditufj33
1307 1713 1496 1772 appellet
1509 1714 1688 1768 eam,si-

305 1794 379 1828 cut
392 1784 639 1843 appellavit,
657 1784 951 1827 membrorum
967 1785 1177 1842 vigorem,
1190 1799 1269 1827 nec
1286 1793 1498 1828 castarum
1519 1785 1688 1827 aurium

255 1846 277 1893 »ἶ
303 1865 550 1899 revereatur
585 1857 804 1899 horrorem
831 1874 839 1898 2
871 1853 1059 1913 appellet
1097 1854 1393 1898 membrorum
1426 1855 1686 1919 potentiam,

303 1942 383 1970 nec
403 1936 549 1970 caveat
568 1926 901 1984 impudentiam.
927 1926 1065 1978 Dicat,
1091 1926 1124 1968 si
1145 1941 1233 1969 non
1257 1925 1487 1979 erubescit,
1506 1916 1690 1984 in'p'ara-

304 1997 396 2041 diso
428 1997 461 2039 si
491 2012 618 2040 nemo
651 2004 895 2055 peccasset,
931 1997 1047 2039 hunc
1070 1996 1130 2038 ibi
1165 1997 1355 2054 vigorem
1386 1996 1507 2040 velut
1538 1996 1687 2039 florem

303 2070 439 2112 virere
474 2068 694 2125 potuisse3
728 2083 808 2110 nec
835 2082 943 2124 opus
967 2066 1097 2110 fuisse
1126 2076 1175 2110 ut
1208 2076 1421 2124 tegeretur
1442 2102 1452 2121 ,
1484 2066 1603 2126 quod
1631 2067 1689 2111 ita

304 2147 567 2191 moveretur,
588 2147 636 2180 ut
657 2138 759 2180 inde
776 2152 903 2180 nemo
919 2136 1291 2194 confunderetur3
1316 2134 1561 2196 sedf'parata
1584 2152 1690 2181 con·

299 2200 592 2271 jugelsemper
615 2217 910 2261 exerceretur,
939 2223 1165 2266 nunquam
1188 2200 1510 2265 reprimeretur,
1536 2223 1590 2251 ne
1612 2206 1689 2251 alio

230 2333 233 2335 ,
305 2279 505 2339 quando&
524 2280 723 2338 voluptas
758 2288 873 2322 tanta
904 2288 1036 2322 tantae
1068 2279 1260 2322 felicitati
1297 2289 1541 2336 negaretur.
1568 2277 1689 2322 Absit

305 2351 418 2393 eni—m
446 2348 590 2408 utwilla
613 2349 837 2393 beatitudo
861 2358 1000 2407 posset
1031 2358 1106 2392 aut
1130 2350 1174 2391 in
1200 2348 1296 2393 loco
1318 2349 1394 2393 illo
1420 2365 1508 2393 non
1530 2348 1689 2392 habere

153 2427 162 2439 ²
178 2455 189 2469 t
213 2420 576 2484 'fn‘quodmvellet
594 2455 604 2473 ,
630 2430 706 2463 aut
729 2421 772 2462 in
803 2435 881 2463 suo
914 2435 1093 2478 corpore
1116 2419 1183 2462 vel
1205 2420 1349 2463 animo
1381 2421 1539 2463 sentire
1568 2419 1687 2479 quod

304 2489 473 2552 nonen:
501 2506 549 2534 ac
567 2506 641 2548 per
654 2491 736 2533 hoc
760 2491 792 2532 si
813 2500 955 2535 motus
972 2490 1162 2534 libidinis
1174 2490 1441 2535 voluntatem
1462 2490 1685 2534 hominum

355 2583 359 2594 ¹
382 2555 459 2605 Vide
480 2573 536 2604 lib.
559 2585 590 2605 vi
609 2577 703 2614 Oper-
720 2573 845 2613 imperf.
