1804 3205
289 261 342 286 DE
375 262 541 287 mrrns
579 263 628 288 ΕΤ
658 265 1026 303 ροΝουΡιςοΕΝΤιΑ,
1063 270 1144 297 un.
1185 275 1230 300 ιι.
1371 263 1453 300 263

130 325 243 367 XLI.
266 324 333 367 Ad
352 325 444 368 haec
462 325 659 384 adjungit
679 338 721 372 et
738 330 843 374 dicit
863 350 872 375 ε
898 351 917 374 «
943 334 1120 379 Prorsus
1138 346 1283 381 autem
1306 339 1337 381 si
1362 354 1454 382 rna-

69 391 159 437 lum
181 393 237 437 de
259 395 424 453 nuptiis
459 397 661 450 trahitur,
690 403 880 445 accusari
912 414 1114 461 possunt,
1146 408 1335 452 excusari
1369 424 1455 453 non

69 475 270 522 possunt,
297 476 339 510 et
367 467 410 510 in
436 466 596 512 diaboli
615 470 714 528 jure
731 486 840 530 opus
858 488 1008 518 earum
1031 475 1312 538 fructumque
1329 494 1456 523 cons-

71 534 185 578 tituis
207 554 215 579 :
238 536 338 595 quia
356 537 495 580 omnis
513 554 638 582 causa
665 539 763 584 mali
783 577 794 595 ,
811 557 961 600 expers
978 545 1079 590 boni
1103 557 1181 592 est.
1211 551 1353 593 Homo
1375 565 1456 593 au-

69 614 176 658 tem,
200 607 357 666 inquit,
382 609 458 667 qui
480 609 535 653 de
559 611 720 669 nuptiis
744 614 950 669 nascitur,
978 632 1063 661 non
1080 620 1359 675 criminibus,
1380 622 1478 666 sed·

65 676 306 721 seminibus
327 678 584 737 imputatur.
615 683 839 727 Seminum
860 700 961 730 vero
980 703 1107 732 causa
1141 690 1182 733 in
1206 690 1457 735 conditione

65 761 298 805 corporum
321 757 385 792 est
411 768 419 794 :
446 750 607 810 quibus
635 755 891 813 corporibus
913 758 988 816 qui
1024 759 1135 803 male
1164 762 1324 815 utitur,
1352 762 1455 807 boni

65 816 267 860 meritum
285 852 296 871 ,
321 833 409 862 non
435 835 569 878 genus
593 825 771 868 sauciat.
797 825 983 885 Liquido
1007 828 1152 886 igitur,
1176 831 1342 891 inquit,
1365 832 1456 876 cla-

65 895 145 939 ret,
167 887 332 932 bonum
354 905 442 934 non
465 906 553 935 esse
573 907 745 938 causam
766 895 883 939 mali.
907 897 948 941 Si
973 914 1075 956 ergo
1093 935 1104 953 ,
1126 900 1295 960 inquit,
1318 902 1455 945 trahi·
1472 904 1491 930 s

64 966 134 1000 tur
170 968 213 1002 et
241 961 296 1003 de
319 962 481 1020 nuptiis
509 964 718 1022 originale
741 967 927 1019 malum,
960 984 1087 1013 causa
1121 971 1223 1014 mali
1248 982 1311 1016 est
1345 988 1454 1018 con-

63 1030 210 1072 ventio
233 1033 480 1090 nuptiarum
504 1053 512 1078 :
530 1044 573 1078 et
592 1050 764 1079 necesse
786 1048 850 1081 est
868 1038 1030 1083 malum
1050 1056 1155 1095 csse,
1177 1057 1253 1101 per
1275 1043 1394 1102 quod
1410 1054 1454 1088 et

61 1113 112 1141 ex
134 1114 223 1158 quo
242 1100 379 1146 malus
401 1101 570 1147 fructus
591 1107 819 1164 apparuit,
849 1109 1020 1153 dicente
1046 1113 1230 1156 Domino
1249 1113 1293 1156 in
1314 1116 1454 1157 Evan-

60 1168 194 1228 gelio:
220 1189 240 1212 «
261 1173 325 1215 Ex
344 1171 559 1218 fructibus
579 1177 666 1220 suis
690 1177 818 1222 arbor
843 1181 1124 1236 agnoscitur¹.
1147 1200 1166 1223 »
1197 1185 1446 1239 Quomodo,

59 1240 223 1299 inquit,
246 1251 294 1285 tu
311 1242 555 1288 audiendus
575 1248 754 1304 putaris,
775 1249 851 1306 qui
870 1250 976 1293 dicis
999 1251 1164 1295 bonum
1182 1268 1271 1296 esse
1294 1255 1450 1313 conju·
1473 1269 1497 1302 s

57 1309 203 1366 gium,
229 1311 284 1355 de
316 1329 405 1372 quo
441 1315 548 1358 nihil
578 1315 697 1360 aliud
718 1333 849 1376 quam
875 1319 1039 1363 malum
1071 1321 1244 1379 prodire
1270 1323 1450 1368 definis?

56 1380 237 1425 Constat
261 1382 392 1440 igitur
419 1399 489 1427 rea
512 1399 602 1428 esse
624 1387 824 1446 conjugia
841 1423 852 1442 ,
889 1389 923 1432 si
946 1401 1170 1448 peccatum
1196 1392 1297 1436 inde
1316 1394 1448 1452 origi-

56 1450 154 1494 nale
172 1452 428 1512 deducitur,
446 1470 526 1499 nec
548 1471 671 1514 posse
693 1457 885 1513 delendi,
911 1461 991 1504 nisi
1010 1461 1177 1506 fructus
1200 1478 1350 1508 eorum
1375 1465 1444 1508 in-

54 1535 214 1565 nocens
232 1523 515 1582 approbetur.
538 1525 844 1572 Defenduntur
866 1539 1030 1585 autem,
1055 1542 1097 1575 et
1117 1532 1231 1576 bona
1255 1549 1443 1592 pronun-

54 1591 218 1636 tiantur
240 1611 248 1637 :
273 1592 441 1639 fructus
463 1611 564 1654 ergo
584 1599 853 1656 approbatur
874 1600 1104 1647 innocuus.
1126 1621 1145 1645 »

111 1663 248 1706 XLII.
276 1663 345 1708 Ad
375 1665 468 1710 haec
498 1681 797 1726 responsurus,
830 1671 948 1728 prius
984 1672 1083 1717 volo
1104 1688 1193 1717 esse
1221 1674 1439 1719 intentum

48 1728 286 1786 lectorum,
312 1734 420 1778 nihil
443 1751 569 1794 agere
586 1737 706 1792 istos,
722 1739 803 1782 nisi
824 1729 1079 1802 ut[salvator
1097 1758 1185 1787 non
1208 1743 1262 1787 sit
1284 1759 1437 1802 parvu-

47 1798 98 1844 lis
128 1804 415 1868 necessarius,
446 1821 557 1865 quos
587 1817 760 1865 peccata
785 1824 958 1867 prorsus
987 1826 1009 1854 a
1032 1813 1192 1871 quibus
1218 1813 1439 1858 salventur

46 1880 209 1928 negant
226 1868 409 1917 haberess
425 1878 528 1919 Haec
548 1885 665 1920 tanta
683 1880 935 1935 perversitas
954 1889 997 1923 et
1011 1889 1143 1924 tantae
1159 1882 1332 1926 inimica
1346 1897 1437 1940 gra-

46 1940 118 1984 tiae
150 1942 253 1996 Dei,
288 1959 389 2003 quae
423 1944 522 1989 data
556 1955 619 1989 est
655 1962 730 2005 per
764 1950 911 1992 Jesum
945 1950 1167 1994 Christum
1203 1953 1435 1996 Dominum

45 2019 260 2066 nostrum,
281 2014 358 2072 qui
383 2015 499 2058 venit
520 2031 715 2075 quaerere
733 2028 776 2062 et
797 2018 962 2062 salvare
982 2019 1102 2079 quod
1118 2021 1343 2079 perierat‘2,
1364 2023 1434 2066 in-

42 2081 214 2125 sinuare
243 2098 287 2126 se
310 2084 462 2128 nititur
484 2085 690 2131 cordibus
700 2097 716 2148 ἐκ
719 2102 872 2145 parum
906 2088 1276 2153 intelligentium}
1301 2091 1433 2137 laude

41 2165 222 2209 operum
237 2151 499 2198 divinorum.
527 2157 609 2200 hoc
626 2167 706 2211 est,
723 2157 854 2202 laude
869 2169 1037 2204 naturae
1060 2161 1282 2216 humanae,
1302 2161 1430 2208 laude

39 2221 234 2276 seminis,
261 2222 392 2268 laudo
421 2227 695 2283 nuptiarum,
732 2228 863 2272 laude
893 2231 1119 2290 utriusque
1147 2246 1272 2275 sexus
1305 2247 1427 2276 com-

40 2291 278 2346 mixtionis,
313 2293 443 2338 laude
469 2294 761 2342 faecunditatis
794 2317 803 2342 ε
837 2314 938 2358 quae
972 2301 1115 2344 omnia
1154 2302 1265 2345 bona
1306 2313 1424 2348 sunt.

38 2361 149 2407 Nolo
166 2364 281 2407 enim
298 2363 458 2420 dicere,
478 2366 608 2411 laude
623 2367 818 2414 libidinis
843 2388 852 2414 ε
876 2370 979 2429 quia
1001 2385 1094 2414 eam
1119 2380 1162 2415 et
1178 2372 1268 2431 ipse
1282 2374 1425 2418 nomi-
1442 2373 1460 2417 J

37 2447 141 2476 nare
155 2433 458 2490 confunditur,
479 2445 528 2481 ut
545 2436 664 2482 aliud
678 2437 860 2497 aliquid,
881 2455 971 2484 non
989 2441 1124 2500 ipsam
1136 2475 1148 2496 ,
1168 2441 1346 2486 laudare
1363 2445 1427 2487 vi·

37 2501 207 2546 deatur.
233 2507 297 2549 Ac
314 2519 390 2563 per
412 2506 495 2552 hoc
509 2506 621 2551 mala
633 2522 733 2567 quae
748 2508 1002 2555 acciderunt
1023 2520 1208 2566 naturae,
1235 2528 1324 2556 non
1345 2513 1425 2556 dis·

84 2592 92 2606 ¹
113 2586 224 2619 Manli.
250 2597 308 2628 vu,
333 2588 462 2620 16.—²
482 2591 559 2622 Luc.
583 2600 651 2631 xlx,
675 2601 725 2623 ro.
