1784 3205
320 239 404 278 428
759 253 791 279 s.
829 249 1059 279 Auens-run
1092 250 1273 278 zmscom

317 318 452 381 Ιίιιιιι,μ
478 327 542 373 et,
570 326 620 362 ut
650 318 784 362 verbo
805 318 896 376 ejus
920 326 1040 372 utar,
1069 317 1340 372 virilitatem,
1375 317 1466 360 sine
1496 330 1583 374 qua
1614 328 1703 359 non

315 397 457 448 potest
473 403 563 432 esse
584 388 849 442 commixtio,
876 390 989 431 Deus
1018 388 1076 431 sic
1096 388 1299 441 instituit,
1321 396 1370 430 ut
1392 387 1502 430 nihil
1526 386 1704 430 haberet

314 459 589 518 pudendum.
608 462 704 504 Non
721 460 834 502 enim
850 458 913 502 fas
926 458 1025 513 fuit,
1045 468 1094 503 ut
1111 459 1203 518 ejus
1221 457 1494 502 erubesceret
1507 465 1705 501 creatura

314 530 369 574 de
390 531 456 574 sui
476 546 606 589 opere
627 530 829 575 creatoris
845 551 857 588 3
873 529 947 574 sed
965 529 1260 574 inobedientia
1280 530 1579 572 membrorum
1602 543 1704 587 sup-

313 601 443 660 plicio
459 601 577 660 justo
600 601 746 659 primis
770 600 1020 644 hominibus
1045 599 1398 643 inobedientibus
1420 597 1588 642 reddita
1616 606 1701 651 θεῖ9

313 672 368 714 de
390 686 475 730 qua
501 671 790 726 erubuerunt,
816 672 962 731 quado
986 670 1097 715 foliis
1128 671 1319 714 ficulneis
1343 667 1548 728 pudenda
1580 677 1705 712 taxe-

313 743 457 795 runt¹,
486 757 584 800 quae
607 741 725 800 prius
745 740 951 801 pudenda
973 756 1061 785 non
1077 739 1272 784 fuerunt.

371 813 560 855 XXXII.
596 814 745 871 Neque
767 812 881 855 enim
905 811 984 855 sibi
1006 811 1187 864 tunicas,
1213 819 1263 853 ut
1292 818 1432 853 totum
1455 823 1613 867 corpus
1637 818 1705 852 te-

312 892 461 939 gerent
486 893 582 940 post
603 893 851 942 peccatum,
877 882 951 927 sed
975 882 1258 927 succinctoria
1289 888 1579 934 consuerunt,
1606 894 1706 939 quae

311 952 510 996 nonnulli
541 954 795 1012 interpretes
819 955 952 998 nostri
976 953 1118 996 minus
1151 952 1380 1010 diligentes
1416 950 1604 1008 tegmina
1637 950 1705 992 in-

312 1024 533 1081 terpretati
566 1034 681 1068 sunt.
719 1025 846 1076 Quod
881 1023 1057 1083 quidem
1093 1038 1244 1067 verum
1273 1030 1334 1064 est
1362 1040 1370 1065 :
1396 1020 1468 1064 sed
1508 1019 1705 1079 generale

310 1107 470 1135 nomen
488 1102 530 1135 et
546 1103 735 1151 tegmen,
757 1109 845 1152 qno
859 1094 1165 1136 indumentum
1182 1102 1224 1136 et
1239 1093 1558 1151 operimentum
1578 1104 1705 1134 omne

308 1163 440 1221 possit
461 1163 659 1220 intelligi.
677 1164 844 1207 Etideo
860 1165 1013 1207 debuit
1030 1165 1286 1221 ambiguitas
1298 1163 1463 1216 evitari⁷
1478 1171 1528 1205 ut
1550 1175 1705 1221 quem-

309 1233 546 1277 admodum
571 1234 747 1277 Graecus
769 1242 973 1287 wepato‘mw.
1003 1235 1172 1292 posuit,
1201 1234 1358 1293 quibus
1384 1248 1473 1276 non
1497 1240 1705 1289 teguntur

308 1303 614 1363 nisipudendae
629 1305 819 1363 corporis
830 1314 987 1364 partes,
1008 1305 1067 1348 sic
1081 1305 1327 1356 etLatiiius,
1346 1303 1571 1361 autipsum
1582 1303 1704 1345 Grae-

308 1390 405 1418 cum
420 1385 619 1433 poneret⁷
633 1376 735 1435 quia
750 1385 793 1419 et
806 1376 987 1434 ipsojam
997 1374 1268 1419 consuetudo
1286 1375 1422 1418 utitur
1436 1388 1514 1432 pro
1527 1372 1698 1426 Latino,

308 1446 375 1490 vel
393 1447 502 1490 sicut
517 1448 695 1505 quidam
715 1446 1017 1500 succinctoria,
1037 1446 1106 1490 vel
1121 1447 1233 1490 sicut
1250 1445 1320 1489 alii
1338 1444 1492 1489 melius
1510 1458 1703 1503 campes-

308 1516 387 1559 tria
405 1517 704 1560 nominarunt.
724 1520 787 1559 Ex
809 1515 884 1561 illo
903 1518 1065 1576 quippe
1088 1517 1170 1561 hoc
1191 1531 1350 1560 nornen
1370 1524 1448 1570 est,
1474 1515 1592 1574 quod
1615 1529 1700 1572 pu-

311 1585 453 1629 denda
479 1587 660 1644 juvenes
687 1587 894 1644 tegebant
917 1587 1096 1645 antiquo
1119 1602 1238 1630 more
1275 1589 1499 1640 Romano,
1525 1584 1702 1644 quando

308 1655 415 1699 nudi
438 1657 750 1701 exercebantur
779 1658 824 1700 in
841 1672 995 1716 campo
1017 1676 1026 1701 :
1053 1657 1171 1701 unde
1192 1658 1464 1716 campestrati
1485 1655 1701 1715 appellan-

309 1734 380 1769 tur
415 1725 656 1786 hodieque‚
689 1727 763 1786 qui
796 1727 946 1770 eadem
970 1727 1164 1770 membra
1186 1727 1402 1785 cingendo
1426 1726 1697 1784 cooperiunt.

307 1798 567 1856 Quanquam
602 1798 636 1840 si
660 1812 708 1841 ea
744 1797 903 1857 quibus
930 1806 1156 1855 peccatum
1185 1806 1269 1850 est,
1310 1796 1496 1854 tegenda
1527 1795 1701 1839 fuerant

307 1877 404 1927 post
443 1876 669 1926 peccatum
690 1888 699 1923 3
745 1882 800 1910 ne
841 1867 996 1910 tunicis
1031 1866 1207 1925 quidem
1249 1867 1373 1909 indui
1415 1864 1663 1908 debuerunt
1685 1899 1696 1919 ,

307 1937 382 1982 sed
399 1953 574 1982 manum
603 1947 646 1982 et
672 1954 718 1982 os
746 1948 913 1996 tegere,
941 1939 1041 1998 quia
1063 1937 1275 1981 sumendo
1298 1947 1341 1981 et
1362 1936 1574 1981 vescendo
1596 1951 1699 1995 pec-

307 2018 475 2053 carunt.
529 2009 645 2061 Quid
679 2009 760 2052 sibi
798 2024 900 2067 ergo
942 2008 1059 2062 vult,
1100 2008 1221 2067 quod
1263 2016 1440 2065 accepto
1477 2006 1699 2065 prohibito

309 2078 408 2122 cibo
426 2113 436 2132 ‚
476 2093 576 2121 cum
614 2077 761 2122 fuisset
799 2079 1003 2137 praecepti
1052 2077 1164 2122 sacta
1206 2078 1482 2135 transgressio
1497 2111 1508 2131 ,
1546 2077 1590 2119 in
1625 2075 1698 2120 illa

310 2149 504 2192 membra
523 2157 718 2207 aspectus
739 2148 1015 2191 intenditur?
1037 2150 1143 2200 Quae
1165 2148 1226 2190 ibi
1249 2149 1416 2192 novitas
1433 2148 1581 2206 ignota
1601 2161 1695 2190 senr

312 2220 431 2274 titur,
458 2229 500 2262 et
521 2234 565 2262 se
585 2218 809 2277 compellit
830 2218 1023 2263 adverti?
1046 2218 1166 2278 quod
1188 2220 1409 2277 apertione
1430 2219 1696 2276 significatur

309 2290 579 2333 oculorum2.
603 2291 754 2347 Neque
771 2289 886 2332 enim
908 2290 966 2332 eis
983 2289 1052 2332 vel
1075 2288 1251 2348 quando
1271 2288 1344 2332 ille
1366 2289 1541 2333 nomina
1563 2302 1694 2346 peco-

311 2361 430 2404 ribus
448 2370 491 2404 et
507 2361 760 2404 volucribus
783 2361 1053 2419 imponebat,
1080 2360 1149 2404 vel
1167 2360 1344 2419 quando
1366 2359 1438 2403 illa
1461 2359 1694 2418 pulchrum

311 2431 477 2488 lignum
495 2431 602 2474 vidit
622 2439 664 2474 et
683 2430 865 2485 bonum,
893 2429 1006 2474 oculi
1031 2445 1119 2474 non
1141 2430 1404 2489 patebant³3
1434 2430 1509 2473 sed
1532 2430 1692 2488 aperti,

311 2503 395 2545 boc
415 2511 494 2555 est,
520 2499 694 2555 intenti,
720 2502 774 2544 ad
796 2499 1057 2545 intuendum
1081 2499 1181 2544 facti
1199 2509 1299 2544 sunt
1326 2520 1334 2544 :
1361 2501 1471 2545 sicut
1490 2499 1694 2557 scriptum

361 2592 369 2607 ¹
396 2586 476 2616 Gen.
497 2595 544 2624 ιιι,
565 2595 596 2625 7.
612 2600 652 2607 —-
668 2591 680 2607 ²
699 2584 747 2616 Id.
767 2594 802 2625 ιι,
823 2582 1026 2616 20.-31d.
1047 2595 1096 2625 ιιι,
1117 2586 1136 2616 6
1154 2589 1185 2615 et
1205 2595 1236 2625 7.
