<?xml version="1.0" encoding="UTF-8"?>
<!DOCTYPE html PUBLIC "-//W3C//DTD XHTML 1.0 Transitional//EN"
    "http://www.w3.org/TR/xhtml1/DTD/xhtml1-transitional.dtd">
<html xmlns="http://www.w3.org/1999/xhtml" xml:lang="en" lang="en">
 <head>
  <title>
</title>
<meta http-equiv="Content-Type" content="text/html;charset=utf-8" />
  <meta name='ocr-system' content='tesseract 3.04.00' />
  <meta name='ocr-capabilities' content='ocr_page ocr_carea ocr_par ocr_line ocrx_word'/>
</head>
<body>
  <div class='ocr_page' id='page_1' title='image "./operaomniaaccura34auguuoft_0434.png"; bbox 0 0 1784 3205; ppageno 0'>
   <div class='ocr_carea' id='block_1_1' title="bbox 320 235 1265 273">
    <p class='ocr_par' dir='ltr' id='par_1_1' title="bbox 320 235 1265 273">
     <span class='ocr_line' id='line_1_1' title="bbox 320 235 1265 273; baseline 0.001 -1"><span class='ocrx_word' id='word_1_1' title='bbox 320 235 402 273; x_wconf 70' lang='lat'>424</span> <span class='ocrx_word' id='word_1_2' title='bbox 757 251 787 273; x_wconf 77' lang='lat' dir='ltr'>s.</span> <span class='ocrx_word' id='word_1_3' title='bbox 828 246 1052 273; x_wconf 75' lang='lat' dir='ltr'>AUGUSTINI</span> <span class='ocrx_word' id='word_1_4' title='bbox 1089 247 1265 273; x_wconf 74' lang='lat' dir='ltr'>EPISCOPI</span> 
     </span>
    </p>
   </div>
   <div class='ocr_carea' id='block_1_2' title="bbox 312 311 1710 2479">
    <p class='ocr_par' dir='ltr' id='par_1_2' title="bbox 312 311 1701 582">
     <span class='ocr_line' id='line_1_2' title="bbox 318 311 1701 372; baseline 0.001 -16"><span class='ocrx_word' id='word_1_5' title='bbox 318 323 439 356; x_wconf 86' lang='lat' dir='ltr'>turus</span> <span class='ocrx_word' id='word_1_6' title='bbox 461 321 523 355; x_wconf 90' lang='lat' dir='ltr'>est</span> <span class='ocrx_word' id='word_1_7' title='bbox 546 312 753 356; x_wconf 81' lang='lat' dir='ltr'>Dominus</span> <span class='ocrx_word' id='word_1_8' title='bbox 771 311 910 369; x_wconf 84' lang='lat' dir='ltr'>impiis</span> <span class='ocrx_word' id='word_1_9' title='bbox 931 330 938 355; x_wconf 94' lang='lat'><strong>:</strong></span> <span class='ocrx_word' id='word_1_10' title='bbox 969 330 988 352; x_wconf 92' lang='lat'>«</span> <span class='ocrx_word' id='word_1_11' title='bbox 1014 314 1109 356; x_wconf 89' lang='lat' dir='ltr'>Non</span> <span class='ocrx_word' id='word_1_12' title='bbox 1127 313 1228 355; x_wconf 89' lang='lat' dir='ltr'>novi</span> <span class='ocrx_word' id='word_1_13' title='bbox 1253 315 1378 371; x_wconf 72' lang='lat' dir='ltr'>vos¹3</span> <span class='ocrx_word' id='word_1_14' title='bbox 1403 331 1421 354; x_wconf 88' lang='lat'>»</span> <span class='ocrx_word' id='word_1_15' title='bbox 1449 327 1579 372; x_wconf 83' lang='lat' dir='ltr'>quem</span> <span class='ocrx_word' id='word_1_16' title='bbox 1605 329 1701 371; x_wconf 87' lang='lat' dir='ltr'>pro-</span> 
     </span>
     <span class='ocr_line' id='line_1_3' title="bbox 319 380 1700 439; baseline 0.001 -13"><span class='ocrx_word' id='word_1_17' title='bbox 319 382 391 427; x_wconf 89' lang='lat' dir='ltr'>cul</span> <span class='ocrx_word' id='word_1_18' title='bbox 408 381 543 425; x_wconf 86' lang='lat' dir='ltr'>dubio</span> <span class='ocrx_word' id='word_1_19' title='bbox 562 381 695 426; x_wconf 88' lang='lat' dir='ltr'>latere</span> <span class='ocrx_word' id='word_1_20' title='bbox 717 380 825 425; x_wconf 87' lang='lat' dir='ltr'>nihil</span> <span class='ocrx_word' id='word_1_21' title='bbox 848 389 990 439; x_wconf 89' lang='lat' dir='ltr'>potest</span> <span class='ocrx_word' id='word_1_22' title='bbox 1012 400 1020 425; x_wconf 75' lang='grc' dir='ltr'>ε</span> <span class='ocrx_word' id='word_1_23' title='bbox 1042 390 1084 425; x_wconf 86' lang='lat' dir='ltr'>et</span> <span class='ocrx_word' id='word_1_24' title='bbox 1106 381 1217 424; x_wconf 89' lang='lat' dir='ltr'>sicut</span> <span class='ocrx_word' id='word_1_25' title='bbox 1235 381 1399 426; x_wconf 90' lang='lat' dir='ltr'>dictum</span> <span class='ocrx_word' id='word_1_26' title='bbox 1422 391 1483 427; x_wconf 90' lang='lat' dir='ltr'>est</span> <span class='ocrx_word' id='word_1_27' title='bbox 1506 402 1514 427; x_wconf 82' lang='lat' dir='ltr'>z</span> <span class='ocrx_word' id='word_1_28' title='bbox 1542 401 1562 423; x_wconf 88' lang='lat'>«</span> <span class='ocrx_word' id='word_1_29' title='bbox 1586 385 1700 427; x_wconf 92' lang='lat' dir='ltr'>Eum</span> 
     </span>
     <span class='ocr_line' id='line_1_4' title="bbox 314 451 1696 512; baseline 0.002 -17"><span class='ocrx_word' id='word_1_30' title='bbox 314 471 334 495; x_wconf 83' lang='lat'>»</span> <span class='ocrx_word' id='word_1_31' title='bbox 361 453 438 512; x_wconf 86' lang='lat' dir='ltr'>qui</span> <span class='ocrx_word' id='word_1_32' title='bbox 462 468 550 496; x_wconf 92' lang='lat' dir='ltr'>non</span> <span class='ocrx_word' id='word_1_33' title='bbox 573 461 753 497; x_wconf 87' lang='lat' dir='ltr'>noverat</span> <span class='ocrx_word' id='word_1_34' title='bbox 775 460 1001 509; x_wconf 86' lang='lat' dir='ltr'>peccatum</span> <span class='ocrx_word' id='word_1_35' title='bbox 1017 455 1060 509; x_wconf 78' lang='lat'>23</span> <span class='ocrx_word' id='word_1_36' title='bbox 1088 469 1108 493; x_wconf 93' lang='lat'>»</span> <span class='ocrx_word' id='word_1_37' title='bbox 1134 452 1255 512; x_wconf 90' lang='lat' dir='ltr'>quod</span> <span class='ocrx_word' id='word_1_38' title='bbox 1276 463 1364 508; x_wconf 84' lang='lat' dir='ltr'>est,</span> <span class='ocrx_word' id='word_1_39' title='bbox 1389 468 1480 497; x_wconf 91' lang='lat' dir='ltr'>non</span> <span class='ocrx_word' id='word_1_40' title='bbox 1502 451 1662 498; x_wconf 82' lang='lat' dir='ltr'>fecerat</span> <span class='ocrx_word' id='word_1_41' title='bbox 1687 472 1696 498; x_wconf 91' lang='lat'><strong>:</strong></span> 
     </span>
     <span class='ocr_line' id='line_1_5' title="bbox 312 522 1287 582; baseline -0.001 -15"><span class='ocrx_word' id='word_1_42' title='bbox 312 537 456 582; x_wconf 85' lang='lat' dir='ltr'>neque</span> <span class='ocrx_word' id='word_1_43' title='bbox 473 522 588 565; x_wconf 87' lang='lat' dir='ltr'>enim</span> <span class='ocrx_word' id='word_1_44' title='bbox 606 537 695 567; x_wconf 90' lang='lat' dir='ltr'>non</span> <span class='ocrx_word' id='word_1_45' title='bbox 718 531 896 566; x_wconf 87' lang='lat' dir='ltr'>noverat</span> <span class='ocrx_word' id='word_1_46' title='bbox 919 522 1038 581; x_wconf 92' lang='lat' dir='ltr'>quod</span> <span class='ocrx_word' id='word_1_47' title='bbox 1060 523 1287 581; x_wconf 80' lang='lat' dir='ltr'>arguebat.</span> 
     </span>
    </p>

    <p class='ocr_par' dir='ltr' id='par_1_3' title="bbox 315 593 1710 2337">
     <span class='ocr_line' id='line_1_6' title="bbox 376 593 1700 653; baseline 0.002 -17"><span class='ocrx_word' id='word_1_48' title='bbox 376 595 537 637; x_wconf 85' lang='lat' dir='ltr'><strong>XXIV.</strong></span> <span class='ocrx_word' id='word_1_49' title='bbox 575 594 649 637; x_wconf 87' lang='lat' dir='ltr'>His</span> <span class='ocrx_word' id='word_1_50' title='bbox 670 603 800 653; x_wconf 85' lang='lat' dir='ltr'>atque</span> <span class='ocrx_word' id='word_1_51' title='bbox 817 593 1068 652; x_wconf 89' lang='lat' dir='ltr'>hujusmodi</span> <span class='ocrx_word' id='word_1_52' title='bbox 1087 594 1132 637; x_wconf 91' lang='lat' dir='ltr'>in</span> <span class='ocrx_word' id='word_1_53' title='bbox 1151 594 1230 637; x_wconf 83' lang='lat' dir='ltr'>ista</span> <span class='ocrx_word' id='word_1_54' title='bbox 1256 595 1489 653; x_wconf 72' lang='lat' dir='ltr'>Scripturas</span> <span class='ocrx_word' id='word_1_55' title='bbox 1512 597 1700 653; x_wconf 86' lang='lat' dir='ltr'>Aposto-</span> 
     </span>
     <span class='ocr_line' id='line_1_7' title="bbox 315 664 1703 723; baseline 0.001 -16"><span class='ocrx_word' id='word_1_56' title='bbox 315 664 411 708; x_wconf 77' lang='lat' dir='ltr'>licae</span> <span class='ocrx_word' id='word_1_57' title='bbox 433 665 755 708; x_wconf 81' lang='lat' dir='ltr'>circumstantia</span> <span class='ocrx_word' id='word_1_58' title='bbox 779 664 1010 723; x_wconf 84' lang='lat' dir='ltr'>diligenter</span> <span class='ocrx_word' id='word_1_59' title='bbox 1031 664 1326 719; x_wconf 78' lang='lat' dir='ltr'>consideratis,</span> <span class='ocrx_word' id='word_1_60' title='bbox 1358 674 1472 708; x_wconf 90' lang='lat' dir='ltr'>recte</span> <span class='ocrx_word' id='word_1_61' title='bbox 1496 664 1703 723; x_wconf 83' lang='lat' dir='ltr'>intelligi-</span> 
     </span>
     <span class='ocr_line' id='line_1_8' title="bbox 318 734 1704 794; baseline 0.001 -17"><span class='ocrx_word' id='word_1_62' title='bbox 318 743 386 778; x_wconf 86' lang='lat' dir='ltr'>tur</span> <span class='ocrx_word' id='word_1_63' title='bbox 408 734 656 792; x_wconf 82' lang='lat' dir='ltr'>Apostolus,</span> <span class='ocrx_word' id='word_1_64' title='bbox 679 751 768 779; x_wconf 89' lang='lat' dir='ltr'>non</span> <span class='ocrx_word' id='word_1_65' title='bbox 790 734 967 794; x_wconf 81' lang='lat' dir='ltr'>quidem</span> <span class='ocrx_word' id='word_1_66' title='bbox 991 750 1034 778; x_wconf 89' lang='lat' dir='ltr'>se</span> <span class='ocrx_word' id='word_1_67' title='bbox 1054 734 1194 778; x_wconf 88' lang='lat' dir='ltr'>solum</span> <span class='ocrx_word' id='word_1_68' title='bbox 1224 734 1270 777; x_wconf 88' lang='lat' dir='ltr'>in</span> <span class='ocrx_word' id='word_1_69' title='bbox 1299 750 1374 778; x_wconf 89' lang='lat' dir='ltr'>sua</span> <span class='ocrx_word' id='word_1_70' title='bbox 1398 750 1597 793; x_wconf 88' lang='lat' dir='ltr'>persona,</span> <span class='ocrx_word' id='word_1_71' title='bbox 1629 750 1704 779; x_wconf 78' lang='lat' dir='ltr'>ve-</span> 
     </span>
     <span class='ocr_line' id='line_1_9' title="bbox 316 804 1704 864; baseline 0.001 -17"><span class='ocrx_word' id='word_1_72' title='bbox 316 820 415 848; x_wconf 86' lang='lat' dir='ltr'>rum</span> <span class='ocrx_word' id='word_1_73' title='bbox 448 804 551 848; x_wconf 88' lang='lat' dir='ltr'>alios</span> <span class='ocrx_word' id='word_1_74' title='bbox 575 806 705 849; x_wconf 89' lang='lat' dir='ltr'>etiam</span> <span class='ocrx_word' id='word_1_75' title='bbox 739 806 821 849; x_wconf 88' lang='lat' dir='ltr'>sub</span> <span class='ocrx_word' id='word_1_76' title='bbox 854 807 989 864; x_wconf 81' lang='lat' dir='ltr'>gratia</span> <span class='ocrx_word' id='word_1_77' title='bbox 1023 806 1279 850; x_wconf 84' lang='lat' dir='ltr'>constitutos</span> <span class='ocrx_word' id='word_1_78' title='bbox 1307 806 1566 864; x_wconf 84' lang='lat' dir='ltr'>significasse</span> <span class='ocrx_word' id='word_1_79' title='bbox 1573 841 1589 861; x_wconf 80' lang='lat'>,</span> <span class='ocrx_word' id='word_1_80' title='bbox 1629 805 1704 849; x_wconf 91' lang='lat' dir='ltr'>sed</span> 
     </span>
     <span class='ocr_line' id='line_1_10' title="bbox 316 875 1706 936; baseline 0.001 -18"><span class='ocrx_word' id='word_1_81' title='bbox 316 890 462 919; x_wconf 89' lang='lat' dir='ltr'>secum</span> <span class='ocrx_word' id='word_1_82' title='bbox 489 876 687 919; x_wconf 91' lang='lat' dir='ltr'>nondum</span> <span class='ocrx_word' id='word_1_83' title='bbox 718 876 763 919; x_wconf 89' lang='lat' dir='ltr'>in</span> <span class='ocrx_word' id='word_1_84' title='bbox 784 875 857 920; x_wconf 89' lang='lat' dir='ltr'>illa</span> <span class='ocrx_word' id='word_1_85' title='bbox 880 877 1138 920; x_wconf 86' lang='lat' dir='ltr'>constitutos</span> <span class='ocrx_word' id='word_1_86' title='bbox 1159 891 1265 935; x_wconf 87' lang='lat' dir='ltr'>pace</span> <span class='ocrx_word' id='word_1_87' title='bbox 1292 875 1506 935; x_wconf 84' lang='lat' dir='ltr'>perfecta,</span> <span class='ocrx_word' id='word_1_88' title='bbox 1543 877 1590 920; x_wconf 91' lang='lat' dir='ltr'>in</span> <span class='ocrx_word' id='word_1_89' title='bbox 1618 892 1706 936; x_wconf 81' lang='lat' dir='ltr'>qua</span> 
     </span>
     <span class='ocr_line' id='line_1_11' title="bbox 320 947 1706 1007; baseline 0.001 -18"><span class='ocrx_word' id='word_1_90' title='bbox 320 947 620 990; x_wconf 75' lang='lat' dir='ltr'>absorbebitur</span> <span class='ocrx_word' id='word_1_91' title='bbox 648 962 763 990; x_wconf 89' lang='lat' dir='ltr'>mors</span> <span class='ocrx_word' id='word_1_92' title='bbox 786 948 829 991; x_wconf 87' lang='lat' dir='ltr'>in</span> <span class='ocrx_word' id='word_1_93' title='bbox 852 948 1075 992; x_wconf 85' lang='lat' dir='ltr'>victoriam</span> <span class='ocrx_word' id='word_1_94' title='bbox 1093 949 1124 991; x_wconf 74' lang='lat'>3.</span> <span class='ocrx_word' id='word_1_95' title='bbox 1151 950 1211 991; x_wconf 90' lang='lat' dir='ltr'>De</span> <span class='ocrx_word' id='word_1_96' title='bbox 1229 963 1315 1007; x_wconf 75' lang='lat' dir='ltr'>qua</span> <span class='ocrx_word' id='word_1_97' title='bbox 1338 957 1435 1006; x_wconf 88' lang='lat' dir='ltr'>post</span> <span class='ocrx_word' id='word_1_98' title='bbox 1452 948 1557 992; x_wconf 89' lang='lat' dir='ltr'>dicit</span> <span class='ocrx_word' id='word_1_99' title='bbox 1581 966 1589 992; x_wconf 76' lang='grc' dir='ltr'><strong><em>ε</em></strong></span> <span class='ocrx_word' id='word_1_100' title='bbox 1620 966 1640 989; x_wconf 87' lang='lat'>«</span> <span class='ocrx_word' id='word_1_101' title='bbox 1663 947 1706 992; x_wconf 72' lang='lat' dir='ltr'>Si</span> 
     </span>
     <span class='ocr_line' id='line_1_12' title="bbox 321 1018 1707 1078; baseline 0.004 -21"><span class='ocrx_word' id='word_1_102' title='bbox 321 1036 340 1058; x_wconf 84' lang='lat'>»</span> <span class='ocrx_word' id='word_1_103' title='bbox 368 1026 514 1061; x_wconf 88' lang='lat' dir='ltr'>autem</span> <span class='ocrx_word' id='word_1_104' title='bbox 544 1018 739 1061; x_wconf 90' lang='lat' dir='ltr'>Christus</span> <span class='ocrx_word' id='word_1_105' title='bbox 764 1019 809 1060; x_wconf 90' lang='lat' dir='ltr'>in</span> <span class='ocrx_word' id='word_1_106' title='bbox 837 1019 973 1073; x_wconf 87' lang='lat' dir='ltr'>vobis,</span> <span class='ocrx_word' id='word_1_107' title='bbox 1000 1034 1155 1078; x_wconf 83' lang='lat' dir='ltr'>corpus</span> <span class='ocrx_word' id='word_1_108' title='bbox 1190 1018 1366 1078; x_wconf 87' lang='lat' dir='ltr'>quidem</span> <span class='ocrx_word' id='word_1_109' title='bbox 1399 1027 1621 1062; x_wconf 89' lang='lat' dir='ltr'>mortuum</span> <span class='ocrx_word' id='word_1_110' title='bbox 1643 1027 1707 1062; x_wconf 89' lang='lat' dir='ltr'>est</span> 
     </span>
     <span class='ocr_line' id='line_1_13' title="bbox 323 1089 1706 1148; baseline 0.004 -22"><span class='ocrx_word' id='word_1_111' title='bbox 323 1105 342 1126; x_wconf 89' lang='lat'>»</span> <span class='ocrx_word' id='word_1_112' title='bbox 370 1096 545 1144; x_wconf 86' lang='lat' dir='ltr'>propter</span> <span class='ocrx_word' id='word_1_113' title='bbox 565 1096 790 1145; x_wconf 82' lang='lat' dir='ltr'>peccatum</span> <span class='ocrx_word' id='word_1_114' title='bbox 809 1108 819 1144; x_wconf 67' lang='grc' dir='ltr'><strong>ς</strong></span> <span class='ocrx_word' id='word_1_115' title='bbox 839 1089 1013 1146; x_wconf 84' lang='lat' dir='ltr'>spiritus</span> <span class='ocrx_word' id='word_1_116' title='bbox 1035 1098 1179 1132; x_wconf 86' lang='lat' dir='ltr'>autem</span> <span class='ocrx_word' id='word_1_117' title='bbox 1202 1090 1289 1133; x_wconf 86' lang='lat' dir='ltr'>vita</span> <span class='ocrx_word' id='word_1_118' title='bbox 1311 1098 1394 1144; x_wconf 90' lang='lat' dir='ltr'>est,</span> <span class='ocrx_word' id='word_1_119' title='bbox 1418 1097 1595 1148; x_wconf 87' lang='lat' dir='ltr'>propter</span> <span class='ocrx_word' id='word_1_120' title='bbox 1612 1089 1706 1147; x_wconf 82' lang='lat' dir='ltr'>jus-</span> 
     </span>
     <span class='ocr_line' id='line_1_14' title="bbox 323 1157 1707 1218; baseline 0.004 -21"><span class='ocrx_word' id='word_1_121' title='bbox 323 1174 342 1196; x_wconf 89' lang='lat'>»</span> <span class='ocrx_word' id='word_1_122' title='bbox 370 1157 524 1199; x_wconf 81' lang='lat' dir='ltr'>titiam.</span> <span class='ocrx_word' id='word_1_123' title='bbox 548 1157 590 1200; x_wconf 89' lang='lat' dir='ltr'>Si</span> <span class='ocrx_word' id='word_1_124' title='bbox 606 1172 709 1215; x_wconf 78' lang='lat' dir='ltr'>ergo</span> <span class='ocrx_word' id='word_1_125' title='bbox 727 1158 908 1215; x_wconf 85' lang='lat' dir='ltr'>Spiritus</span> <span class='ocrx_word' id='word_1_126' title='bbox 926 1160 1016 1217; x_wconf 81' lang='lat' dir='ltr'>ejus</span> <span class='ocrx_word' id='word_1_127' title='bbox 1033 1159 1108 1218; x_wconf 85' lang='lat' dir='ltr'>qui</span> <span class='ocrx_word' id='word_1_128' title='bbox 1123 1160 1343 1203; x_wconf 80' lang='lat' dir='ltr'>suscitavit</span> <span class='ocrx_word' id='word_1_129' title='bbox 1358 1162 1382 1203; x_wconf 88' lang='lat' dir='ltr'><strong>J</strong></span> <span class='ocrx_word' id='word_1_130' title='bbox 1386 1174 1506 1203; x_wconf 89' lang='lat' dir='ltr'>esum</span> <span class='ocrx_word' id='word_1_131' title='bbox 1522 1174 1573 1203; x_wconf 84' lang='lat' dir='ltr'>ex</span> <span class='ocrx_word' id='word_1_132' title='bbox 1586 1174 1707 1203; x_wconf 91' lang='lat' dir='ltr'>mor-</span> 
     </span>
     <span class='ocr_line' id='line_1_15' title="bbox 325 1227 1708 1287; baseline 0.004 -19"><span class='ocrx_word' id='word_1_133' title='bbox 325 1245 344 1267; x_wconf 86' lang='lat'>»</span> <span class='ocrx_word' id='word_1_134' title='bbox 371 1228 470 1282; x_wconf 88' lang='lat' dir='ltr'>tuis,</span> <span class='ocrx_word' id='word_1_135' title='bbox 497 1227 664 1271; x_wconf 84' lang='lat' dir='ltr'>habitat</span> <span class='ocrx_word' id='word_1_136' title='bbox 685 1229 730 1270; x_wconf 84' lang='lat' dir='ltr'>in</span> <span class='ocrx_word' id='word_1_137' title='bbox 758 1228 903 1284; x_wconf 70' lang='lat' dir='ltr'>vobis,</span> <span class='ocrx_word' id='word_1_138' title='bbox 935 1230 1011 1287; x_wconf 85' lang='lat' dir='ltr'>qui</span> <span class='ocrx_word' id='word_1_139' title='bbox 1033 1230 1253 1272; x_wconf 83' lang='lat' dir='ltr'>suscitavit</span> <span class='ocrx_word' id='word_1_140' title='bbox 1274 1230 1494 1272; x_wconf 82' lang='lat' dir='ltr'>Christum</span> <span class='ocrx_word' id='word_1_141' title='bbox 1515 1232 1663 1273; x_wconf 86' lang='lat' dir='ltr'>Jesum</span> <span class='ocrx_word' id='word_1_142' title='bbox 1685 1244 1708 1273; x_wconf 88' lang='lat' dir='ltr'>a</span> 
     </span>
     <span class='ocr_line' id='line_1_16' title="bbox 325 1296 1709 1359; baseline 0.004 -22"><span class='ocrx_word' id='word_1_143' title='bbox 325 1315 345 1337; x_wconf 89' lang='lat'>»</span> <span class='ocrx_word' id='word_1_144' title='bbox 372 1296 568 1351; x_wconf 81' lang='lat' dir='ltr'>mortuis,</span> <span class='ocrx_word' id='word_1_145' title='bbox 595 1297 831 1342; x_wconf 83' lang='lat' dir='ltr'>vivificabit</span> <span class='ocrx_word' id='word_1_146' title='bbox 853 1307 897 1341; x_wconf 89' lang='lat' dir='ltr'>et</span> <span class='ocrx_word' id='word_1_147' title='bbox 920 1297 1115 1342; x_wconf 86' lang='lat' dir='ltr'>mortalia</span> <span class='ocrx_word' id='word_1_148' title='bbox 1139 1314 1318 1357; x_wconf 86' lang='lat' dir='ltr'>corpora</span> <span class='ocrx_word' id='word_1_149' title='bbox 1336 1309 1473 1343; x_wconf 89' lang='lat' dir='ltr'>vestra</span> <span class='ocrx_word' id='word_1_150' title='bbox 1493 1314 1567 1359; x_wconf 91' lang='lat' dir='ltr'>per</span> <span class='ocrx_word' id='word_1_151' title='bbox 1584 1300 1709 1344; x_wconf 91' lang='lat' dir='ltr'>inha-</span> 
     </span>
     <span class='ocr_line' id='line_1_17' title="bbox 326 1367 1710 1428; baseline 0.004 -20"><span class='ocrx_word' id='word_1_152' title='bbox 326 1384 347 1407; x_wconf 84' lang='lat'>»</span> <span class='ocrx_word' id='word_1_153' title='bbox 373 1367 585 1410; x_wconf 83' lang='lat' dir='ltr'>bitantem</span> <span class='ocrx_word' id='word_1_154' title='bbox 625 1368 832 1426; x_wconf 87' lang='lat' dir='ltr'>Spiritum</span> <span class='ocrx_word' id='word_1_155' title='bbox 856 1370 946 1428; x_wconf 83' lang='lat' dir='ltr'>ejus</span> <span class='ocrx_word' id='word_1_156' title='bbox 977 1368 1021 1412; x_wconf 85' lang='lat' dir='ltr'>in</span> <span class='ocrx_word' id='word_1_157' title='bbox 1054 1369 1175 1412; x_wconf 87' lang='lat' dir='ltr'>vobis</span> <span class='ocrx_word' id='word_1_158' title='bbox 1190 1370 1221 1413; x_wconf 70' lang='lat'>4.</span> <span class='ocrx_word' id='word_1_159' title='bbox 1262 1387 1280 1409; x_wconf 91' lang='lat'>»</span> <span class='ocrx_word' id='word_1_160' title='bbox 1318 1369 1551 1414; x_wconf 81' lang='lat' dir='ltr'>Vivificatis</span> <span class='ocrx_word' id='word_1_161' title='bbox 1578 1370 1710 1428; x_wconf 84' lang='lat' dir='ltr'>igitur</span> 
     </span>
     <span class='ocr_line' id='line_1_18' title="bbox 323 1437 1709 1498; baseline 0.003 -18"><span class='ocrx_word' id='word_1_162' title='bbox 323 1437 579 1481; x_wconf 85' lang='lat' dir='ltr'>mortalibus</span> <span class='ocrx_word' id='word_1_163' title='bbox 605 1439 857 1497; x_wconf 81' lang='lat' dir='ltr'>corporibus</span> <span class='ocrx_word' id='word_1_164' title='bbox 883 1440 1059 1494; x_wconf 86' lang='lat' dir='ltr'>nostris,</span> <span class='ocrx_word' id='word_1_165' title='bbox 1092 1456 1180 1483; x_wconf 90' lang='lat' dir='ltr'>non</span> <span class='ocrx_word' id='word_1_166' title='bbox 1203 1440 1343 1484; x_wconf 90' lang='lat' dir='ltr'>solum</span> <span class='ocrx_word' id='word_1_167' title='bbox 1366 1440 1420 1484; x_wconf 88' lang='lat' dir='ltr'>ad</span> <span class='ocrx_word' id='word_1_168' title='bbox 1440 1441 1709 1498; x_wconf 81' lang='lat' dir='ltr'>peccandum</span> 
     </span>
     <span class='ocr_line' id='line_1_19' title="bbox 321 1509 1709 1569; baseline 0.002 -18"><span class='ocrx_word' id='word_1_169' title='bbox 321 1509 546 1552; x_wconf 86' lang='lat' dir='ltr'>consensio</span> <span class='ocrx_word' id='word_1_170' title='bbox 569 1509 689 1552; x_wconf 87' lang='lat' dir='ltr'>nulla</span> <span class='ocrx_word' id='word_1_171' title='bbox 707 1510 802 1564; x_wconf 86' lang='lat' dir='ltr'>erit,</span> <span class='ocrx_word' id='word_1_172' title='bbox 824 1509 898 1553; x_wconf 91' lang='lat' dir='ltr'>sed</span> <span class='ocrx_word' id='word_1_173' title='bbox 916 1526 995 1553; x_wconf 86' lang='lat' dir='ltr'>nec</span> <span class='ocrx_word' id='word_1_174' title='bbox 1012 1511 1101 1569; x_wconf 87' lang='lat' dir='ltr'>ipsa</span> <span class='ocrx_word' id='word_1_175' title='bbox 1120 1511 1190 1554; x_wconf 85' lang='lat' dir='ltr'>cui</span> <span class='ocrx_word' id='word_1_176' title='bbox 1208 1526 1296 1554; x_wconf 76' lang='lat' dir='ltr'>non</span> <span class='ocrx_word' id='word_1_177' title='bbox 1311 1511 1709 1555; x_wconf 79' lang='lat' dir='ltr'>consentiaturcar-</span> 
     </span>
     <span class='ocr_line' id='line_1_20' title="bbox 322 1578 1709 1639; baseline 0.004 -19"><span class='ocrx_word' id='word_1_178' title='bbox 322 1578 388 1620; x_wconf 89' lang='lat' dir='ltr'>nis</span> <span class='ocrx_word' id='word_1_179' title='bbox 411 1579 759 1637; x_wconf 87' lang='lat' dir='ltr'>concupiscentia</span> <span class='ocrx_word' id='word_1_180' title='bbox 791 1581 1044 1623; x_wconf 83' lang='lat' dir='ltr'>remanebit.</span> <span class='ocrx_word' id='word_1_181' title='bbox 1076 1583 1215 1633; x_wconf 87' lang='lat' dir='ltr'>Quam</span> <span class='ocrx_word' id='word_1_182' title='bbox 1248 1581 1414 1639; x_wconf 86' lang='lat' dir='ltr'>spiritui</span> <span class='ocrx_word' id='word_1_183' title='bbox 1444 1582 1709 1625; x_wconf 77' lang='lat' dir='ltr'>resistentem</span> 
     </span>
     <span class='ocr_line' id='line_1_21' title="bbox 325 1647 1710 1710; baseline 0.005 -21"><span class='ocrx_word' id='word_1_184' title='bbox 325 1663 413 1690; x_wconf 90' lang='lat' dir='ltr'>non</span> <span class='ocrx_word' id='word_1_185' title='bbox 430 1647 590 1690; x_wconf 85' lang='lat' dir='ltr'>habere</span> <span class='ocrx_word' id='word_1_186' title='bbox 612 1650 656 1691; x_wconf 89' lang='lat' dir='ltr'>in</span> <span class='ocrx_word' id='word_1_187' title='bbox 679 1664 807 1692; x_wconf 88' lang='lat' dir='ltr'>carne</span> <span class='ocrx_word' id='word_1_188' title='bbox 829 1649 1023 1705; x_wconf 80' lang='lat' dir='ltr'>mortali,</span> <span class='ocrx_word' id='word_1_189' title='bbox 1052 1650 1124 1694; x_wconf 89' lang='lat' dir='ltr'>ille</span> <span class='ocrx_word' id='word_1_190' title='bbox 1146 1651 1450 1694; x_wconf 86' lang='lat' dir='ltr'>tantummodo</span> <span class='ocrx_word' id='word_1_191' title='bbox 1479 1652 1611 1696; x_wconf 91' lang='lat' dir='ltr'>homo</span> <span class='ocrx_word' id='word_1_192' title='bbox 1629 1666 1710 1710; x_wconf 91' lang='lat' dir='ltr'>po-</span> 
     </span>
     <span class='ocr_line' id='line_1_22' title="bbox 325 1717 1710 1780; baseline 0.004 -21"><span class='ocrx_word' id='word_1_193' title='bbox 325 1718 423 1771; x_wconf 89' lang='lat' dir='ltr'>tuit,</span> <span class='ocrx_word' id='word_1_194' title='bbox 444 1717 519 1776; x_wconf 85' lang='lat' dir='ltr'>qui</span> <span class='ocrx_word' id='word_1_195' title='bbox 542 1732 630 1761; x_wconf 87' lang='lat' dir='ltr'>non</span> <span class='ocrx_word' id='word_1_196' title='bbox 654 1733 729 1777; x_wconf 88' lang='lat' dir='ltr'>per</span> <span class='ocrx_word' id='word_1_197' title='bbox 750 1720 885 1777; x_wconf 88' lang='lat' dir='ltr'>ipsam</span> <span class='ocrx_word' id='word_1_198' title='bbox 901 1718 954 1763; x_wconf 89' lang='lat' dir='ltr'>ad</span> <span class='ocrx_word' id='word_1_199' title='bbox 973 1720 1169 1763; x_wconf 90' lang='lat' dir='ltr'>homines</span> <span class='ocrx_word' id='word_1_200' title='bbox 1183 1721 1316 1763; x_wconf 87' lang='lat' dir='ltr'>venit.</span> <span class='ocrx_word' id='word_1_201' title='bbox 1336 1723 1392 1764; x_wconf 86' lang='lat' dir='ltr'>Et</span> <span class='ocrx_word' id='word_1_202' title='bbox 1408 1720 1505 1765; x_wconf 91' lang='lat' dir='ltr'>ideo</span> <span class='ocrx_word' id='word_1_203' title='bbox 1525 1724 1710 1780; x_wconf 84' lang='lat' dir='ltr'>Aposto-</span> 
     </span>
     <span class='ocr_line' id='line_1_23' title="bbox 328 1786 1710 1849; baseline 0.004 -20"><span class='ocrx_word' id='word_1_204' title='bbox 328 1786 389 1830; x_wconf 90' lang='lat' dir='ltr'>los</span> <span class='ocrx_word' id='word_1_205' title='bbox 411 1788 512 1846; x_wconf 90' lang='lat' dir='ltr'>quia</span> <span class='ocrx_word' id='word_1_206' title='bbox 534 1787 730 1831; x_wconf 88' lang='lat' dir='ltr'>homines</span> <span class='ocrx_word' id='word_1_207' title='bbox 758 1798 902 1843; x_wconf 86' lang='lat' dir='ltr'>erant,</span> <span class='ocrx_word' id='word_1_208' title='bbox 943 1798 986 1832; x_wconf 89' lang='lat' dir='ltr'>et</span> <span class='ocrx_word' id='word_1_209' title='bbox 1010 1804 1167 1848; x_wconf 88' lang='lat' dir='ltr'>corpus</span> <span class='ocrx_word' id='word_1_210' title='bbox 1200 1789 1319 1848; x_wconf 85' lang='lat' dir='ltr'>quod</span> <span class='ocrx_word' id='word_1_211' title='bbox 1346 1792 1639 1849; x_wconf 89' lang='lat' dir='ltr'>corrumpitur</span> <span class='ocrx_word' id='word_1_212' title='bbox 1666 1801 1710 1836; x_wconf 88' lang='lat' dir='ltr'>et</span> 
     </span>
     <span class='ocr_line' id='line_1_24' title="bbox 328 1858 1705 1921; baseline 0.005 -22"><span class='ocrx_word' id='word_1_213' title='bbox 328 1866 532 1915; x_wconf 81' lang='lat' dir='ltr'>aggravat</span> <span class='ocrx_word' id='word_1_214' title='bbox 556 1858 786 1914; x_wconf 71' lang='lat' dir='ltr'>animam-²³,</span> <span class='ocrx_word' id='word_1_215' title='bbox 812 1860 857 1902; x_wconf 90' lang='lat' dir='ltr'>in</span> <span class='ocrx_word' id='word_1_216' title='bbox 886 1860 1014 1918; x_wconf 87' lang='lat' dir='ltr'>hujus</span> <span class='ocrx_word' id='word_1_217' title='bbox 1036 1860 1136 1903; x_wconf 85' lang='lat' dir='ltr'>vitae</span> <span class='ocrx_word' id='word_1_218' title='bbox 1164 1860 1427 1905; x_wconf 84' lang='lat' dir='ltr'>mortalitate</span> <span class='ocrx_word' id='word_1_219' title='bbox 1448 1862 1705 1921; x_wconf 83' lang='lat' dir='ltr'>portabant,</span> 
     </span>
     <span class='ocr_line' id='line_1_25' title="bbox 325 1926 1710 1991; baseline 0.005 -22"><span class='ocrx_word' id='word_1_220' title='bbox 325 1926 432 1970; x_wconf 87' lang='lat' dir='ltr'>absit</span> <span class='ocrx_word' id='word_1_221' title='bbox 453 1936 503 1970; x_wconf 88' lang='lat' dir='ltr'>ut</span> <span class='ocrx_word' id='word_1_222' title='bbox 524 1927 733 1983; x_wconf 90' lang='lat' dir='ltr'>dicamus,</span> <span class='ocrx_word' id='word_1_223' title='bbox 759 1929 870 1973; x_wconf 88' lang='lat' dir='ltr'>sicut</span> <span class='ocrx_word' id='word_1_224' title='bbox 891 1930 969 1973; x_wconf 84' lang='lat' dir='ltr'>iste</span> <span class='ocrx_word' id='word_1_225' title='bbox 990 1929 1296 1986; x_wconf 88' lang='lat' dir='ltr'>calumniatur,</span> <span class='ocrx_word' id='word_1_226' title='bbox 1325 1950 1344 1973; x_wconf 95' lang='lat'>«</span> <span class='ocrx_word' id='word_1_227' title='bbox 1370 1946 1538 1991; x_wconf 88' lang='lat' dir='ltr'>semper</span> <span class='ocrx_word' id='word_1_228' title='bbox 1554 1932 1710 1976; x_wconf 90' lang='lat' dir='ltr'>immo-</span> 
     </span>
     <span class='ocr_line' id='line_1_26' title="bbox 322 1996 1709 2059; baseline 0.004 -18"><span class='ocrx_word' id='word_1_229' title='bbox 322 1996 469 2042; x_wconf 81' lang='lat' dir='ltr'>derata</span> <span class='ocrx_word' id='word_1_230' title='bbox 500 1998 678 2042; x_wconf 86' lang='lat' dir='ltr'>libidine</span> <span class='ocrx_word' id='word_1_231' title='bbox 710 1999 839 2044; x_wconf 87' lang='lat' dir='ltr'>fuisse</span> <span class='ocrx_word' id='word_1_232' title='bbox 876 2000 1066 2059; x_wconf 88' lang='lat' dir='ltr'>pollutos</span> <span class='ocrx_word' id='word_1_233' title='bbox 1088 2021 1096 2046; x_wconf 91' lang='lat'><strong>:</strong></span> <span class='ocrx_word' id='word_1_234' title='bbox 1123 2020 1143 2043; x_wconf 87' lang='lat'>»</span> <span class='ocrx_word' id='word_1_235' title='bbox 1166 2002 1240 2046; x_wconf 90' lang='lat' dir='ltr'>sed</span> <span class='ocrx_word' id='word_1_236' title='bbox 1271 2002 1454 2047; x_wconf 89' lang='lat' dir='ltr'>dicimus</span> <span class='ocrx_word' id='word_1_237' title='bbox 1480 2019 1503 2048; x_wconf 89' lang='lat' dir='ltr'>a</span> <span class='ocrx_word' id='word_1_238' title='bbox 1525 2018 1709 2048; x_wconf 87' lang='lat' dir='ltr'>consen·-</span> 
     </span>
     <span class='ocr_line' id='line_1_27' title="bbox 324 2068 1708 2133; baseline 0.006 -23"><span class='ocrx_word' id='word_1_239' title='bbox 324 2068 442 2111; x_wconf 90' lang='lat' dir='ltr'>sione</span> <span class='ocrx_word' id='word_1_240' title='bbox 463 2083 693 2126; x_wconf 87' lang='lat' dir='ltr'>pravarum</span> <span class='ocrx_word' id='word_1_241' title='bbox 715 2069 949 2114; x_wconf 88' lang='lat' dir='ltr'>libidinum</span> <span class='ocrx_word' id='word_1_242' title='bbox 970 2071 1151 2127; x_wconf 87' lang='lat' dir='ltr'>liberos,</span> <span class='ocrx_word' id='word_1_243' title='bbox 1181 2072 1235 2116; x_wconf 92' lang='lat' dir='ltr'>de</span> <span class='ocrx_word' id='word_1_244' title='bbox 1266 2074 1618 2133; x_wconf 87' lang='lat' dir='ltr'>concupiscentia</span> <span class='ocrx_word' id='word_1_245' title='bbox 1639 2083 1708 2118; x_wconf 93' lang='lat' dir='ltr'>ta-</span> 
     </span>
     <span class='ocr_line' id='line_1_28' title="bbox 323 2140 1708 2218; baseline 0.006 -37"><span class='ocrx_word' id='word_1_246' title='bbox 323 2153 423 2181; x_wconf 90' lang='lat' dir='ltr'>men</span> <span class='ocrx_word' id='word_1_247' title='bbox 445 2140 600 2194; x_wconf 89' lang='lat' dir='ltr'>carnis,</span> <span class='ocrx_word' id='word_1_248' title='bbox 621 2155 751 2218; x_wconf 81' lang='lat' dir='ltr'>quam</span> <span class='ocrx_word' id='word_1_249' title='bbox 770 2140 1037 2185; x_wconf 90' lang='lat' dir='ltr'>moderando</span> <span class='ocrx_word' id='word_1_250' title='bbox 1058 2141 1304 2197; x_wconf 83' lang='lat' dir='ltr'>frenabant,</span> <span class='ocrx_word' id='word_1_251' title='bbox 1326 2153 1445 2189; x_wconf 89' lang='lat' dir='ltr'>tanta</span> <span class='ocrx_word' id='word_1_252' title='bbox 1461 2145 1708 2190; x_wconf 87' lang='lat' dir='ltr'>humilitate</span> 
     </span>
     <span class='ocr_line' id='line_1_29' title="bbox 321 2208 1705 2298; baseline 0.007 -47"><span class='ocrx_word' id='word_1_253' title='bbox 321 2216 364 2251; x_wconf 89' lang='lat' dir='ltr'>et</span> <span class='ocrx_word' id='word_1_254' title='bbox 384 2208 588 2266; x_wconf 85' lang='lat' dir='ltr'>pietate</span> <span class='ocrx_word' id='word_1_255' title='bbox 566 2211 797 2265; x_wconf 59' lang='lat' dir='ltr'>oemiiisse,</span> <span class='ocrx_word' id='word_1_256' title='bbox 819 2220 868 2255; x_wconf 91' lang='lat' dir='ltr'>ut</span> <span class='ocrx_word' id='word_1_257' title='bbox 895 2220 1096 2269; x_wconf 85' lang='lat' dir='ltr'>optarent</span> <span class='ocrx_word' id='word_1_258' title='bbox 1122 2227 1217 2256; x_wconf 91' lang='lat' dir='ltr'>eam</span> <span class='ocrx_word' id='word_1_259' title='bbox 1239 2229 1327 2258; x_wconf 86' lang='lat' dir='ltr'>non</span> <span class='ocrx_word' id='word_1_260' title='bbox 1351 2215 1511 2258; x_wconf 86' lang='lat' dir='ltr'>habere</span> <span class='ocrx_word' id='word_1_261' title='bbox 1541 2217 1705 2298; x_wconf 81' lang='lat' dir='ltr'>potius,</span> 
     </span>
     <span class='ocr_line' id='line_1_30' title="bbox 324 2279 664 2337; baseline 0.006 -17"><span class='ocrx_word' id='word_1_262' title='bbox 324 2293 455 2337; x_wconf 82' lang='lat' dir='ltr'>quam</span> <span class='ocrx_word' id='word_1_263' title='bbox 473 2279 664 2322; x_wconf 86' lang='lat' dir='ltr'>domare.</span> 
     </span>
    </p>

    <p class='ocr_par' dir='ltr' id='par_1_4' title="bbox 326 2349 1707 2479">
     <span class='ocr_line' id='line_1_31' title="bbox 379 2349 1707 2410; baseline 0.007 -19"><span class='ocrx_word' id='word_1_264' title='bbox 379 2351 517 2392; x_wconf 83' lang='lat' dir='ltr'><strong>XXV.</strong></span> <span class='ocrx_word' id='word_1_265' title='bbox 554 2349 742 2394; x_wconf 84' lang='lat' dir='ltr'>Proinde</span> <span class='ocrx_word' id='word_1_266' title='bbox 769 2351 848 2394; x_wconf 91' lang='lat' dir='ltr'>iste</span> <span class='ocrx_word' id='word_1_267' title='bbox 869 2351 988 2410; x_wconf 83' lang='lat' dir='ltr'>quod</span> <span class='ocrx_word' id='word_1_268' title='bbox 1011 2351 1179 2397; x_wconf 88' lang='lat' dir='ltr'>addidit</span> <span class='ocrx_word' id='word_1_269' title='bbox 1200 2369 1277 2398; x_wconf 90' lang='lat' dir='ltr'>nos</span> <span class='ocrx_word' id='word_1_270' title='bbox 1302 2354 1446 2399; x_wconf 87' lang='lat' dir='ltr'>dicere</span> <span class='ocrx_word' id='word_1_271' title='bbox 1473 2374 1482 2400; x_wconf 72' lang='grc' dir='ltr'>ι</span> <span class='ocrx_word' id='word_1_272' title='bbox 1508 2374 1528 2397; x_wconf 91' lang='lat'>«</span> <span class='ocrx_word' id='word_1_273' title='bbox 1557 2356 1707 2400; x_wconf 87' lang='lat' dir='ltr'>Chris-</span> 
     </span>
     <span class='ocr_line' id='line_1_32' title="bbox 326 2421 1706 2479; baseline 0.006 -18"><span class='ocrx_word' id='word_1_274' title='bbox 326 2428 417 2461; x_wconf 87' lang='lat' dir='ltr'>tum</span> <span class='ocrx_word' id='word_1_275' title='bbox 444 2428 486 2462; x_wconf 84' lang='lat' dir='ltr'>et</span> <span class='ocrx_word' id='word_1_276' title='bbox 514 2435 537 2462; x_wconf 85' lang='lat' dir='ltr'>a</span> <span class='ocrx_word' id='word_1_277' title='bbox 560 2421 743 2478; x_wconf 84' lang='lat' dir='ltr'>peccatis</span> <span class='ocrx_word' id='word_1_278' title='bbox 766 2421 953 2466; x_wconf 88' lang='lat' dir='ltr'>liberum</span> <span class='ocrx_word' id='word_1_279' title='bbox 977 2437 1065 2466; x_wconf 87' lang='lat' dir='ltr'>non</span> <span class='ocrx_word' id='word_1_280' title='bbox 1093 2423 1239 2479; x_wconf 84' lang='lat' dir='ltr'>fuisse,</span> <span class='ocrx_word' id='word_1_281' title='bbox 1264 2424 1338 2468; x_wconf 92' lang='lat' dir='ltr'>sed</span> <span class='ocrx_word' id='word_1_282' title='bbox 1362 2425 1498 2469; x_wconf 89' lang='lat' dir='ltr'>carnis</span> <span class='ocrx_word' id='word_1_283' title='bbox 1521 2427 1706 2470; x_wconf 90' lang='lat' dir='ltr'>necessi-</span> 
     </span>
    </p>
   </div>
   <div class='ocr_carea' id='block_1_3' title="bbox 330 2522 1701 2621">
    <p class='ocr_par' dir='ltr' id='par_1_5' title="bbox 330 2522 1701 2621">
     <span class='ocr_line' id='line_1_33' title="bbox 376 2522 1701 2570; baseline 0.007 -18"><span class='ocrx_word' id='word_1_284' title='bbox 376 2528 382 2541; x_wconf 91' lang='lat'>¹</span> <span class='ocrx_word' id='word_1_285' title='bbox 411 2532 422 2552; x_wconf 87' lang='lat'>1</span> <span class='ocrx_word' id='word_1_286' title='bbox 443 2522 555 2553; x_wconf 67' lang='lat' dir='ltr'>Mami.</span> <span class='ocrx_word' id='word_1_287' title='bbox 582 2534 641 2563; x_wconf 74' lang='lat' dir='ltr'>vn,</span> <span class='ocrx_word' id='word_1_288' title='bbox 664 2524 771 2557; x_wconf 47' lang='lat'>23.--⁴</span> <span class='ocrx_word' id='word_1_289' title='bbox 787 2531 799 2546; x_wconf 86' lang='lat'>²</span> <span class='ocrx_word' id='word_1_290' title='bbox 823 2533 841 2556; x_wconf 77' lang='lat'><strong>2</strong></span> <span class='ocrx_word' id='word_1_291' title='bbox 859 2529 929 2559; x_wconf 84' lang='lat' dir='ltr'>Cor.</span> <span class='ocrx_word' id='word_1_292' title='bbox 950 2537 980 2563; x_wconf 72' lang='lat' dir='ltr'>v,</span> <span class='ocrx_word' id='word_1_293' title='bbox 1001 2535 1053 2559; x_wconf 76' lang='lat'>21.</span> <span class='ocrx_word' id='word_1_294' title='bbox 1072 2544 1111 2551; x_wconf 86' lang='lat'>-—</span> <span class='ocrx_word' id='word_1_295' title='bbox 1129 2526 1142 2549; x_wconf 82' lang='lat'>3</span> <span class='ocrx_word' id='word_1_296' title='bbox 1169 2539 1180 2559; x_wconf 83' lang='lat'>1</span> <span class='ocrx_word' id='word_1_297' title='bbox 1201 2529 1271 2560; x_wconf 87' lang='lat' dir='ltr'>Cor.</span> <span class='ocrx_word' id='word_1_298' title='bbox 1289 2538 1340 2570; x_wconf 83' lang='lat' dir='ltr'>xv,</span> <span class='ocrx_word' id='word_1_299' title='bbox 1354 2527 1407 2570; x_wconf 75' lang='grc'>54.</span> <span class='ocrx_word' id='word_1_300' title='bbox 1427 2527 1496 2554; x_wconf 73' lang='lat'>-4</span> <span class='ocrx_word' id='word_1_301' title='bbox 1518 2530 1609 2562; x_wconf 87' lang='lat' dir='ltr'>Rom.</span> <span class='ocrx_word' id='word_1_302' title='bbox 1632 2540 1701 2568; x_wconf 81' lang='lat' dir='ltr'>vui,</span> 
     </span>
     <span class='ocr_line' id='line_1_34' title="bbox 330 2577 799 2621; baseline 0.013 -14"><span class='ocrx_word' id='word_1_303' title='bbox 330 2588 366 2610; x_wconf 79' lang='grc' dir='ltr'>ιο</span> <span class='ocrx_word' id='word_1_304' title='bbox 389 2577 799 2621; x_wconf 70' lang='lat' dir='ltr'>erii.-⁵Sap.1x,15.</span> 
     </span>
    </p>
   </div>
  </div>
 </body>
</html>
