<?xml version="1.0" encoding="UTF-8"?>
<!DOCTYPE html PUBLIC "-//W3C//DTD XHTML 1.0 Transitional//EN"
    "http://www.w3.org/TR/xhtml1/DTD/xhtml1-transitional.dtd">
<html xmlns="http://www.w3.org/1999/xhtml" xml:lang="en" lang="en">
 <head>
  <title>
</title>
<meta http-equiv="Content-Type" content="text/html;charset=utf-8" />
  <meta name='ocr-system' content='tesseract 3.04.00' />
  <meta name='ocr-capabilities' content='ocr_page ocr_carea ocr_par ocr_line ocrx_word'/>
</head>
<body>
  <div class='ocr_page' id='page_1' title='image "./operaomniaaccura34auguuoft_0052.png"; bbox 0 0 1784 3205; ppageno 0'>
   <div class='ocr_carea' id='block_1_1' title="bbox 335 216 1282 255">
    <p class='ocr_par' dir='ltr' id='par_1_1' title="bbox 335 216 1282 255">
     <span class='ocr_line' id='line_1_1' title="bbox 335 216 1282 255; baseline -0.001 -2"><span class='ocrx_word' id='word_1_1' title='bbox 335 216 386 255; x_wconf 76' lang='lat'>42</span> <span class='ocrx_word' id='word_1_2' title='bbox 767 225 799 254; x_wconf 89' lang='lat' dir='ltr'>s.</span> <span class='ocrx_word' id='word_1_3' title='bbox 838 224 1068 254; x_wconf 72' lang='lat' dir='ltr'><strong>AUGUSTINI</strong></span> <span class='ocrx_word' id='word_1_4' title='bbox 1101 225 1282 253; x_wconf 68' lang='lat'><em>131218001’1</em></span> 
     </span>
    </p>
   </div>
   <div class='ocr_carea' id='block_1_2' title="bbox 330 286 1773 2397">
    <p class='ocr_par' dir='ltr' id='par_1_2' title="bbox 330 286 1773 2397">
     <span class='ocr_line' id='line_1_2' title="bbox 330 286 1712 347; baseline 0 -12"><span class='ocrx_word' id='word_1_5' title='bbox 330 289 558 336; x_wconf 87' lang='lat' dir='ltr'>voluntate</span> <span class='ocrx_word' id='word_1_6' title='bbox 591 298 866 335; x_wconf 87' lang='lat' dir='ltr'>contractum</span> <span class='ocrx_word' id='word_1_7' title='bbox 907 297 969 332; x_wconf 86' lang='lat' dir='ltr'>est</span> <span class='ocrx_word' id='word_1_8' title='bbox 988 323 998 342; x_wconf 90' lang='lat'>,</span> <span class='ocrx_word' id='word_1_9' title='bbox 1035 288 1158 347; x_wconf 86' lang='lat' dir='ltr'>cujus</span> <span class='ocrx_word' id='word_1_10' title='bbox 1196 289 1360 347; x_wconf 86' lang='lat' dir='ltr'>peccati</span> <span class='ocrx_word' id='word_1_11' title='bbox 1399 286 1619 334; x_wconf 88' lang='lat' dir='ltr'><strong>desideriis</strong></span> <span class='ocrx_word' id='word_1_12' title='bbox 1657 306 1712 335; x_wconf 92' lang='lat' dir='ltr'>ne</span> 
     </span>
     <span class='ocr_line' id='line_1_3' title="bbox 332 357 1712 420; baseline 0.001 -15"><span class='ocrx_word' id='word_1_13' title='bbox 332 361 604 416; x_wconf 79' lang='lat' dir='ltr'>obediamus,</span> <span class='ocrx_word' id='word_1_14' title='bbox 631 360 789 405; x_wconf 81' lang='lat' dir='ltr'>Paulus</span> <span class='ocrx_word' id='word_1_15' title='bbox 809 357 1029 418; x_wconf 83' lang='lat' dir='ltr'>apostolus</span> <span class='ocrx_word' id='word_1_16' title='bbox 1052 358 1272 417; x_wconf 81' lang='lat' dir='ltr'>praeeipit1</span> <span class='ocrx_word' id='word_1_17' title='bbox 1291 378 1302 416; x_wconf 81' lang='lat'><em>3</em></span> <span class='ocrx_word' id='word_1_18' title='bbox 1326 373 1413 404; x_wconf 91' lang='lat' dir='ltr'>non</span> <span class='ocrx_word' id='word_1_19' title='bbox 1440 368 1584 404; x_wconf 86' lang='lat' dir='ltr'>autem</span> <span class='ocrx_word' id='word_1_20' title='bbox 1604 376 1712 420; x_wconf 88' lang='lat' dir='ltr'>pec-</span> 
     </span>
     <span class='ocr_line' id='line_1_4' title="bbox 331 428 1714 492; baseline -0.001 -15"><span class='ocrx_word' id='word_1_21' title='bbox 331 448 444 488; x_wconf 85' lang='lat' dir='ltr'>care,</span> <span class='ocrx_word' id='word_1_22' title='bbox 469 432 545 492; x_wconf 87' lang='lat' dir='ltr'>qui</span> <span class='ocrx_word' id='word_1_23' title='bbox 561 430 700 475; x_wconf 91' lang='lat' dir='ltr'>eidem</span> <span class='ocrx_word' id='word_1_24' title='bbox 719 438 912 488; x_wconf 83' lang='lat' dir='ltr'>peccato,</span> <span class='ocrx_word' id='word_1_25' title='bbox 935 428 1129 488; x_wconf 82' lang='lat' dir='ltr'>quamvis</span> <span class='ocrx_word' id='word_1_26' title='bbox 1152 429 1196 472; x_wconf 90' lang='lat' dir='ltr'>in</span> <span class='ocrx_word' id='word_1_27' title='bbox 1226 443 1354 473; x_wconf 90' lang='lat' dir='ltr'>carne</span> <span class='ocrx_word' id='word_1_28' title='bbox 1382 429 1624 485; x_wconf 88' lang='lat' dir='ltr'>habitanti,</span> <span class='ocrx_word' id='word_1_29' title='bbox 1658 430 1714 476; x_wconf 87' lang='lat' dir='ltr'>ad</span> 
     </span>
     <span class='ocr_line' id='line_1_5' title="bbox 333 498 1710 561; baseline -0.001 -14"><span class='ocrx_word' id='word_1_30' title='bbox 333 503 505 548; x_wconf 88' lang='lat' dir='ltr'>nullum</span> <span class='ocrx_word' id='word_1_31' title='bbox 528 517 636 561; x_wconf 85' lang='lat' dir='ltr'>opus</span> <span class='ocrx_word' id='word_1_32' title='bbox 650 499 811 545; x_wconf 83' lang='lat' dir='ltr'>malum</span> <span class='ocrx_word' id='word_1_33' title='bbox 830 500 1007 544; x_wconf 91' lang='lat' dir='ltr'>omnino</span> <span class='ocrx_word' id='word_1_34' title='bbox 1030 499 1260 555; x_wconf 78' lang='lat' dir='ltr'>consentit,</span> <span class='ocrx_word' id='word_1_35' title='bbox 1284 498 1353 543; x_wconf 88' lang='lat' dir='ltr'>vel</span> <span class='ocrx_word' id='word_1_36' title='bbox 1369 500 1487 556; x_wconf 78' lang='lat' dir='ltr'>tacti,</span> <span class='ocrx_word' id='word_1_37' title='bbox 1508 500 1577 545; x_wconf 90' lang='lat' dir='ltr'>vel</span> <span class='ocrx_word' id='word_1_38' title='bbox 1590 500 1710 558; x_wconf 89' lang='lat' dir='ltr'>dicti,</span> 
     </span>
     <span class='ocr_line' id='line_1_6' title="bbox 332 570 1714 631; baseline -0.001 -14"><span class='ocrx_word' id='word_1_39' title='bbox 332 572 401 618; x_wconf 89' lang='lat' dir='ltr'>vel</span> <span class='ocrx_word' id='word_1_40' title='bbox 429 573 626 631; x_wconf 87' lang='lat' dir='ltr'>cogitati,</span> <span class='ocrx_word' id='word_1_41' title='bbox 651 570 848 630; x_wconf 84' lang='lat' dir='ltr'>quamvis</span> <span class='ocrx_word' id='word_1_42' title='bbox 871 570 962 628; x_wconf 85' lang='lat' dir='ltr'>ipsa</span> <span class='ocrx_word' id='word_1_43' title='bbox 982 570 1331 628; x_wconf 89' lang='lat' dir='ltr'>concupiscentia</span> <span class='ocrx_word' id='word_1_44' title='bbox 1353 579 1594 627; x_wconf 82' lang='lat' dir='ltr'>moveatur,</span> <span class='ocrx_word' id='word_1_45' title='bbox 1613 586 1714 631; x_wconf 84' lang='lat' dir='ltr'>quae</span> 
     </span>
     <span class='ocr_line' id='line_1_7' title="bbox 333 639 1713 701; baseline -0.001 -14"><span class='ocrx_word' id='word_1_46' title='bbox 333 643 417 688; x_wconf 81' lang='lat' dir='ltr'>alio</span> <span class='ocrx_word' id='word_1_47' title='bbox 434 641 565 687; x_wconf 90' lang='lat' dir='ltr'>modo</span> <span class='ocrx_word' id='word_1_48' title='bbox 587 642 752 701; x_wconf 82' lang='lat' dir='ltr'>peccati</span> <span class='ocrx_word' id='word_1_49' title='bbox 774 654 932 685; x_wconf 89' lang='lat' dir='ltr'>nomen</span> <span class='ocrx_word' id='word_1_50' title='bbox 950 639 1130 698; x_wconf 86' lang='lat' dir='ltr'>accepit,</span> <span class='ocrx_word' id='word_1_51' title='bbox 1156 639 1276 699; x_wconf 90' lang='lat' dir='ltr'>quod</span> <span class='ocrx_word' id='word_1_52' title='bbox 1297 640 1336 684; x_wconf 92' lang='lat' dir='ltr'>ei</span> <span class='ocrx_word' id='word_1_53' title='bbox 1352 641 1594 686; x_wconf 89' lang='lat' dir='ltr'>consentire</span> <span class='ocrx_word' id='word_1_54' title='bbox 1609 656 1713 701; x_wconf 90' lang='lat' dir='ltr'>pec-</span> 
     </span>
     <span class='ocr_line' id='line_1_8' title="bbox 333 710 1715 772; baseline 0 -14"><span class='ocrx_word' id='word_1_55' title='bbox 333 729 430 758; x_wconf 82' lang='lat' dir='ltr'>care</span> <span class='ocrx_word' id='word_1_56' title='bbox 452 713 521 767; x_wconf 86' lang='lat' dir='ltr'>sit,</span> <span class='ocrx_word' id='word_1_57' title='bbox 547 713 759 772; x_wconf 87' lang='lat' dir='ltr'>nobisque</span> <span class='ocrx_word' id='word_1_58' title='bbox 775 719 1000 756; x_wconf 84' lang='lat' dir='ltr'>moveatur</span> <span class='ocrx_word' id='word_1_59' title='bbox 1017 710 1160 756; x_wconf 88' lang='lat' dir='ltr'>invitis</span> <span class='ocrx_word' id='word_1_60' title='bbox 1180 729 1190 756; x_wconf 71' lang='grc' dir='ltr'>ε</span> <span class='ocrx_word' id='word_1_61' title='bbox 1211 711 1426 757; x_wconf 86' lang='lat' dir='ltr'>subtiliter</span> <span class='ocrx_word' id='word_1_62' title='bbox 1438 711 1620 772; x_wconf 87' lang='lat' dir='ltr'>quidem</span> <span class='ocrx_word' id='word_1_63' title='bbox 1636 712 1715 758; x_wconf 84' lang='lat' dir='ltr'>ista</span> 
     </span>
     <span class='ocr_line' id='line_1_9' title="bbox 334 781 1711 841; baseline -0.001 -13"><span class='ocrx_word' id='word_1_64' title='bbox 334 783 557 836; x_wconf 82' lang='lat' dir='ltr'>discernit,</span> <span class='ocrx_word' id='word_1_65' title='bbox 578 783 654 826; x_wconf 89' lang='lat' dir='ltr'>sed</span> <span class='ocrx_word' id='word_1_66' title='bbox 675 782 818 827; x_wconf 81' lang='lat' dir='ltr'>videat</span> <span class='ocrx_word' id='word_1_67' title='bbox 840 781 947 841; x_wconf 89' lang='lat' dir='ltr'>quid</span> <span class='ocrx_word' id='word_1_68' title='bbox 969 790 1119 840; x_wconf 80' lang='lat' dir='ltr'>agatur</span> <span class='ocrx_word' id='word_1_69' title='bbox 1150 781 1204 825; x_wconf 90' lang='lat' dir='ltr'>de</span> <span class='ocrx_word' id='word_1_70' title='bbox 1237 782 1461 827; x_wconf 87' lang='lat' dir='ltr'>Dominica</span> <span class='ocrx_word' id='word_1_71' title='bbox 1493 782 1711 839; x_wconf 85' lang='lat' dir='ltr'>oratione,</span> 
     </span>
     <span class='ocr_line' id='line_1_10' title="bbox 335 851 1712 912; baseline 0.001 -15"><span class='ocrx_word' id='word_1_72' title='bbox 335 854 411 898; x_wconf 86' lang='lat' dir='ltr'>ubi</span> <span class='ocrx_word' id='word_1_73' title='bbox 437 853 619 897; x_wconf 83' lang='lat' dir='ltr'>dicimus</span> <span class='ocrx_word' id='word_1_74' title='bbox 645 872 654 898; x_wconf 75' lang='grc' dir='ltr'>ε</span> <span class='ocrx_word' id='word_1_75' title='bbox 681 871 702 894; x_wconf 90' lang='lat'>«</span> <span class='ocrx_word' id='word_1_76' title='bbox 726 852 903 896; x_wconf 83' lang='lat' dir='ltr'>Dimitte</span> <span class='ocrx_word' id='word_1_77' title='bbox 935 853 1060 896; x_wconf 91' lang='lat' dir='ltr'>nobis</span> <span class='ocrx_word' id='word_1_78' title='bbox 1090 851 1238 896; x_wconf 89' lang='lat' dir='ltr'>debita</span> <span class='ocrx_word' id='word_1_79' title='bbox 1271 860 1415 896; x_wconf 84' lang='lat' dir='ltr'>nostra</span> <span class='ocrx_word' id='word_1_80' title='bbox 1431 855 1448 878; x_wconf 73' lang='lat'><strong>2</strong></span> <span class='ocrx_word' id='word_1_81' title='bbox 1472 871 1481 896; x_wconf 91' lang='lat'>:</span> <span class='ocrx_word' id='word_1_82' title='bbox 1510 870 1531 894; x_wconf 91' lang='lat'>»</span> <span class='ocrx_word' id='word_1_83' title='bbox 1566 853 1712 912; x_wconf 92' lang='lat' dir='ltr'>quod,</span> 
     </span>
     <span class='ocr_line' id='line_1_11' title="bbox 336 921 1716 982; baseline -0.001 -14"><span class='ocrx_word' id='word_1_84' title='bbox 336 925 417 968; x_wconf 85' lang='lat' dir='ltr'>nisi</span> <span class='ocrx_word' id='word_1_85' title='bbox 436 923 580 978; x_wconf 81' lang='lat' dir='ltr'>fallor,</span> <span class='ocrx_word' id='word_1_86' title='bbox 595 938 685 967; x_wconf 86' lang='lat' dir='ltr'>non</span> <span class='ocrx_word' id='word_1_87' title='bbox 703 937 810 982; x_wconf 89' lang='lat' dir='ltr'>opus</span> <span class='ocrx_word' id='word_1_88' title='bbox 828 931 936 966; x_wconf 89' lang='lat' dir='ltr'>esset</span> <span class='ocrx_word' id='word_1_89' title='bbox 950 921 1091 967; x_wconf 85' lang='lat' dir='ltr'>dicere</span> <span class='ocrx_word' id='word_1_90' title='bbox 1103 956 1114 977; x_wconf 93' lang='lat'>,</span> <span class='ocrx_word' id='word_1_91' title='bbox 1132 922 1166 966; x_wconf 90' lang='lat' dir='ltr'>si</span> <span class='ocrx_word' id='word_1_92' title='bbox 1180 937 1407 981; x_wconf 88' lang='lat' dir='ltr'>nunquam</span> <span class='ocrx_word' id='word_1_93' title='bbox 1421 956 1433 978; x_wconf 86' lang='lat'><strong>‚</strong></span> <span class='ocrx_word' id='word_1_94' title='bbox 1452 922 1522 968; x_wconf 88' lang='lat' dir='ltr'>vel</span> <span class='ocrx_word' id='word_1_95' title='bbox 1534 922 1579 966; x_wconf 89' lang='lat' dir='ltr'>in</span> <span class='ocrx_word' id='word_1_96' title='bbox 1591 922 1716 981; x_wconf 84' lang='lat' dir='ltr'>lapsu</span> 
     </span>
     <span class='ocr_line' id='line_1_12' title="bbox 336 991 1716 1052; baseline 0 -15"><span class='ocrx_word' id='word_1_97' title='bbox 336 994 519 1052; x_wconf 80' lang='lat' dir='ltr'>linguae,</span> <span class='ocrx_word' id='word_1_98' title='bbox 551 992 619 1038; x_wconf 91' lang='lat' dir='ltr'>vel</span> <span class='ocrx_word' id='word_1_99' title='bbox 643 994 687 1036; x_wconf 90' lang='lat' dir='ltr'>in</span> <span class='ocrx_word' id='word_1_100' title='bbox 720 992 977 1038; x_wconf 85' lang='lat' dir='ltr'>oblectanda</span> <span class='ocrx_word' id='word_1_101' title='bbox 1010 992 1296 1051; x_wconf 83' lang='lat' dir='ltr'>cogitatione,</span> <span class='ocrx_word' id='word_1_102' title='bbox 1327 991 1518 1052; x_wconf 83' lang='lat' dir='ltr'>ejusdem</span> <span class='ocrx_word' id='word_1_103' title='bbox 1552 993 1716 1052; x_wconf 87' lang='lat' dir='ltr'>peccati</span> 
     </span>
     <span class='ocr_line' id='line_1_13' title="bbox 337 1062 1717 1122; baseline 0 -15"><span class='ocrx_word' id='word_1_104' title='bbox 337 1063 555 1108; x_wconf 83' lang='lat' dir='ltr'>desideriis</span> <span class='ocrx_word' id='word_1_105' title='bbox 578 1063 896 1122; x_wconf 85' lang='lat' dir='ltr'>aliquantulum</span> <span class='ocrx_word' id='word_1_106' title='bbox 927 1063 1290 1122; x_wconf 77' lang='lat' dir='ltr'>consentiremu83</span> <span class='ocrx_word' id='word_1_107' title='bbox 1315 1063 1392 1108; x_wconf 91' lang='lat' dir='ltr'>sed</span> <span class='ocrx_word' id='word_1_108' title='bbox 1414 1062 1717 1109; x_wconf 84' lang='lat' dir='ltr'>tantummodo</span> 
     </span>
     <span class='ocr_line' id='line_1_14' title="bbox 337 1133 1720 1189; baseline -0.001 -11"><span class='ocrx_word' id='word_1_109' title='bbox 337 1133 571 1178; x_wconf 91' lang='lat' dir='ltr'>dicendum</span> <span class='ocrx_word' id='word_1_110' title='bbox 594 1143 724 1189; x_wconf 88' lang='lat' dir='ltr'>esset,</span> <span class='ocrx_word' id='word_1_111' title='bbox 753 1153 772 1175; x_wconf 86' lang='lat'>«</span> <span class='ocrx_word' id='word_1_112' title='bbox 796 1136 859 1180; x_wconf 93' lang='lat' dir='ltr'>Ne</span> <span class='ocrx_word' id='word_1_113' title='bbox 882 1149 959 1178; x_wconf 91' lang='lat' dir='ltr'>nos</span> <span class='ocrx_word' id='word_1_114' title='bbox 981 1133 1138 1178; x_wconf 86' lang='lat' dir='ltr'>inferas</span> <span class='ocrx_word' id='word_1_115' title='bbox 1161 1135 1206 1178; x_wconf 89' lang='lat' dir='ltr'>in</span> <span class='ocrx_word' id='word_1_116' title='bbox 1234 1135 1543 1189; x_wconf 85' lang='lat' dir='ltr'>tentationem,</span> <span class='ocrx_word' id='word_1_117' title='bbox 1567 1133 1644 1179; x_wconf 90' lang='lat' dir='ltr'>sed</span> <span class='ocrx_word' id='word_1_118' title='bbox 1664 1133 1720 1178; x_wconf 90' lang='lat' dir='ltr'>li-</span> 
     </span>
     <span class='ocr_line' id='line_1_15' title="bbox 339 1204 1722 1265; baseline 0.002 -19"><span class='ocrx_word' id='word_1_119' title='bbox 339 1223 359 1246; x_wconf 93' lang='lat'>»</span> <span class='ocrx_word' id='word_1_120' title='bbox 387 1205 493 1249; x_wconf 83' lang='lat' dir='ltr'>bera</span> <span class='ocrx_word' id='word_1_121' title='bbox 509 1220 588 1249; x_wconf 89' lang='lat' dir='ltr'>nos</span> <span class='ocrx_word' id='word_1_122' title='bbox 610 1222 633 1249; x_wconf 82' lang='lat' dir='ltr'>a</span> <span class='ocrx_word' id='word_1_123' title='bbox 649 1204 806 1250; x_wconf 78' lang='lat' dir='ltr'>malo³.</span> <span class='ocrx_word' id='word_1_124' title='bbox 831 1223 850 1245; x_wconf 69' lang='lat' dir='ltr'>n</span> <span class='ocrx_word' id='word_1_125' title='bbox 868 1208 955 1251; x_wconf 91' lang='lat' dir='ltr'>Nec</span> <span class='ocrx_word' id='word_1_126' title='bbox 974 1208 998 1250; x_wconf 87' lang='lat' dir='ltr'><strong>J</strong></span> <span class='ocrx_word' id='word_1_127' title='bbox 1003 1205 1163 1250; x_wconf 85' lang='lat' dir='ltr'>acobus</span> <span class='ocrx_word' id='word_1_128' title='bbox 1180 1204 1398 1265; x_wconf 85' lang='lat' dir='ltr'>apostolus</span> <span class='ocrx_word' id='word_1_129' title='bbox 1413 1205 1578 1250; x_wconf 90' lang='lat' dir='ltr'>diceret</span> <span class='ocrx_word' id='word_1_130' title='bbox 1592 1240 1603 1260; x_wconf 89' lang='lat'>,</span> <span class='ocrx_word' id='word_1_131' title='bbox 1626 1224 1647 1247; x_wconf 89' lang='lat'>«</span> <span class='ocrx_word' id='word_1_132' title='bbox 1669 1207 1722 1249; x_wconf 92' lang='lat' dir='ltr'>In</span> 
     </span>
     <span class='ocr_line' id='line_1_16' title="bbox 337 1275 1722 1331; baseline 0.003 -15"><span class='ocrx_word' id='word_1_133' title='bbox 337 1293 357 1316; x_wconf 92' lang='lat'>»</span> <span class='ocrx_word' id='word_1_134' title='bbox 383 1275 529 1319; x_wconf 89' lang='lat' dir='ltr'>multis</span> <span class='ocrx_word' id='word_1_135' title='bbox 551 1275 813 1320; x_wconf 80' lang='lat' dir='ltr'>offendimus</span> <span class='ocrx_word' id='word_1_136' title='bbox 835 1278 1052 1320; x_wconf 70' lang='lat' dir='ltr'>omnes4.»</span> <span class='ocrx_word' id='word_1_137' title='bbox 1068 1279 1165 1322; x_wconf 92' lang='lat' dir='ltr'>Non</span> <span class='ocrx_word' id='word_1_138' title='bbox 1186 1277 1303 1320; x_wconf 89' lang='lat' dir='ltr'>enim</span> <span class='ocrx_word' id='word_1_139' title='bbox 1323 1276 1523 1331; x_wconf 83' lang='lat' dir='ltr'>offendit,</span> <span class='ocrx_word' id='word_1_140' title='bbox 1549 1275 1630 1320; x_wconf 73' lang='lat' dir='ltr'>nisi</span> <span class='ocrx_word' id='word_1_141' title='bbox 1651 1276 1722 1321; x_wconf 89' lang='lat' dir='ltr'>cui</span> 
     </span>
     <span class='ocr_line' id='line_1_17' title="bbox 336 1344 1718 1406; baseline 0.001 -18"><span class='ocrx_word' id='word_1_142' title='bbox 336 1344 448 1389; x_wconf 83' lang='lat' dir='ltr'>mala</span> <span class='ocrx_word' id='word_1_143' title='bbox 477 1345 823 1404; x_wconf 83' lang='lat' dir='ltr'>concupiscentia</span> <span class='ocrx_word' id='word_1_144' title='bbox 856 1356 1006 1391; x_wconf 83' lang='lat' dir='ltr'>contra</span> <span class='ocrx_word' id='word_1_145' title='bbox 1023 1347 1200 1406; x_wconf 81' lang='lat' dir='ltr'>justitiae</span> <span class='ocrx_word' id='word_1_146' title='bbox 1226 1347 1438 1391; x_wconf 83' lang='lat' dir='ltr'>rationem</span> <span class='ocrx_word' id='word_1_147' title='bbox 1455 1345 1718 1406; x_wconf 82' lang='lat' dir='ltr'>appetendo,</span> 
     </span>
     <span class='ocr_line' id='line_1_18' title="bbox 335 1417 1723 1477; baseline 0.001 -17"><span class='ocrx_word' id='word_1_148' title='bbox 335 1432 412 1460; x_wconf 89' lang='lat' dir='ltr'>seu</span> <span class='ocrx_word' id='word_1_149' title='bbox 442 1417 620 1461; x_wconf 88' lang='lat' dir='ltr'>vitando</span> <span class='ocrx_word' id='word_1_150' title='bbox 643 1452 654 1471; x_wconf 89' lang='lat'>,</span> <span class='ocrx_word' id='word_1_151' title='bbox 692 1417 942 1462; x_wconf 73' lang='lat' dir='ltr'>faciendum</span> <span class='ocrx_word' id='word_1_152' title='bbox 982 1418 1051 1463; x_wconf 91' lang='lat' dir='ltr'>vel</span> <span class='ocrx_word' id='word_1_153' title='bbox 1081 1417 1317 1462; x_wconf 89' lang='lat' dir='ltr'>dicendum</span> <span class='ocrx_word' id='word_1_154' title='bbox 1352 1418 1419 1462; x_wconf 89' lang='lat' dir='ltr'>vel</span> <span class='ocrx_word' id='word_1_155' title='bbox 1441 1417 1723 1477; x_wconf 85' lang='lat' dir='ltr'>cogitandum</span> 
     </span>
     <span class='ocr_line' id='line_1_19' title="bbox 337 1485 1723 1547; baseline 0.002 -18"><span class='ocrx_word' id='word_1_156' title='bbox 337 1486 516 1545; x_wconf 86' lang='lat' dir='ltr'>aliquid,</span> <span class='ocrx_word' id='word_1_157' title='bbox 529 1485 649 1546; x_wconf 85' lang='lat' dir='ltr'>quod</span> <span class='ocrx_word' id='word_1_158' title='bbox 669 1501 758 1531; x_wconf 88' lang='lat' dir='ltr'>non</span> <span class='ocrx_word' id='word_1_159' title='bbox 776 1488 944 1542; x_wconf 82' lang='lat' dir='ltr'>debuit,</span> <span class='ocrx_word' id='word_1_160' title='bbox 961 1488 1049 1532; x_wconf 89' lang='lat' dir='ltr'>sive</span> <span class='ocrx_word' id='word_1_161' title='bbox 1070 1486 1241 1543; x_wconf 80' lang='lat' dir='ltr'>fallens,</span> <span class='ocrx_word' id='word_1_162' title='bbox 1264 1489 1351 1533; x_wconf 90' lang='lat' dir='ltr'>sive</span> <span class='ocrx_word' id='word_1_163' title='bbox 1368 1487 1606 1547; x_wconf 72' lang='lat' dir='ltr'>praevalens</span> <span class='ocrx_word' id='word_1_164' title='bbox 1621 1503 1723 1547; x_wconf 88' lang='lat' dir='ltr'>per-</span> 
     </span>
     <span class='ocr_line' id='line_1_20' title="bbox 336 1557 1724 1619; baseline 0.002 -18"><span class='ocrx_word' id='word_1_165' title='bbox 336 1557 503 1602; x_wconf 85' lang='lat' dir='ltr'>suadet.</span> <span class='ocrx_word' id='word_1_166' title='bbox 523 1561 744 1603; x_wconf 83' lang='lat' dir='ltr'>Postremo</span> <span class='ocrx_word' id='word_1_167' title='bbox 761 1560 793 1603; x_wconf 89' lang='lat' dir='ltr'>si</span> <span class='ocrx_word' id='word_1_168' title='bbox 816 1568 994 1618; x_wconf 83' lang='lat' dir='ltr'>excepto</span> <span class='ocrx_word' id='word_1_169' title='bbox 1015 1559 1090 1604; x_wconf 85' lang='lat' dir='ltr'>illo</span> <span class='ocrx_word' id='word_1_170' title='bbox 1111 1560 1250 1619; x_wconf 85' lang='lat' dir='ltr'>capite</span> <span class='ocrx_word' id='word_1_171' title='bbox 1272 1559 1511 1614; x_wconf 86' lang='lat' dir='ltr'>nostro,sui</span> <span class='ocrx_word' id='word_1_172' title='bbox 1533 1560 1724 1619; x_wconf 87' lang='lat' dir='ltr'>corporis</span> 
     </span>
     <span class='ocr_line' id='line_1_21' title="bbox 336 1628 1723 1691; baseline 0 -18"><span class='ocrx_word' id='word_1_173' title='bbox 336 1629 561 1684; x_wconf 71' lang='lat' dir='ltr'>salvatore,</span> <span class='ocrx_word' id='word_1_174' title='bbox 586 1639 833 1674; x_wconf 82' lang='lat' dir='ltr'>asseruntur</span> <span class='ocrx_word' id='word_1_175' title='bbox 853 1629 922 1675; x_wconf 90' lang='lat' dir='ltr'>vel</span> <span class='ocrx_word' id='word_1_176' title='bbox 945 1628 1089 1685; x_wconf 90' lang='lat' dir='ltr'>fuisse,</span> <span class='ocrx_word' id='word_1_177' title='bbox 1112 1629 1183 1675; x_wconf 87' lang='lat' dir='ltr'>vel</span> <span class='ocrx_word' id='word_1_178' title='bbox 1203 1645 1292 1674; x_wconf 89' lang='lat' dir='ltr'>esse</span> <span class='ocrx_word' id='word_1_179' title='bbox 1314 1630 1359 1674; x_wconf 87' lang='lat' dir='ltr'>in</span> <span class='ocrx_word' id='word_1_180' title='bbox 1381 1630 1462 1674; x_wconf 83' lang='lat' dir='ltr'>hac</span> <span class='ocrx_word' id='word_1_181' title='bbox 1483 1630 1571 1675; x_wconf 83' lang='lat' dir='ltr'>vita</span> <span class='ocrx_word' id='word_1_182' title='bbox 1589 1629 1723 1691; x_wconf 85' lang='lat' dir='ltr'>aliqui</span> 
     </span>
     <span class='ocr_line' id='line_1_22' title="bbox 336 1700 1723 1761; baseline 0.001 -17"><span class='ocrx_word' id='word_1_183' title='bbox 336 1700 531 1744; x_wconf 86' lang='lat' dir='ltr'>homines</span> <span class='ocrx_word' id='word_1_184' title='bbox 548 1701 653 1759; x_wconf 85' lang='lat' dir='ltr'>justi</span> <span class='ocrx_word' id='word_1_185' title='bbox 675 1701 766 1744; x_wconf 86' lang='lat' dir='ltr'>sine</span> <span class='ocrx_word' id='word_1_186' title='bbox 789 1700 935 1761; x_wconf 81' lang='lat' dir='ltr'>aliquo</span> <span class='ocrx_word' id='word_1_187' title='bbox 958 1710 1157 1760; x_wconf 87' lang='lat' dir='ltr'>peccato,</span> <span class='ocrx_word' id='word_1_188' title='bbox 1181 1701 1269 1745; x_wconf 84' lang='lat' dir='ltr'>sive</span> <span class='ocrx_word' id='word_1_189' title='bbox 1286 1716 1513 1760; x_wconf 87' lang='lat' dir='ltr'>nunquam</span> <span class='ocrx_word' id='word_1_190' title='bbox 1538 1716 1723 1746; x_wconf 88' lang='lat' dir='ltr'>consen-</span> 
     </span>
     <span class='ocr_line' id='line_1_23' title="bbox 336 1770 1773 1832; baseline 0.001 -18"><span class='ocrx_word' id='word_1_191' title='bbox 336 1771 484 1815; x_wconf 88' lang='lat' dir='ltr'>tiendo</span> <span class='ocrx_word' id='word_1_192' title='bbox 508 1770 728 1815; x_wconf 88' lang='lat' dir='ltr'>desideriis</span> <span class='ocrx_word' id='word_1_193' title='bbox 744 1772 836 1831; x_wconf 84' lang='lat' dir='ltr'>ejus</span> <span class='ocrx_word' id='word_1_194' title='bbox 850 1806 860 1826; x_wconf 89' lang='lat'>,</span> <span class='ocrx_word' id='word_1_195' title='bbox 883 1772 969 1815; x_wconf 88' lang='lat' dir='ltr'>sive</span> <span class='ocrx_word' id='word_1_196' title='bbox 990 1772 1093 1832; x_wconf 86' lang='lat' dir='ltr'>quia</span> <span class='ocrx_word' id='word_1_197' title='bbox 1111 1787 1190 1830; x_wconf 88' lang='lat' dir='ltr'>pro</span> <span class='ocrx_word' id='word_1_198' title='bbox 1218 1770 1341 1816; x_wconf 91' lang='lat' dir='ltr'>nullo</span> <span class='ocrx_word' id='word_1_199' title='bbox 1358 1780 1535 1830; x_wconf 87' lang='lat' dir='ltr'>peccato</span> <span class='ocrx_word' id='word_1_200' title='bbox 1555 1771 1724 1816; x_wconf 88' lang='lat' dir='ltr'>haben·</span> <span class='ocrx_word' id='word_1_201' title='bbox 1764 1771 1773 1776; x_wconf 85' lang='grc'><strong><em>’</em></strong></span> 
     </span>
     <span class='ocr_line' id='line_1_24' title="bbox 337 1840 1724 1901; baseline 0.002 -18"><span class='ocrx_word' id='word_1_202' title='bbox 337 1840 445 1883; x_wconf 86' lang='lat' dir='ltr'>dum</span> <span class='ocrx_word' id='word_1_203' title='bbox 477 1850 564 1895; x_wconf 88' lang='lat' dir='ltr'>est,</span> <span class='ocrx_word' id='word_1_204' title='bbox 601 1841 722 1900; x_wconf 86' lang='lat' dir='ltr'>quod</span> <span class='ocrx_word' id='word_1_205' title='bbox 752 1850 922 1885; x_wconf 77' lang='lat' dir='ltr'>tantum</span> <span class='ocrx_word' id='word_1_206' title='bbox 940 1851 1042 1900; x_wconf 23' lang='lat' dir='ltr'>best,</span> <span class='ocrx_word' id='word_1_207' title='bbox 1077 1851 1126 1886; x_wconf 87' lang='lat' dir='ltr'>ut</span> <span class='ocrx_word' id='word_1_208' title='bbox 1154 1843 1238 1886; x_wconf 93' lang='lat' dir='ltr'>hoc</span> <span class='ocrx_word' id='word_1_209' title='bbox 1256 1842 1404 1900; x_wconf 86' lang='lat' dir='ltr'>pietati</span> <span class='ocrx_word' id='word_1_210' title='bbox 1429 1857 1519 1886; x_wconf 88' lang='lat' dir='ltr'>non</span> <span class='ocrx_word' id='word_1_211' title='bbox 1536 1842 1724 1901; x_wconf 88' lang='lat' dir='ltr'>imputet</span> 
     </span>
     <span class='ocr_line' id='line_1_25' title="bbox 336 1911 1724 1971; baseline 0.001 -17"><span class='ocrx_word' id='word_1_212' title='bbox 336 1914 448 1956; x_wconf 88' lang='lat' dir='ltr'>Deus</span> <span class='ocrx_word' id='word_1_213' title='bbox 461 1945 471 1965; x_wconf 94' lang='lat'>,</span> <span class='ocrx_word' id='word_1_214' title='bbox 496 1914 512 1966; x_wconf 88' lang='lat'><strong>(</strong></span> <span class='ocrx_word' id='word_1_215' title='bbox 527 1911 723 1970; x_wconf 84' lang='lat' dir='ltr'>quamvis</span> <span class='ocrx_word' id='word_1_216' title='bbox 745 1911 866 1955; x_wconf 84' lang='lat' dir='ltr'>aliter</span> <span class='ocrx_word' id='word_1_217' title='bbox 881 1913 935 1956; x_wconf 88' lang='lat' dir='ltr'>sit</span> <span class='ocrx_word' id='word_1_218' title='bbox 951 1912 1103 1956; x_wconf 87' lang='lat' dir='ltr'>beatus</span> <span class='ocrx_word' id='word_1_219' title='bbox 1119 1913 1210 1956; x_wconf 87' lang='lat' dir='ltr'>sine</span> <span class='ocrx_word' id='word_1_220' title='bbox 1227 1921 1421 1971; x_wconf 84' lang='lat' dir='ltr'>peccato,</span> <span class='ocrx_word' id='word_1_221' title='bbox 1441 1912 1564 1957; x_wconf 82' lang='lat' dir='ltr'>aliter</span> <span class='ocrx_word' id='word_1_222' title='bbox 1578 1921 1724 1957; x_wconf 83' lang='lat' dir='ltr'>autem</span> 
     </span>
     <span class='ocr_line' id='line_1_26' title="bbox 336 1982 1722 2042; baseline 0.003 -18"><span class='ocrx_word' id='word_1_223' title='bbox 336 1982 486 2024; x_wconf 87' lang='lat' dir='ltr'>beatus</span> <span class='ocrx_word' id='word_1_224' title='bbox 513 1982 584 2025; x_wconf 92' lang='lat' dir='ltr'>cui</span> <span class='ocrx_word' id='word_1_225' title='bbox 605 1997 695 2026; x_wconf 89' lang='lat' dir='ltr'>non</span> <span class='ocrx_word' id='word_1_226' title='bbox 720 1982 907 2041; x_wconf 86' lang='lat' dir='ltr'>imputat</span> <span class='ocrx_word' id='word_1_227' title='bbox 932 1983 1143 2027; x_wconf 89' lang='lat' dir='ltr'>Dominus</span> <span class='ocrx_word' id='word_1_228' title='bbox 1164 1985 1459 2042; x_wconf 88' lang='lat' dir='ltr'>peccatum⁵,)</span> <span class='ocrx_word' id='word_1_229' title='bbox 1481 1998 1571 2028; x_wconf 90' lang='lat' dir='ltr'>non</span> <span class='ocrx_word' id='word_1_230' title='bbox 1595 1984 1722 2028; x_wconf 88' lang='lat' dir='ltr'>nimis</span> 
     </span>
     <span class='ocr_line' id='line_1_27' title="bbox 336 2050 1718 2113; baseline 0.004 -20"><span class='ocrx_word' id='word_1_231' title='bbox 336 2051 530 2095; x_wconf 79' lang='lat' dir='ltr'>existimo</span> <span class='ocrx_word' id='word_1_232' title='bbox 552 2050 871 2096; x_wconf 82' lang='lat' dir='ltr'>reluctandum.</span> <span class='ocrx_word' id='word_1_233' title='bbox 897 2053 993 2097; x_wconf 88' lang='lat' dir='ltr'>Scio</span> <span class='ocrx_word' id='word_1_234' title='bbox 1011 2054 1126 2096; x_wconf 92' lang='lat' dir='ltr'>enim</span> <span class='ocrx_word' id='word_1_235' title='bbox 1147 2053 1412 2113; x_wconf 86' lang='lat' dir='ltr'>quibusdam</span> <span class='ocrx_word' id='word_1_236' title='bbox 1431 2068 1520 2098; x_wconf 91' lang='lat' dir='ltr'>esse</span> <span class='ocrx_word' id='word_1_237' title='bbox 1531 2054 1673 2099; x_wconf 89' lang='lat' dir='ltr'>visum</span> <span class='ocrx_word' id='word_1_238' title='bbox 1685 2055 1718 2109; x_wconf 64' lang='grc' dir='ltr'>ὃ,</span> 
     </span>
     <span class='ocr_line' id='line_1_28' title="bbox 335 2121 1720 2182; baseline 0.003 -18"><span class='ocrx_word' id='word_1_239' title='bbox 335 2137 524 2181; x_wconf 88' lang='lat' dir='ltr'>quorum</span> <span class='ocrx_word' id='word_1_240' title='bbox 546 2121 601 2165; x_wconf 92' lang='lat' dir='ltr'>de</span> <span class='ocrx_word' id='word_1_241' title='bbox 622 2122 705 2166; x_wconf 90' lang='lat' dir='ltr'>hac</span> <span class='ocrx_word' id='word_1_242' title='bbox 734 2137 778 2166; x_wconf 88' lang='lat' dir='ltr'>re</span> <span class='ocrx_word' id='word_1_243' title='bbox 810 2123 1069 2166; x_wconf 83' lang='lat' dir='ltr'>sententiam</span> <span class='ocrx_word' id='word_1_244' title='bbox 1094 2137 1184 2167; x_wconf 90' lang='lat' dir='ltr'>non</span> <span class='ocrx_word' id='word_1_245' title='bbox 1207 2123 1347 2167; x_wconf 86' lang='lat' dir='ltr'>audeo</span> <span class='ocrx_word' id='word_1_246' title='bbox 1378 2124 1720 2182; x_wconf 89' lang='lat' dir='ltr'>reprehendere,</span> 
     </span>
     <span class='ocr_line' id='line_1_29' title="bbox 335 2192 1724 2254; baseline 0.004 -20"><span class='ocrx_word' id='word_1_247' title='bbox 335 2207 587 2251; x_wconf 85' lang='lat' dir='ltr'>quanquam</span> <span class='ocrx_word' id='word_1_248' title='bbox 603 2207 682 2236; x_wconf 89' lang='lat' dir='ltr'>nec</span> <span class='ocrx_word' id='word_1_249' title='bbox 704 2192 939 2237; x_wconf 84' lang='lat' dir='ltr'>defendere</span> <span class='ocrx_word' id='word_1_250' title='bbox 956 2192 1140 2238; x_wconf 85' lang='lat' dir='ltr'>valeam.</span> <span class='ocrx_word' id='word_1_251' title='bbox 1168 2193 1252 2238; x_wconf 88' lang='lat' dir='ltr'>Sed</span> <span class='ocrx_word' id='word_1_252' title='bbox 1276 2193 1408 2252; x_wconf 83' lang='lat' dir='ltr'>plane</span> <span class='ocrx_word' id='word_1_253' title='bbox 1429 2194 1624 2254; x_wconf 89' lang='lat' dir='ltr'>quisquis</span> <span class='ocrx_word' id='word_1_254' title='bbox 1646 2210 1724 2239; x_wconf 87' lang='lat' dir='ltr'>ne-</span> 
     </span>
     <span class='ocr_line' id='line_1_30' title="bbox 337 2265 1723 2327; baseline 0.004 -21"><span class='ocrx_word' id='word_1_255' title='bbox 337 2272 423 2320; x_wconf 84' lang='lat' dir='ltr'>gat,</span> <span class='ocrx_word' id='word_1_256' title='bbox 448 2279 525 2307; x_wconf 86' lang='lat' dir='ltr'>nos</span> <span class='ocrx_word' id='word_1_257' title='bbox 546 2279 668 2308; x_wconf 87' lang='lat' dir='ltr'>orare</span> <span class='ocrx_word' id='word_1_258' title='bbox 690 2265 864 2320; x_wconf 87' lang='lat' dir='ltr'>debere,</span> <span class='ocrx_word' id='word_1_259' title='bbox 886 2281 940 2309; x_wconf 93' lang='lat' dir='ltr'>ne</span> <span class='ocrx_word' id='word_1_260' title='bbox 954 2266 1164 2309; x_wconf 87' lang='lat' dir='ltr'>intremus</span> <span class='ocrx_word' id='word_1_261' title='bbox 1181 2266 1225 2309; x_wconf 90' lang='lat' dir='ltr'>in</span> <span class='ocrx_word' id='word_1_262' title='bbox 1240 2267 1524 2311; x_wconf 84' lang='lat' dir='ltr'>tentationem</span> <span class='ocrx_word' id='word_1_263' title='bbox 1545 2285 1554 2312; x_wconf 74' lang='grc' dir='ltr'>ε</span> <span class='ocrx_word' id='word_1_264' title='bbox 1574 2269 1723 2327; x_wconf 85' lang='lat' dir='ltr'>(negat</span> 
     </span>
     <span class='ocr_line' id='line_1_31' title="bbox 341 2335 1723 2397; baseline 0.006 -22"><span class='ocrx_word' id='word_1_265' title='bbox 341 2342 484 2377; x_wconf 84' lang='lat' dir='ltr'>autem</span> <span class='ocrx_word' id='word_1_266' title='bbox 514 2335 597 2378; x_wconf 90' lang='lat' dir='ltr'>hoc</span> <span class='ocrx_word' id='word_1_267' title='bbox 624 2335 699 2394; x_wconf 85' lang='lat' dir='ltr'>qui</span> <span class='ocrx_word' id='word_1_268' title='bbox 723 2336 950 2380; x_wconf 89' lang='lat' dir='ltr'>contendit</span> <span class='ocrx_word' id='word_1_269' title='bbox 977 2336 1031 2380; x_wconf 85' lang='lat' dir='ltr'>ad</span> <span class='ocrx_word' id='word_1_270' title='bbox 1063 2351 1152 2381; x_wconf 90' lang='lat' dir='ltr'>non</span> <span class='ocrx_word' id='word_1_271' title='bbox 1181 2336 1623 2397; x_wconf 82' lang='lat' dir='ltr'>peccandumgratiae</span> <span class='ocrx_word' id='word_1_272' title='bbox 1647 2339 1723 2383; x_wconf 92' lang='lat' dir='ltr'>Dei</span> 
     </span>
    </p>
   </div>
   <div class='ocr_carea' id='block_1_3' title="bbox 342 2455 1722 2557">
    <p class='ocr_par' dir='ltr' id='par_1_3' title="bbox 342 2455 1722 2557">
     <span class='ocr_line' id='line_1_32' title="bbox 390 2455 1722 2501; baseline 0.006 -18"><span class='ocrx_word' id='word_1_273' title='bbox 390 2460 397 2475; x_wconf 88' lang='lat'>¹</span> <span class='ocrx_word' id='word_1_274' title='bbox 420 2456 510 2485; x_wconf 74' lang='grc'>110111.</span> <span class='ocrx_word' id='word_1_275' title='bbox 538 2465 591 2495; x_wconf 84' lang='lat' dir='ltr'>vi,</span> <span class='ocrx_word' id='word_1_276' title='bbox 628 2463 678 2487; x_wconf 83' lang='lat'>12.</span> <span class='ocrx_word' id='word_1_277' title='bbox 697 2473 737 2478; x_wconf 89' lang='lat'>-</span> <span class='ocrx_word' id='word_1_278' title='bbox 759 2463 771 2478; x_wconf 80' lang='lat'>²</span> <span class='ocrx_word' id='word_1_279' title='bbox 792 2457 912 2488; x_wconf 76' lang='lat' dir='ltr'>Matth.</span> <span class='ocrx_word' id='word_1_280' title='bbox 933 2468 978 2498; x_wconf 82' lang='lat' dir='ltr'>vi,</span> <span class='ocrx_word' id='word_1_281' title='bbox 1004 2466 1055 2489; x_wconf 79' lang='lat'>12.</span> <span class='ocrx_word' id='word_1_282' title='bbox 1081 2474 1122 2480; x_wconf 89' lang='lat'>—</span> <span class='ocrx_word' id='word_1_283' title='bbox 1139 2455 1153 2480; x_wconf 83' lang='lat'><strong>3</strong></span> <span class='ocrx_word' id='word_1_284' title='bbox 1182 2457 1263 2490; x_wconf 86' lang='lat' dir='ltr'>lbid.</span> <span class='ocrx_word' id='word_1_285' title='bbox 1300 2459 1351 2491; x_wconf 83' lang='lat'>13.</span> <span class='ocrx_word' id='word_1_286' title='bbox 1367 2476 1407 2482; x_wconf 93' lang='lat'>—</span> <span class='ocrx_word' id='word_1_287' title='bbox 1426 2457 1443 2484; x_wconf 75' lang='lat' dir='ltr'>l⁴</span> <span class='ocrx_word' id='word_1_288' title='bbox 1469 2459 1582 2492; x_wconf 84' lang='lat' dir='ltr'>Jacob.</span> <span class='ocrx_word' id='word_1_289' title='bbox 1602 2469 1660 2501; x_wconf 83' lang='lat'>111,</span> <span class='ocrx_word' id='word_1_290' title='bbox 1689 2467 1722 2492; x_wconf 88' lang='lat'>2.</span> 
     </span>
     <span class='ocr_line' id='line_1_33' title="bbox 342 2507 1632 2557; baseline 0.005 -17"><span class='ocrx_word' id='word_1_291' title='bbox 342 2525 382 2530; x_wconf 88' lang='lat'>—-</span> <span class='ocrx_word' id='word_1_292' title='bbox 401 2507 415 2531; x_wconf 84' lang='lat'><em>5</em></span> <span class='ocrx_word' id='word_1_293' title='bbox 441 2510 519 2543; x_wconf 75' lang='lat' dir='ltr'>Psal.</span> <span class='ocrx_word' id='word_1_294' title='bbox 550 2520 634 2551; x_wconf 78' lang='lat' dir='ltr'>xxxi,</span> <span class='ocrx_word' id='word_1_295' title='bbox 655 2521 686 2543; x_wconf 87' lang='lat'>2.</span> <span class='ocrx_word' id='word_1_296' title='bbox 703 2528 743 2534; x_wconf 92' lang='lat'>—-</span> <span class='ocrx_word' id='word_1_297' title='bbox 758 2511 774 2534; x_wconf 70' lang='grc' dir='ltr'>ὓ</span> <span class='ocrx_word' id='word_1_298' title='bbox 793 2512 873 2545; x_wconf 78' lang='lat' dir='ltr'>Vide</span> <span class='ocrx_word' id='word_1_299' title='bbox 890 2512 1007 2546; x_wconf 85' lang='lat' dir='ltr'>librum</span> <span class='ocrx_word' id='word_1_300' title='bbox 1025 2512 1064 2546; x_wconf 84' lang='lat' dir='ltr'>de</span> <span class='ocrx_word' id='word_1_301' title='bbox 1087 2515 1205 2547; x_wconf 72' lang='lat' dir='ltr'>Natura</span> <span class='ocrx_word' id='word_1_302' title='bbox 1228 2518 1261 2546; x_wconf 79' lang='lat' dir='ltr'>et</span> <span class='ocrx_word' id='word_1_303' title='bbox 1276 2514 1394 2556; x_wconf 83' lang='lat' dir='ltr'>Gratia,</span> <span class='ocrx_word' id='word_1_304' title='bbox 1414 2525 1444 2548; x_wconf 86' lang='lat' dir='ltr'>n.</span> <span class='ocrx_word' id='word_1_305' title='bbox 1463 2514 1504 2557; x_wconf 73' lang='lat'>74</span> <span class='ocrx_word' id='word_1_306' title='bbox 1528 2518 1562 2548; x_wconf 84' lang='lat' dir='ltr'>et</span> <span class='ocrx_word' id='word_1_307' title='bbox 1580 2514 1632 2557; x_wconf 85' lang='lat'>75.</span> 
     </span>
    </p>
   </div>
  </div>
 </body>
</html>
