1784 3205
321 226 403 265 354
756 241 787 264 s.
826 236 1055 264 AUGUSTINI
1088 235 1270 262 EPISCOPI

319 306 409 362 ejus
431 338 442 358 ,
473 312 516 346 et
546 302 673 346 nobis
702 303 747 345 in
773 301 915 345 verbis
953 301 1044 360 ejus
1079 300 1294 358 apparuit.
1320 299 1429 344 Nam
1456 297 1490 341 si
1512 310 1583 340 eos
1601 330 1612 350 ‚
1649 295 1704 339 de

314 374 474 432 quibus
505 388 594 417 non
626 373 838 430 scriptum
869 379 933 414 est
964 379 1114 414 utrum
1143 369 1309 413 fuerint
1342 366 1576 426 baptizati,
1613 366 1707 409 sine

314 443 531 502 baptismo
559 443 614 487 de
641 443 723 486 hac
754 442 844 486 vita
871 441 1092 485 recessisse
1126 439 1432 484 contendimus
1457 459 1469 495 3
1499 437 1603 496 ipsis
1634 451 1706 480 ca-

315 513 584 557 lumniamur
623 512 844 572 Apostolis
868 547 880 567 ‚
920 512 995 571 qui
1036 520 1194 570 praeter
1231 509 1476 569 apostolum
1520 506 1706 551 Paulum

314 585 493 642 quando
518 584 726 642 baptizati
750 582 913 626 fuerint
932 583 1182 640 ignoramus
1201 582 1231 623 ¹.
1257 578 1341 624 Sed
1363 579 1396 622 si
1426 579 1540 636 ipsos
1561 576 1707 634 bapti-

311 663 427 697 zatos
450 669 538 697 esse
560 668 638 712 per
663 654 747 697 hoc
770 652 896 696 nobis
917 652 1189 696 innotescere
1213 649 1359 710 potuit
1383 683 1394 704 ‚
1430 647 1550 707 quod
1580 647 1710 690 beato

320 727 448 767 Petro
477 725 687 767 Dominus
713 724 772 767 ait
803 742 811 766 :
842 741 859 762 «
886 723 970 776 Qui
995 722 1111 767 lotus
1136 730 1200 765 est
1219 756 1229 776 ,
1254 735 1343 764 non
1365 717 1532 776 indiget
1551 715 1632 760 nisi
1659 725 1709 760 ut

320 810 341 834 »
367 793 497 851 pedes
524 793 640 837 lavet
663 796 680 820 ²
705 812 714 837 ε
743 811 763 834 »
789 792 896 852 quid
928 791 983 836 de
1012 791 1125 846 aliis,
1147 791 1202 835 de
1220 790 1379 851 quibus
1395 788 1465 833 vel
1490 787 1575 833 tale
1599 785 1712 831 nihit

319 862 506 921 legimus
535 862 719 918 dictum,
752 862 806 906 de
834 862 1050 917 Barnaba,
1075 862 1130 906 de
1153 861 1405 914 Timotheo,
1432 860 1487 903 de
1512 858 1631 912 Tito,
1654 855 1712 900 de

321 931 428 987 Sila,
452 932 507 977 de
526 932 780 978 Philemone
796 968 806 988 ‚
835 932 890 977 de
912 934 1013 992 ipsis
1034 932 1307 990 evangelistis
1328 933 1477 976 Marco
1502 937 1544 972 et
1569 930 1708 982 Luca,

318 1002 372 1044 de
398 1002 790 1046 innumerabilibus
808 1003 973 1047 caeteris
1001 1022 1010 1046 :
1036 1017 1146 1062 quos
1169 1001 1280 1046 absit
1299 1010 1349 1045 ut
1365 1000 1604 1060 baptizatos
1621 1011 1712 1042 esse

318 1071 572 1117 dubitemus
593 1107 604 1126 ,
642 1074 841 1132 quamvis
869 1088 959 1117 non
991 1072 1186 1131 legamus
1224 1074 1242 1115 P
1277 1072 1527 1116 Dinocrates
1566 1077 1712 1113 autem

319 1143 538 1198 septennis
570 1158 680 1200 puer
697 1177 707 1196 ,
740 1143 786 1186 in
812 1142 972 1201 quibus
996 1143 1119 1186 annis
1140 1142 1265 1200 pueri
1287 1156 1389 1185 cum
1407 1140 1709 1199 baptizantur,

316 1213 404 1270 jam
427 1212 686 1268 Symbolum
707 1212 916 1267 reddunt,
937 1222 980 1256 et
1002 1228 1083 1271 pro
1111 1227 1154 1256 se
1176 1212 1257 1270 ipsi
1279 1212 1333 1256 ad
1351 1212 1610 1268 interrogata
1625 1223 1714 1253 res-

321 1280 518 1339 pondent
535 1316 546 1336 ‚
571 1296 650 1325 cur
671 1297 760 1326 non
782 1281 863 1325 tibi
886 1282 1001 1325 visus
1030 1281 1162 1325 suerit
1183 1281 1423 1340 baptizatus
1441 1279 1634 1339 potuisse
1656 1278 1712 1322 ab

323 1350 456 1409 impio
485 1361 607 1409 patre
641 1350 697 1394 ad
725 1350 954 1409 gentilium
977 1350 1200 1410 sacrilegia
1223 1351 1445 1404 revocari,
1479 1358 1523 1393 et
1543 1348 1602 1393 ob
1629 1348 1714 1392 hoc

323 1421 456 1465 fuisse
486 1422 531 1465 in
556 1423 697 1481 poenis
718 1457 728 1477 ‚
759 1423 814 1465 de
843 1422 1003 1482 quibu-s
1029 1436 1174 1466 sorore
1213 1430 1363 1466 orante
1400 1420 1609 1465 liberatus
1631 1426 1709 1473 est,

324 1492 484 1537 nescio.
506 1495 659 1551 Neque
686 1493 800 1536 enim
831 1501 874 1535 et
904 1493 1047 1551 ipsum
1071 1492 1140 1537 vel
1161 1506 1392 1552 nunquam
1413 1489 1545 1534 fuisse
1561 1488 1713 1534 Chris-

326 1562 494 1604 tianum
515 1596 527 1615 ,
561 1562 631 1605 vel
666 1563 1033 1606 catechumenum
1070 1560 1330 1606 defunctum
1370 1560 1500 1604 fuisse
1533 1558 1715 1618 legisti?

328 1633 589 1691 Quanquam
618 1633 708 1691 ipsa
728 1632 842 1677 lecto
858 1648 946 1677 non
974 1633 1089 1676 sitin
1109 1647 1161 1677 eo
1183 1648 1350 1677 canone
1375 1632 1711 1691 Scripturarum,

327 1700 446 1744 unde
479 1702 525 1744 in
556 1701 807 1760 hujusmodi
830 1701 1144 1762 quaestionibus
1179 1702 1426 1746 testimonia
1453 1698 1715 1760 proferenda

328 1778 445 1813 sunt.

386 1840 511 1882 XIII.
548 1838 647 1884 Noli
669 1839 870 1895 credere,
902 1855 983 1884 nec
1012 1840 1155 1884 dicere
1175 1874 1186 1894 ‚
1212 1854 1293 1883 nec
1317 1838 1474 1884 docere
1498 1872 1509 1892 ,
1550 1855 1571 1879 «
1595 1839 1714 1890 Quos

328 1908 538 1952 Dominus
570 1909 896 1967 praedestinavit
926 1909 985 1954 ,ad
1020 1909 1286 1968 baptismum
1307 1946 1319 1964 ,
1344 1905 1715 1968 praedestinationi

327 1980 418 2038 ejus
438 1980 545 2038 eripi
566 1995 705 2038 posse,
731 1989 774 2024 et
800 1990 900 2024 ante
922 1980 1105 2038 defungi
1127 1995 1259 2040 quam
1289 1981 1333 2023 in
1362 1980 1421 2024 eis
1446 1978 1578 2023 fuerit
1595 1975 1715 2037 quod

329 2048 604 2106 omnipotens
622 2049 942 2107 praedestinavit
958 2048 1203 2108 impletum,
1219 2049 1252 2093 si
1268 2049 1331 2094 vis
1348 2064 1438 2093 esse
1458 2047 1710 2092 catholicus.

329 2117 482 2161 Nescio
510 2118 625 2161 enim
647 2133 746 2177 quae
767 2119 836 2162 hic
863 2128 1049 2178 potestas
1077 2128 1227 2163 contra
1258 2128 1518 2177 potestatem
1539 2117 1620 2162 Dei
1639 2131 1714 2161 ca-

330 2186 446 2230 sibus
483 2185 636 2242 datur,
666 2188 825 2246 quibus
848 2188 1113 2232 irruentibus
1146 2187 1266 2246 quod
1296 2188 1369 2231 ille
1391 2185 1714 2247 praedestinavit

330 2258 423 2301 fieri
455 2272 545 2302 non
585 2258 763 2302 sinatur.
800 2259 879 2303 Hic
915 2274 1034 2303 error
1061 2268 1224 2318 quanta
1264 2267 1479 2303 errantem
1509 2258 1714 2316 voragine

326 2326 558 2385 impietatis
578 2327 822 2383 absorbeat,
843 2343 1098 2387 exaggerare
1118 2343 1207 2372 non
1229 2343 1340 2386 opus
1362 2337 1427 2373 est
1448 2349 1459 2386 3
1487 2343 1586 2373 cum
1603 2342 1711 2386 pru-

327 2394 504 2439 dentem
538 2398 680 2442 virum
708 2408 752 2443 et
786 2399 942 2458 corrigi
973 2407 1172 2458 paratum
1210 2399 1397 2443 breviter
1436 2397 1711 2443 admonuisse

327 2464 527 2509 sufficiat.
556 2469 646 2510 Tua
669 2469 829 2527 quippe
850 2469 930 2513 ista
951 2478 1052 2513 sunt
1071 2468 1201 2513 verba
1227 2487 1235 2512 :
1266 2486 1283 2508 «
1310 2467 1570 2513 Habendam
1598 2467 1711 2512 dici-

373 2557 382 2571 1
403 2551 476 2582 Act.
503 2561 548 2591 rx,
573 2554 622 2584 18.
637 2568 674 2575 —
693 2559 706 2574 ²
723 2554 816 2584 Joan.
834 2563 909 2594 xm,
935 2565 984 2587 ιο.
