1804 3205
0 2852 10 3205 ffiv—-J—vss-n-w--v-
0 2827 1 2832 Α
0 2760 2 2801 w>
0 2710 1 2742 ⁴⁴
0 2646 1 2654 ⁴

391 210 472 235 mn.
503 209 550 234 11.
587 209 641 235 niz
675 208 855 235 περιτο
887 207 1123 235 omnium.
1374 195 1447 233 171

68 273 287 318 mortuis¹.
318 276 468 331 ttaque
493 273 584 316 sine
618 273 695 317 ista
731 273 839 327 fide,
872 273 953 316 hoc
975 280 1063 326 est,
1089 271 1182 314 sine
1209 270 1294 313 {ide
1327 272 1454 315 unius

66 345 314 389 mediatoris
347 345 422 388 Dei
453 353 496 387 et
528 345 752 388 hominum
787 344 972 388 hominis
1004 343 1165 387 Christi
1201 344 1330 394 Jesu,
1363 343 1455 385 sino

67 414 175 469 fide,
202 416 401 475 inquam,
430 415 752 458 resurrectionis
788 416 905 474 ejus,
943 428 1075 473 quam
1111 416 1221 456 Deus
1251 411 1455 456 omnibus

64 485 282 540 definivit,
307 501 407 545 quae
430 486 584 544 utique
601 486 692 528 sine
714 485 1009 530 incarnatione.
1027 485 1118 544 ejus
1135 498 1183 527 ac
1205 492 1345 527 morte
1367 497 1456 526 non

67 564 208 615 potest
226 556 436 600 veraciter
452 555 569 599 credi
587 576 597 612 3
623 556 713 599 sine
732 554 818 599 fide
835 570 938 613 ergo
956 553 1264 598 incarnationis
1285 561 1327 595 et
1346 567 1458 595 mor-

67 626 118 669 tis
141 634 184 670 et
213 626 536 670 resurrectionis
559 625 744 680 Christi,
771 640 850 670 nec
873 626 1075 685 antiquos
1094 626 1233 683 justos
1250 657 1260 677 ,
1288 631 1336 666 ut
1353 622 1457 681 justi

67 705 224 749 essent,
251 712 273 739 a
298 696 485 755 peccatis
518 696 712 755 potuisse
735 696 953 751 mundari,
978 704 1021 739 et
1045 695 1120 739 Dei
1143 693 1277 751 gratia
1295 693 1458 752 justifi-

67 766 176 820 cari,
198 767 353 810 veritas
377 766 609 810 christiana
631 781 717 810 non
737 765 909 810 dubitat
931 785 939 809 z
959 766 1046 809 sive
1067 765 1110 807 in
1128 764 1187 807 eis
1204 764 1330 823 justis
1350 777 1458 821 quos

68 846 215 880 sancta
242 837 462 896 Scriptura
484 846 819 890 commemorat,
841 837 929 880 sive
951 837 995 879 in
1014 834 1210 894 eisjustis
1233 848 1342 893 quos
1358 834 1459 892 qui·

67 906 165 950 dem
198 906 270 950 itta
306 922 392 950 non
427 916 766 960 commemorat,
795 908 868 950 sed
903 916 1047 950 tamen
1086 905 1216 948 fuisse
1249 903 1458 948 credendi

66 985 192 1030 sunt,
218 977 286 1020 vel
307 987 406 1021 ante
421 976 659 1031 diluvium,
686 977 755 1020 vel
778 976 879 1020 inde
898 991 1034 1036 usque
1055 976 1108 1019 ad
1132 974 1270 1033 legem
1291 973 1457 1027 datam,

67 1046 133 1091 vel
164 1048 294 1106 ipsius
321 1048 422 1106 legis
450 1056 670 1107 tempore,
696 1062 785 1091 non
813 1047 951 1091 solum
977 1047 1021 1090 in
1044 1041 1144 1090 filiis
1171 1043 1324 1099 lsrael,
1346 1044 1459 1088 sicut

69 1116 249 1162 fuerunt
280 1119 506 1177 Prophetae
523 1153 534 1172 ,
561 1116 634 1162 sed
667 1118 797 1162 etiam
827 1126 946 1161 extra
972 1116 1177 1160 eumdem
1212 1114 1426 1175 populum
1446 1149 1457 1169 ,

74 1189 184 1232 sicut
198 1188 281 1232 fuit
303 1189 402 1233 Job.
431 1191 486 1232 Et
510 1189 702 1248 ipsorum
718 1189 833 1231 enim
856 1187 986 1232 corda
1011 1187 1162 1230 eadem
1187 1185 1464 1229 mundaban-

70 1268 140 1303 tur
161 1260 410 1304 mediatoris
436 1259 537 1314 tide,
560 1268 602 1303 et
632 1258 967 1303 diffundebatur
1001 1259 1046 1301 in
1078 1258 1138 1301 eis
1170 1257 1355 1301 charitas
1387 1270 1463 1314 per

72 1330 276 1388 Spiritum
298 1331 541 1383 sanetum2,
568 1331 642 1389 qui
673 1330 749 1373 ubi
777 1328 871 1373 vult
899 1330 1078 1388 spiratss,
1102 1343 1191 1372 non
1218 1327 1371 1370 merita
1393 1341 1463 1370 se-

70 1414 233 1459 quens,
260 1401 334 1443 sed
359 1399 486 1443 etiam
512 1399 601 1459 ipsa
624 1400 776 1443 merita
800 1398 973 1442 faciens.
1003 1401 1100 1443 Non
1125 1398 1238 1441 enim
1265 1397 1340 1440 Dei
1364 1411 1463 1455 gra-

73 1471 126 1515 tia
151 1470 232 1514 erit
248 1470 338 1515 ullo
361 1470 508 1524 modo,
536 1470 614 1514 nisi
637 1471 823 1528 gratuita
849 1468 979 1513 fuerit
994 1469 1112 1512 omni
1135 1467 1280 1512 modo.

132 1543 296 1584 XXIX.
324 1539 532 1594 Quamvis
552 1555 653 1598 ergo
676 1556 790 1585 mors
819 1539 1063 1599 regnaverit
1091 1540 1147 1583 ab
1168 1537 1307 1583 Adam
1326 1551 1466 1597 usque

71 1610 123 1656 ad
148 1614 344 1669 Moysen,
371 1612 473 1671 quia
496 1626 586 1656 non
605 1626 700 1655 eam
714 1611 859 1671 potuit
880 1612 1053 1655 vincere
1072 1624 1152 1654 nec
1172 1608 1242 1652 lex
1264 1609 1364 1652 data
1389 1622 1466 1666 per

72 1683 311 1740 Moysen⁴3
342 1697 431 1726 non
461 1683 577 1727 enim
607 1683 707 1727 data
735 1690 799 1725 est
826 1696 926 1740 quae
956 1689 1097 1739 posset
1126 1679 1365 1733 vivificare,
1390 1677 1466 1722 sed

72 1767 172 1812 quae
194 1762 388 1797 mortuos
403 1755 434 1807 ⁵,
460 1753 621 1814 quibus
638 1751 906 1797 vivificandis
923 1760 1032 1795 esset
1057 1749 1192 1809 gratia
1207 1749 1462 1801 necessaria,

73 1837 162 1867 non
181 1821 321 1867 solum
345 1824 509 1882 peccati
540 1823 851 1882 propagatione
875 1831 918 1865 et
943 1820 1242 1865 dominatione
1272 1828 1465 1877 prostra-

76 1902 140 1937 tos
155 1927 166 1946 ,
193 1907 342 1936 verum
366 1894 495 1936 etiam
518 1893 651 1951 ipsius
680 1892 783 1949 legis
809 1891 955 1935 addita
980 1889 1333 1950 praevaricatione
1355 1903 1466 1932 con-

75 1963 231 2018 victos,
258 1963 439 2006 deberet
460 1962 712 2019 ostendere,
740 1977 829 2005 non
852 1970 902 2004 ut
922 1961 1078 2020 periret
1099 1960 1293 2019 quisquis
1316 1960 1398 2003 hoc
1423 1959 1466 2002 in

76 2034 152 2077 Dei
170 2033 464 2078 misericordia
480 2033 608 2077 etiam
626 2041 729 2076 tunc
745 2030 1020 2090 intelligeret,
1037 2030 1112 2075 sed
1130 2039 1180 2074 ut
1194 2045 1271 2088 per
1284 2044 1466 2088 regnum

76 2103 226 2147 mortis
252 2103 305 2147 ad
323 2102 585 2162 supplicium
609 2101 873 2156 destinatus,
902 2103 1032 2145 etiam
1050 2100 1131 2145 sibi
1153 2101 1233 2158 ipsi
1256 2115 1333 2159 per
1354 2114 1467 2158 prae-

76 2175 382 2219 varicationem
419 2173 523 2232 legis
557 2171 879 2227 manifestatus,
921 2172 995 2215 Dei
1035 2180 1252 2230 quaereret
1291 2170 1466 2229 adjuto-

77 2245 205 2300 rium,
223 2254 272 2289 ut
290 2245 364 2289 ubi
378 2244 615 2289 abundavit
634 2252 877 2303 peceatum,
893 2242 1268 2302 superabundaret
1287 2241 1464 2299 gratia⁰,

77 2331 176 2375 quae
197 2315 286 2360 sola
317 2315 469 2359 liberat
492 2330 514 2358 a
540 2329 721 2374 corpore
748 2314 898 2357 mortis
927 2314 1079 2372 hujus⁷
1109 2332 1118 2357 :
1145 2313 1342 2371 quamvis
1364 2326 1468 2370 ergo

82 2401 161 2429 nec
200 2385 267 2429 lex
297 2400 374 2445 per
414 2388 598 2443 Moysen
633 2385 734 2429 data
766 2383 957 2443 potuerit
990 2399 1012 2428 a
1040 2398 1263 2443 quoquam
1292 2382 1468 2426 homine

127 2494 136 2509 ¹
161 2490 234 2519 Act.
266 2498 347 2527 xvir,
376 2486 429 2519 31.
450 2493 514 2509 —2
536 2489 625 2519 Rom.
648 2497 680 2524 v,
711 2486 742 2516 5.
765 2502 805 2507 -
826 2484 838 2507 3
868 2487 960 2517 Joan.
986 2497 1017 2526 v,
1046 2485 1077 2517 8.
1094 2503 1135 2508 —
1153 2484 1168 2514 4
1191 2487 1280 2517 Rom.
1303 2495 1336 2520 v,
1360 2483 1408 2524 14.
1426 2499 1466 2505 -

80 2543 94 2566 5
112 2543 180 2577 Gal.
203 2555 252 2585 ιιι,
273 2541 407 2577 21.-⁶
422 2545 513 2578 Rom.
531 2553 564 2584 v,
586 2549 717 2576 20.—-7
740 2542 787 2576 Id.
813 2551 867 2583 vu,
886 2541 939 2575 25.
