1784 3205
347 235 430 273 316
768 250 798 273 s.
843 248 855 271 α
869 247 936 273 ixei
954 245 1064 273 s'rmr
1097 246 1278 272 eriscom

341 310 396 355 de
428 311 679 370 parentibus
703 312 831 366 trahi,
864 309 1027 370 aliquid
1053 309 1226 354 illorum
1258 319 1445 370 quatuor
1464 326 1562 370 quoe
1595 326 1721 371 supra

340 384 672 427 commemoravi
693 418 702 436 ,
728 391 906 427 caveant
930 383 1047 427 omni
1071 382 1229 427 modo:
1258 384 1339 427 hoc
1364 391 1453 436 est,
1479 398 1533 426 ne
1556 382 1718 438 dicant,

340 469 363 497 a
394 456 481 496 Deo
503 453 595 496 fieri
618 453 778 497 animas
800 453 1057 511 peccatrices
1079 468 1154 511 per
1177 452 1366 496 alienum
1390 451 1597 509 originale
1619 447 1721 512 pecss

339 533 484 567 catum
512 543 520 567 :
546 539 600 567 ne
623 522 769 567 dicant
792 524 1011 582 parvulos,
1044 524 1119 583 qui
1149 525 1240 567 sine
1275 522 1491 581 baptismo
1525 524 1719 579 exierint,

341 597 563 654 pervenire
587 610 708 653 posse
733 594 786 638 ad
809 596 941 639 vitam
966 605 1170 639 :eternam
1198 609 1470 653 regnumque
1492 595 1718 647 coelorum,

339 663 535 722 originali
558 674 735 723 peccato
759 681 833 724 per
850 665 970 724 quod
989 665 1097 708 libet
1120 665 1239 708 aliud
1262 664 1540 708 resoluto:ne
1557 665 1718 720 dicant,

338 735 499 778 animas
528 750 723 793 peccasse
756 735 914 780 alicubi
943 746 1042 780 ante
1071 751 1243 780 carnem
1267 772 1277 790 ,
1309 744 1351 779 et
1383 736 1467 778 hoc
1496 737 1650 781 merito
1678 738 1721 780 in

336 819 509 848 carnem
533 807 818 865 peccatricem
842 806 971 851 fuisse
995 807 1188 850 detrusas
1216 826 1224 850 :
1249 821 1303 849 ne
1325 804 1489 858 dicant,
1513 817 1688 864 peccata
1708 842 1719 861 ,

337 892 435 935 quae
465 877 508 919 in
537 877 595 921 eis
620 878 794 921 inventa
819 893 907 922 non
933 889 1049 932 sunt,
1084 878 1185 938 quia
1211 879 1402 938 praescita
1426 884 1546 934 sunt,
1569 878 1722 922 merito

337 945 467 990 fuisse.
490 947 639 1006 punita
659 983 668 1002 ,
697 963 797 992 cum
823 947 878 992 ad
905 963 999 992 eam
1022 950 1178 1001 vitam,
1205 949 1279 992 ubi
1302 965 1348 993 ea
1372 949 1719 1001 committerent,

337 1019 552 1075 permissae
581 1033 667 1062 non
696 1017 858 1061 fuerint
889 1020 1128 1077 pervenire.
1157 1019 1272 1065 Nihil
1297 1035 1397 1077 ergo
1418 1021 1596 1064 istorum
1619 1033 1725 1078 qua-

338 1096 436 1130 tuor
463 1087 682 1141 dicentes,
719 1088 923 1147 quoniam
955 1088 1182 1147 quodlibet
1218 1104 1367 1132 eorum
1404 1089 1560 1133 falsum
1593 1097 1724 1147 atque

338 1158 517 1216 impium
536 1167 623 1214 est,
648 1159 871 1202 inveniant
894 1160 1024 1203 etiam
1050 1160 1367 1219 Scripturarum
1389 1159 1444 1204 de
1466 1161 1546 1203 hae
1569 1174 1614 1202 re
1635 1174 1724 1202 cer-

338 1227 495 1270 tissima
517 1228 784 1281 testimonia,
810 1237 852 1271 et
881 1229 993 1273 hanc
1015 1230 1273 1272 sententiam
1296 1245 1415 1273 suam
1435 1265 1445 1282 ,
1473 1245 1560 1273 non
1582 1228 1722 1272 solum

336 1313 404 1340 me
434 1313 522 1342 non
550 1306 739 1351 vetante,
770 1313 920 1342 verum
951 1300 1079 1342 etiam
1104 1299 1278 1343 favente
1302 1308 1345 1343 et
1374 1299 1528 1357 gratias
1551 1308 1720 1356 agente,

335 1366 588 1412 defendant.
612 1370 653 1413 Si
670 1378 814 1412 autem
840 1385 928 1414 non
950 1369 1179 1414 inveniunt
1200 1370 1478 1413 certissimam
1502 1371 1556 1413 de
1578 1369 1656 1412 hac
1679 1384 1723 1411 re

335 1439 630 1482 auctoritatem
665 1438 910 1483 divinorum
940 1439 1241 1499 Eloquiorum,
1274 1449 1318 1485 et
1347 1439 1512 1499 aliquid
1545 1438 1720 1483 illorum

333 1517 521 1566 quatuor
543 1524 619 1567 per
641 1509 830 1567 inopiam
855 1508 999 1553 dicere
1022 1509 1372 1569 compelluntur,
1400 1510 1635 1554 cohibeant
1658 1525 1718 1563 se,

335 1594 388 1621 ne
411 1594 487 1637 per
508 1580 643 1637 ipsam
667 1579 858 1637 inopiam
881 1581 1011 1623 etiam
1034 1581 1316 1638 parvulorum
1340 1580 1502 1624 animas
1524 1595 1613 1623 non
1640 1580 1721 1623 ha-

336 1649 432 1692 bere
455 1650 663 1708 originale
684 1660 934 1709 peccatum,
963 1652 1205 1695 secundum
1229 1651 1502 1708 Pelagianam
1524 1650 1720 1693 haeresim

332 1718 434 1762 olim
459 1719 772 1777 damnabilem,
796 1722 1135 1781 nuperrimeque
1158 1721 1424 1775 damnatam,
1444 1720 1587 1764 dicere
1608 1737 1722 1764 com-

332 1790 564 1848 pellantur.
595 1790 749 1835 Melius
776 1801 839 1835 est
867 1793 980 1835 enim
1006 1793 1172 1837 homini
1197 1791 1319 1835 fateri
1347 1807 1391 1835 se
1414 1792 1578 1835 nescire
1600 1791 1721 1850 quod

332 1862 495 1915 nescit,
528 1877 658 1920 quam
686 1863 728 1905 in
758 1864 957 1907 haeresim
988 1864 1057 1908 vel
1088 1865 1334 1908 damnatam
1370 1864 1614 1917 incurrere,
1651 1864 1719 1907 vel

332 1947 487 1974 novam
508 1931 710 1986 condere,
733 1934 838 1977 dum
859 1944 1021 1978 temere
1036 1936 1167 1978 audet
1184 1935 1410 1978 defensare
1429 1933 1544 1993 quod
1566 1934 1715 1977 nescit.

332 2002 425 2044 Alia
454 2004 582 2061 hujus
605 2004 791 2047 hominis
821 2003 926 2048 falsa
949 2014 992 2048 et
1014 2004 1199 2048 absurda
1221 2039 1232 2060 ,
1262 2005 1305 2047 in
1329 2004 1488 2063 quibus
1513 2019 1601 2048 non
1632 2013 1716 2047 tam

332 2072 569 2128 periculose
589 2108 599 2126 ,
636 2083 935 2118 verumtamen
976 2091 999 2118 a
1042 2076 1212 2118 tramite
1247 2076 1436 2118 veritatis
1474 2073 1714 2128 exorbitat,

331 2143 536 2200 quoniam
560 2142 698 2186 multa
720 2153 842 2197 sunt,
869 2153 912 2187 et
933 2144 987 2187 ad
1012 2145 1154 2202 ipsum
1178 2145 1329 2198 etiam,
1356 2146 1389 2187 si
1414 2147 1622 2188 Dominus
1645 2159 1718 2188 vo·

333 2211 489 2265 luerit,
522 2213 686 2272 aliquid
719 2214 773 2256 de
804 2213 922 2256 libris
952 2215 1043 2272 ejus
1072 2213 1173 2258 volo
1206 2214 1418 2267 scribere,
1445 2214 1502 2257 ibi
1536 2214 1715 2258 forsitan

331 2285 473 2326 omnia
490 2319 499 2337 ,
525 2283 590 2326 vel
615 2285 648 2327 si
671 2285 816 2328 omnia
840 2300 927 2328 non
951 2295 1150 2343 potuero,
1176 2284 1362 2343 plurima
1382 2285 1625 2328 ostendam.

391 2355 568 2397 XXXV.
598 2358 732 2398 Istum
758 2364 902 2398 autem
924 2354 1085 2398 librum
1105 2390 1115 2408 ,
1141 2370 1269 2413 quem
1299 2356 1351 2398 ad
1375 2364 1417 2398 te
1440 2355 1583 2414 potius
1603 2389 1614 2408 ,
1642 2355 1715 2414 qui

330 2439 475 2466 curam
499 2434 541 2467 et
566 2426 666 2468 fidei
688 2436 847 2469 nostrae
871 2435 913 2469 et
935 2427 1256 2470 existimationis
1278 2441 1401 2480 meae,
1429 2435 1478 2469 ut
1500 2440 1626 2469 verus
1649 2440 1716 2469 ca-

330 2494 516 2538 tholicus
525 2504 568 2537 et
578 2495 718 2538 bonus
728 2496 904 2550 amicus,
916 2495 1101 2540 fideliter
1111 2496 1382 2555 benigneque
1394 2496 1571 2554 gessisti,
1584 2510 1713 2554 quam

332 2564 383 2605 ad
418 2563 547 2607 alium
577 2579 841 2624 (piemqumn
872 2565 1146 2609 scribendum
1191 2566 1366 2625 putavi,
1403 2575 1444 2608 tu
1479 2563 1708 2622 legendum
