<?xml version="1.0" encoding="UTF-8"?>
<!DOCTYPE html PUBLIC "-//W3C//DTD XHTML 1.0 Transitional//EN"
    "http://www.w3.org/TR/xhtml1/DTD/xhtml1-transitional.dtd">
<html xmlns="http://www.w3.org/1999/xhtml" xml:lang="en" lang="en">
 <head>
  <title>
</title>
<meta http-equiv="Content-Type" content="text/html;charset=utf-8" />
  <meta name='ocr-system' content='tesseract 3.04.00' />
  <meta name='ocr-capabilities' content='ocr_page ocr_carea ocr_par ocr_line ocrx_word'/>
</head>
<body>
  <div class='ocr_page' id='page_1' title='image "./operaomniaaccura34auguuoft_0457.png"; bbox 0 0 1804 3205; ppageno 0'>
   <div class='ocr_carea' id='block_1_1' title="bbox 313 215 1476 255">
    <p class='ocr_par' dir='ltr' id='par_1_1' title="bbox 313 215 1476 255">
     <span class='ocr_line' id='line_1_1' title="bbox 313 215 1476 255; baseline 0.002 -2"><span class='ocrx_word' id='word_1_1' title='bbox 313 226 475 254; x_wconf 63' lang='lat' dir='ltr'>commu</span> <span class='ocrx_word' id='word_1_2' title='bbox 511 227 615 255; x_wconf 73' lang='lat' dir='ltr'>ntus</span> <span class='ocrx_word' id='word_1_3' title='bbox 647 227 779 254; x_wconf 63' lang='lat' dir='ltr'>misr.</span> <span class='ocrx_word' id='word_1_4' title='bbox 811 223 1042 255; x_wconf 62' lang='lat' dir='ltr'>nucum.</span> <span class='ocrx_word' id='word_1_5' title='bbox 1080 227 1161 252; x_wconf 64' lang='grc' dir='ltr'>ΜΒ.</span> <span class='ocrx_word' id='word_1_6' title='bbox 1201 228 1246 252; x_wconf 83' lang='grc' dir='ltr'>ιι.</span> <span class='ocrx_word' id='word_1_7' title='bbox 1393 215 1476 255; x_wconf 74' lang='grc'>447</span> 
     </span>
    </p>
   </div>
   <div class='ocr_carea' id='block_1_2' title="bbox 86 291 1490 2546">
    <p class='ocr_par' dir='ltr' id='par_1_2' title="bbox 87 291 1482 1186">
     <span class='ocr_line' id='line_1_2' title="bbox 89 291 1478 352; baseline 0.001 -18"><span class='ocrx_word' id='word_1_8' title='bbox 89 291 344 335; x_wconf 76' lang='lat' dir='ltr'>venerabilis</span> <span class='ocrx_word' id='word_1_9' title='bbox 384 292 629 336; x_wconf 77' lang='lat' dir='ltr'>Innocentii</span> <span class='ocrx_word' id='word_1_10' title='bbox 659 293 714 336; x_wconf 87' lang='lat' dir='ltr'>de</span> <span class='ocrx_word' id='word_1_11' title='bbox 747 292 961 352; x_wconf 82' lang='lat' dir='ltr'>parvulis,</span> <span class='ocrx_word' id='word_1_12' title='bbox 986 292 1067 336; x_wconf 91' lang='lat' dir='ltr'>nisi</span> <span class='ocrx_word' id='word_1_13' title='bbox 1091 292 1414 350; x_wconf 77' lang='lat' dir='ltr'><strong>baptizarentur</strong></span> <span class='ocrx_word' id='word_1_14' title='bbox 1436 294 1478 336; x_wconf 89' lang='lat' dir='ltr'>in</span> 
     </span>
     <span class='ocr_line' id='line_1_3' title="bbox 89 362 1479 417; baseline 0.001 -11"><span class='ocrx_word' id='word_1_15' title='bbox 89 363 263 407; x_wconf 89' lang='lat' dir='ltr'>Christo</span> <span class='ocrx_word' id='word_1_16' title='bbox 279 397 290 416; x_wconf 83' lang='lat'>,</span> <span class='ocrx_word' id='word_1_17' title='bbox 315 362 359 407; x_wconf 90' lang='lat' dir='ltr'>in</span> <span class='ocrx_word' id='word_1_18' title='bbox 376 372 539 407; x_wconf 86' lang='lat' dir='ltr'>aeterna</span> <span class='ocrx_word' id='word_1_19' title='bbox 556 372 695 408; x_wconf 83' lang='lat' dir='ltr'>morte</span> <span class='ocrx_word' id='word_1_20' title='bbox 714 364 928 408; x_wconf 85' lang='lat' dir='ltr'>mansuris</span> <span class='ocrx_word' id='word_1_21' title='bbox 945 399 955 417; x_wconf 90' lang='lat'>‚</span> <span class='ocrx_word' id='word_1_22' title='bbox 980 363 1205 408; x_wconf 77' lang='lat' dir='ltr'>catholicae</span> <span class='ocrx_word' id='word_1_23' title='bbox 1224 362 1323 406; x_wconf 84' lang='lat' dir='ltr'>fidei</span> <span class='ocrx_word' id='word_1_24' title='bbox 1340 363 1479 407; x_wconf 86' lang='lat' dir='ltr'>clare·</span> 
     </span>
     <span class='ocr_line' id='line_1_4' title="bbox 89 434 1480 494; baseline 0 -17"><span class='ocrx_word' id='word_1_25' title='bbox 89 442 155 478; x_wconf 85' lang='lat' dir='ltr'>ret</span> <span class='ocrx_word' id='word_1_26' title='bbox 188 434 448 494; x_wconf 81' lang='lat' dir='ltr'>antiquitas3</span> <span class='ocrx_word' id='word_1_27' title='bbox 477 434 673 493; x_wconf 82' lang='lat' dir='ltr'>profecto</span> <span class='ocrx_word' id='word_1_28' title='bbox 709 434 913 479; x_wconf 78' lang='lat' dir='ltr'>Ecclesiae</span> <span class='ocrx_word' id='word_1_29' title='bbox 939 438 1147 480; x_wconf 79' lang='lat' dir='ltr'>Romanae</span> <span class='ocrx_word' id='word_1_30' title='bbox 1180 434 1480 492; x_wconf 81' lang='lat' dir='ltr'>praevaricator</span> 
     </span>
     <span class='ocr_line' id='line_1_5' title="bbox 89 502 1480 565; baseline 0.001 -18"><span class='ocrx_word' id='word_1_31' title='bbox 89 504 233 562; x_wconf 90' lang='lat' dir='ltr'>potius</span> <span class='ocrx_word' id='word_1_32' title='bbox 251 513 383 558; x_wconf 88' lang='lat' dir='ltr'>esset,</span> <span class='ocrx_word' id='word_1_33' title='bbox 404 505 671 565; x_wconf 84' lang='lat' dir='ltr'>quicumque</span> <span class='ocrx_word' id='word_1_34' title='bbox 693 505 748 548; x_wconf 89' lang='lat' dir='ltr'>ab</span> <span class='ocrx_word' id='word_1_35' title='bbox 768 504 838 548; x_wconf 88' lang='lat' dir='ltr'>illa</span> <span class='ocrx_word' id='word_1_36' title='bbox 860 505 1072 550; x_wconf 87' lang='lat' dir='ltr'>sententia</span> <span class='ocrx_word' id='word_1_37' title='bbox 1097 503 1309 548; x_wconf 83' lang='lat' dir='ltr'>deviasset</span> <span class='ocrx_word' id='word_1_38' title='bbox 1330 522 1338 548; x_wconf 89' lang='lat'>:</span> <span class='ocrx_word' id='word_1_39' title='bbox 1359 502 1480 562; x_wconf 86' lang='lat' dir='ltr'>quod</span> 
     </span>
     <span class='ocr_line' id='line_1_6' title="bbox 88 575 1480 635; baseline 0 -17"><span class='ocrx_word' id='word_1_40' title='bbox 88 577 179 619; x_wconf 91' lang='lat' dir='ltr'>Deo</span> <span class='ocrx_word' id='word_1_41' title='bbox 198 575 400 634; x_wconf 85' lang='lat' dir='ltr'>propitio,</span> <span class='ocrx_word' id='word_1_42' title='bbox 422 576 630 635; x_wconf 86' lang='lat' dir='ltr'>quoniam</span> <span class='ocrx_word' id='word_1_43' title='bbox 654 575 819 620; x_wconf 85' lang='lat' dir='ltr'>factum</span> <span class='ocrx_word' id='word_1_44' title='bbox 843 592 930 620; x_wconf 91' lang='lat' dir='ltr'>non</span> <span class='ocrx_word' id='word_1_45' title='bbox 956 585 1040 630; x_wconf 88' lang='lat' dir='ltr'>est,</span> <span class='ocrx_word' id='word_1_46' title='bbox 1067 575 1143 620; x_wconf 90' lang='lat' dir='ltr'>sed</span> <span class='ocrx_word' id='word_1_47' title='bbox 1163 575 1252 634; x_wconf 89' lang='lat' dir='ltr'>ipsa</span> <span class='ocrx_word' id='word_1_48' title='bbox 1275 583 1480 619; x_wconf 87' lang='lat' dir='ltr'>constan-</span> 
     </span>
     <span class='ocr_line' id='line_1_7' title="bbox 90 646 1481 705; baseline 0 -16"><span class='ocrx_word' id='word_1_49' title='bbox 90 653 154 689; x_wconf 86' lang='lat' dir='ltr'>ter</span> <span class='ocrx_word' id='word_1_50' title='bbox 170 646 350 704; x_wconf 86' lang='lat' dir='ltr'>repetita</span> <span class='ocrx_word' id='word_1_51' title='bbox 365 646 559 691; x_wconf 84' lang='lat' dir='ltr'>Coelestii</span> <span class='ocrx_word' id='word_1_52' title='bbox 579 656 617 690; x_wconf 89' lang='lat' dir='ltr'>et</span> <span class='ocrx_word' id='word_1_53' title='bbox 642 646 802 705; x_wconf 84' lang='lat' dir='ltr'>Pelagii</span> <span class='ocrx_word' id='word_1_54' title='bbox 819 647 1098 692; x_wconf 85' lang='lat' dir='ltr'>damnatione</span> <span class='ocrx_word' id='word_1_55' title='bbox 1121 655 1286 690; x_wconf 88' lang='lat' dir='ltr'>servata</span> <span class='ocrx_word' id='word_1_56' title='bbox 1309 655 1396 702; x_wconf 79' lang='lat' dir='ltr'>est3</span> <span class='ocrx_word' id='word_1_57' title='bbox 1418 646 1481 689; x_wconf 90' lang='lat' dir='ltr'>in-</span> 
     </span>
     <span class='ocr_line' id='line_1_8' title="bbox 88 714 1478 775; baseline 0 -16"><span class='ocrx_word' id='word_1_58' title='bbox 88 714 286 774; x_wconf 88' lang='lat' dir='ltr'>telligant</span> <span class='ocrx_word' id='word_1_59' title='bbox 303 732 346 761; x_wconf 90' lang='lat' dir='ltr'>se</span> <span class='ocrx_word' id='word_1_60' title='bbox 364 717 433 761; x_wconf 89' lang='lat' dir='ltr'>isti</span> <span class='ocrx_word' id='word_1_61' title='bbox 452 733 543 762; x_wconf 88' lang='lat' dir='ltr'>esse</span> <span class='ocrx_word' id='word_1_62' title='bbox 567 716 684 762; x_wconf 89' lang='lat' dir='ltr'>unde</span> <span class='ocrx_word' id='word_1_63' title='bbox 699 716 802 762; x_wconf 86' lang='lat' dir='ltr'>alios</span> <span class='ocrx_word' id='word_1_64' title='bbox 825 718 1124 773; x_wconf 82' lang='lat' dir='ltr'>criminantur,</span> <span class='ocrx_word' id='word_1_65' title='bbox 1144 726 1187 760; x_wconf 89' lang='lat' dir='ltr'>et</span> <span class='ocrx_word' id='word_1_66' title='bbox 1205 716 1441 775; x_wconf 83' lang='lat' dir='ltr'>aliquando</span> <span class='ocrx_word' id='word_1_67' title='bbox 1456 731 1478 760; x_wconf 89' lang='lat' dir='ltr'>a</span> 
     </span>
     <span class='ocr_line' id='line_1_9' title="bbox 88 785 1480 848; baseline 0 -18"><span class='ocrx_word' id='word_1_68' title='bbox 88 785 188 831; x_wconf 81' lang='lat' dir='ltr'>fidei</span> <span class='ocrx_word' id='word_1_69' title='bbox 218 789 572 846; x_wconf 82' lang='lat' dir='ltr'>praevaricatione</span> <span class='ocrx_word' id='word_1_70' title='bbox 607 798 828 833; x_wconf 89' lang='lat' dir='ltr'>sanentur.</span> <span class='ocrx_word' id='word_1_71' title='bbox 862 790 1022 834; x_wconf 82' lang='lat' dir='ltr'>Malam</span> <span class='ocrx_word' id='word_1_72' title='bbox 1057 790 1221 848; x_wconf 85' lang='lat' dir='ltr'>quippe</span> <span class='ocrx_word' id='word_1_73' title='bbox 1251 788 1480 832; x_wconf 85' lang='lat' dir='ltr'>hominum</span> 
     </span>
     <span class='ocr_line' id='line_1_10' title="bbox 88 859 1481 918; baseline -0.001 -16"><span class='ocrx_word' id='word_1_74' title='bbox 88 873 178 903; x_wconf 89' lang='lat' dir='ltr'>esse</span> <span class='ocrx_word' id='word_1_75' title='bbox 203 869 427 915; x_wconf 87' lang='lat' dir='ltr'>naturam,</span> <span class='ocrx_word' id='word_1_76' title='bbox 449 876 538 905; x_wconf 89' lang='lat' dir='ltr'>non</span> <span class='ocrx_word' id='word_1_77' title='bbox 558 860 664 905; x_wconf 90' lang='lat' dir='ltr'>dicit</span> <span class='ocrx_word' id='word_1_78' title='bbox 682 860 893 905; x_wconf 86' lang='lat' dir='ltr'>catholica</span> <span class='ocrx_word' id='word_1_79' title='bbox 913 860 1034 914; x_wconf 80' lang='lat' dir='ltr'>tides,</span> <span class='ocrx_word' id='word_1_80' title='bbox 1058 861 1331 918; x_wconf 83' lang='lat' dir='ltr'>inquantum</span> <span class='ocrx_word' id='word_1_81' title='bbox 1349 859 1481 902; x_wconf 85' lang='lat' dir='ltr'>homo</span> 
     </span>
     <span class='ocr_line' id='line_1_11' title="bbox 87 928 1481 990; baseline -0.001 -17"><span class='ocrx_word' id='word_1_82' title='bbox 87 945 111 973; x_wconf 85' lang='lat' dir='ltr'>a</span> <span class='ocrx_word' id='word_1_83' title='bbox 134 939 327 974; x_wconf 87' lang='lat' dir='ltr'>creatore</span> <span class='ocrx_word' id='word_1_84' title='bbox 351 932 548 990; x_wconf 89' lang='lat' dir='ltr'>primitus</span> <span class='ocrx_word' id='word_1_85' title='bbox 585 932 808 976; x_wconf 87' lang='lat' dir='ltr'>institutus</span> <span class='ocrx_word' id='word_1_86' title='bbox 839 940 927 988; x_wconf 78' lang='lat' dir='ltr'>est3</span> <span class='ocrx_word' id='word_1_87' title='bbox 961 946 1103 990; x_wconf 86' lang='lat' dir='ltr'>neque</span> <span class='ocrx_word' id='word_1_88' title='bbox 1132 944 1250 973; x_wconf 89' lang='lat' dir='ltr'>nunc</span> <span class='ocrx_word' id='word_1_89' title='bbox 1281 928 1401 988; x_wconf 86' lang='lat' dir='ltr'>quod</span> <span class='ocrx_word' id='word_1_90' title='bbox 1436 929 1481 971; x_wconf 93' lang='lat' dir='ltr'>in</span> 
     </span>
     <span class='ocr_line' id='line_1_12' title="bbox 88 998 1482 1056; baseline -0.001 -13"><span class='ocrx_word' id='word_1_91' title='bbox 88 999 160 1045; x_wconf 87' lang='lat' dir='ltr'>illa</span> <span class='ocrx_word' id='word_1_92' title='bbox 185 1004 297 1045; x_wconf 88' lang='lat' dir='ltr'>Deus</span> <span class='ocrx_word' id='word_1_93' title='bbox 329 1012 473 1056; x_wconf 85' lang='lat' dir='ltr'>creat,</span> <span class='ocrx_word' id='word_1_94' title='bbox 501 1018 603 1047; x_wconf 91' lang='lat' dir='ltr'>cum</span> <span class='ocrx_word' id='word_1_95' title='bbox 633 1002 831 1047; x_wconf 87' lang='lat' dir='ltr'>homines</span> <span class='ocrx_word' id='word_1_96' title='bbox 864 1018 915 1045; x_wconf 87' lang='lat' dir='ltr'>ex</span> <span class='ocrx_word' id='word_1_97' title='bbox 955 1001 1204 1045; x_wconf 89' lang='lat' dir='ltr'>hominibus</span> <span class='ocrx_word' id='word_1_98' title='bbox 1234 998 1359 1052; x_wconf 81' lang='lat' dir='ltr'>facit,</span> <span class='ocrx_word' id='word_1_99' title='bbox 1400 999 1482 1042; x_wconf 90' lang='lat' dir='ltr'>hoc</span> 
     </span>
     <span class='ocr_line' id='line_1_13' title="bbox 88 1068 1482 1131; baseline -0.001 -17"><span class='ocrx_word' id='word_1_100' title='bbox 88 1079 152 1114; x_wconf 88' lang='lat' dir='ltr'>est</span> <span class='ocrx_word' id='word_1_101' title='bbox 188 1070 351 1116; x_wconf 90' lang='lat' dir='ltr'>malum</span> <span class='ocrx_word' id='word_1_102' title='bbox 387 1074 501 1131; x_wconf 79' lang='lat' dir='ltr'>ejus3</span> <span class='ocrx_word' id='word_1_103' title='bbox 537 1072 611 1116; x_wconf 89' lang='lat' dir='ltr'>sed</span> <span class='ocrx_word' id='word_1_104' title='bbox 636 1071 756 1131; x_wconf 90' lang='lat' dir='ltr'>quod</span> <span class='ocrx_word' id='word_1_105' title='bbox 797 1086 849 1114; x_wconf 83' lang='lat' dir='ltr'>ex</span> <span class='ocrx_word' id='word_1_106' title='bbox 878 1071 954 1114; x_wconf 87' lang='lat' dir='ltr'>illo</span> <span class='ocrx_word' id='word_1_107' title='bbox 995 1070 1099 1114; x_wconf 89' lang='lat' dir='ltr'>vitio</span> <span class='ocrx_word' id='word_1_108' title='bbox 1136 1069 1264 1128; x_wconf 90' lang='lat' dir='ltr'>primi</span> <span class='ocrx_word' id='word_1_109' title='bbox 1294 1068 1482 1113; x_wconf 88' lang='lat' dir='ltr'>hominis</span> 
     </span>
     <span class='ocr_line' id='line_1_14' title="bbox 88 1142 235 1186; baseline -0.007 0"><span class='ocrx_word' id='word_1_110' title='bbox 88 1142 235 1186; x_wconf 87' lang='lat' dir='ltr'>trahit.</span> 
     </span>
    </p>

    <p class='ocr_par' dir='ltr' id='par_1_3' title="bbox 86 1208 1490 2387">
     <span class='ocr_line' id='line_1_15' title="bbox 146 1208 1481 1270; baseline -0.004 -13"><span class='ocrx_word' id='word_1_111' title='bbox 146 1214 225 1257; x_wconf 85' lang='lat' dir='ltr'>IX.</span> <span class='ocrx_word' id='word_1_112' title='bbox 250 1215 347 1257; x_wconf 88' lang='lat' dir='ltr'>Jam</span> <span class='ocrx_word' id='word_1_113' title='bbox 369 1228 488 1257; x_wconf 90' lang='lat' dir='ltr'>nunc</span> <span class='ocrx_word' id='word_1_114' title='bbox 519 1212 593 1257; x_wconf 88' lang='lat' dir='ltr'>illa</span> <span class='ocrx_word' id='word_1_115' title='bbox 615 1211 804 1256; x_wconf 88' lang='lat' dir='ltr'>videnda</span> <span class='ocrx_word' id='word_1_116' title='bbox 835 1221 963 1265; x_wconf 85' lang='lat' dir='ltr'>sunt,</span> <span class='ocrx_word' id='word_1_117' title='bbox 997 1226 1097 1270; x_wconf 85' lang='lat' dir='ltr'>quae</span> <span class='ocrx_word' id='word_1_118' title='bbox 1122 1210 1168 1253; x_wconf 93' lang='lat' dir='ltr'>in</span> <span class='ocrx_word' id='word_1_119' title='bbox 1198 1208 1380 1268; x_wconf 86' lang='lat' dir='ltr'>epistola</span> <span class='ocrx_word' id='word_1_120' title='bbox 1404 1224 1481 1253; x_wconf 88' lang='lat' dir='ltr'>sua</span> 
     </span>
     <span class='ocr_line' id='line_1_16' title="bbox 86 1281 1481 1343; baseline -0.002 -17"><span class='ocrx_word' id='word_1_121' title='bbox 86 1283 214 1327; x_wconf 88' lang='lat' dir='ltr'>nobis</span> <span class='ocrx_word' id='word_1_122' title='bbox 236 1284 505 1343; x_wconf 84' lang='lat' dir='ltr'>objicientes,</span> <span class='ocrx_word' id='word_1_123' title='bbox 529 1284 717 1327; x_wconf 88' lang='lat' dir='ltr'>breviter</span> <span class='ocrx_word' id='word_1_124' title='bbox 736 1291 993 1342; x_wconf 90' lang='lat' dir='ltr'>posuerunt,</span> <span class='ocrx_word' id='word_1_125' title='bbox 1014 1282 1175 1340; x_wconf 86' lang='lat' dir='ltr'>quibus</span> <span class='ocrx_word' id='word_1_126' title='bbox 1191 1281 1284 1324; x_wconf 86' lang='lat' dir='ltr'>haec</span> <span class='ocrx_word' id='word_1_127' title='bbox 1303 1288 1366 1324; x_wconf 89' lang='lat' dir='ltr'>est</span> <span class='ocrx_word' id='word_1_128' title='bbox 1388 1295 1481 1324; x_wconf 92' lang='lat' dir='ltr'>nos-</span> 
     </span>
     <span class='ocr_line' id='line_1_17' title="bbox 88 1350 1482 1414; baseline -0.004 -16"><span class='ocrx_word' id='word_1_129' title='bbox 88 1363 152 1398; x_wconf 86' lang='lat' dir='ltr'>tra</span> <span class='ocrx_word' id='word_1_130' title='bbox 182 1355 416 1414; x_wconf 87' lang='lat' dir='ltr'>responsio.</span> <span class='ocrx_word' id='word_1_131' title='bbox 446 1358 628 1399; x_wconf 87' lang='lat' dir='ltr'>Peccato</span> <span class='ocrx_word' id='word_1_132' title='bbox 650 1353 757 1398; x_wconf 86' lang='lat' dir='ltr'>Adae</span> <span class='ocrx_word' id='word_1_133' title='bbox 787 1353 1016 1398; x_wconf 88' lang='lat' dir='ltr'>arbitrium</span> <span class='ocrx_word' id='word_1_134' title='bbox 1046 1352 1233 1395; x_wconf 89' lang='lat' dir='ltr'>liberum</span> <span class='ocrx_word' id='word_1_135' title='bbox 1265 1350 1319 1394; x_wconf 90' lang='lat' dir='ltr'>de</span> <span class='ocrx_word' id='word_1_136' title='bbox 1342 1351 1482 1394; x_wconf 88' lang='lat' dir='ltr'>homi-</span> 
     </span>
     <span class='ocr_line' id='line_1_18' title="bbox 86 1421 1482 1484; baseline -0.004 -16"><span class='ocrx_word' id='word_1_137' title='bbox 86 1440 194 1468; x_wconf 90' lang='lat' dir='ltr'>num</span> <span class='ocrx_word' id='word_1_138' title='bbox 211 1434 367 1469; x_wconf 89' lang='lat' dir='ltr'>natura</span> <span class='ocrx_word' id='word_1_139' title='bbox 386 1425 557 1484; x_wconf 88' lang='lat' dir='ltr'>periisse</span> <span class='ocrx_word' id='word_1_140' title='bbox 582 1439 671 1469; x_wconf 91' lang='lat' dir='ltr'>non</span> <span class='ocrx_word' id='word_1_141' title='bbox 699 1424 884 1468; x_wconf 85' lang='lat' dir='ltr'>dicimus</span> <span class='ocrx_word' id='word_1_142' title='bbox 911 1442 920 1468; x_wconf 91' lang='lat'>:</span> <span class='ocrx_word' id='word_1_143' title='bbox 942 1422 1015 1467; x_wconf 91' lang='lat' dir='ltr'>sed</span> <span class='ocrx_word' id='word_1_144' title='bbox 1035 1422 1090 1466; x_wconf 89' lang='lat' dir='ltr'>ad</span> <span class='ocrx_word' id='word_1_145' title='bbox 1113 1421 1383 1481; x_wconf 88' lang='lat' dir='ltr'>peccandum</span> <span class='ocrx_word' id='word_1_146' title='bbox 1405 1436 1482 1464; x_wconf 89' lang='lat' dir='ltr'>va-</span> 
     </span>
     <span class='ocr_line' id='line_1_19' title="bbox 87 1491 1482 1551; baseline -0.004 -13"><span class='ocrx_word' id='word_1_147' title='bbox 87 1494 176 1539; x_wconf 90' lang='lat' dir='ltr'>lere</span> <span class='ocrx_word' id='word_1_148' title='bbox 198 1495 242 1538; x_wconf 89' lang='lat' dir='ltr'>in</span> <span class='ocrx_word' id='word_1_149' title='bbox 269 1495 520 1539; x_wconf 87' lang='lat' dir='ltr'>hominibus</span> <span class='ocrx_word' id='word_1_150' title='bbox 543 1493 728 1538; x_wconf 89' lang='lat' dir='ltr'>subditis</span> <span class='ocrx_word' id='word_1_151' title='bbox 749 1494 953 1551; x_wconf 77' lang='lat' dir='ltr'>diab0103</span> <span class='ocrx_word' id='word_1_152' title='bbox 988 1493 1043 1537; x_wconf 89' lang='lat' dir='ltr'>ad</span> <span class='ocrx_word' id='word_1_153' title='bbox 1064 1494 1175 1537; x_wconf 84' lang='lat' dir='ltr'>bene</span> <span class='ocrx_word' id='word_1_154' title='bbox 1208 1501 1353 1536; x_wconf 90' lang='lat' dir='ltr'>autem</span> <span class='ocrx_word' id='word_1_155' title='bbox 1389 1491 1482 1549; x_wconf 87' lang='lat' dir='ltr'>pie-</span> 
     </span>
     <span class='ocr_line' id='line_1_20' title="bbox 88 1560 1484 1625; baseline -0.005 -15"><span class='ocrx_word' id='word_1_156' title='bbox 88 1580 175 1625; x_wconf 80' lang='lat' dir='ltr'>que</span> <span class='ocrx_word' id='word_1_157' title='bbox 193 1565 430 1610; x_wconf 84' lang='lat' dir='ltr'>vivendum</span> <span class='ocrx_word' id='word_1_158' title='bbox 452 1581 542 1610; x_wconf 91' lang='lat' dir='ltr'>non</span> <span class='ocrx_word' id='word_1_159' title='bbox 563 1563 730 1619; x_wconf 83' lang='lat' dir='ltr'>valere,</span> <span class='ocrx_word' id='word_1_160' title='bbox 751 1565 831 1608; x_wconf 85' lang='lat' dir='ltr'>nisi</span> <span class='ocrx_word' id='word_1_161' title='bbox 861 1565 951 1623; x_wconf 87' lang='lat' dir='ltr'>ipsa</span> <span class='ocrx_word' id='word_1_162' title='bbox 977 1563 1177 1607; x_wconf 87' lang='lat' dir='ltr'>voluntas</span> <span class='ocrx_word' id='word_1_163' title='bbox 1198 1561 1385 1605; x_wconf 89' lang='lat' dir='ltr'>hominis</span> <span class='ocrx_word' id='word_1_164' title='bbox 1408 1560 1484 1605; x_wconf 86' lang='lat' dir='ltr'>Dei</span> 
     </span>
     <span class='ocr_line' id='line_1_21' title="bbox 91 1633 1485 1696; baseline -0.005 -15"><span class='ocrx_word' id='word_1_165' title='bbox 91 1637 228 1696; x_wconf 85' lang='lat' dir='ltr'>gratia</span> <span class='ocrx_word' id='word_1_166' title='bbox 247 1635 377 1681; x_wconf 87' lang='lat' dir='ltr'>fuerit</span> <span class='ocrx_word' id='word_1_167' title='bbox 395 1636 580 1681; x_wconf 90' lang='lat' dir='ltr'>liberata</span> <span class='ocrx_word' id='word_1_168' title='bbox 592 1671 602 1691; x_wconf 83' lang='lat'>‚</span> <span class='ocrx_word' id='word_1_169' title='bbox 628 1644 671 1680; x_wconf 88' lang='lat' dir='ltr'>et</span> <span class='ocrx_word' id='word_1_170' title='bbox 686 1636 738 1680; x_wconf 87' lang='lat' dir='ltr'>ad</span> <span class='ocrx_word' id='word_1_171' title='bbox 757 1651 888 1680; x_wconf 87' lang='lat' dir='ltr'>omne</span> <span class='ocrx_word' id='word_1_172' title='bbox 907 1635 1074 1679; x_wconf 84' lang='lat' dir='ltr'>bonum</span> <span class='ocrx_word' id='word_1_173' title='bbox 1099 1633 1302 1686; x_wconf 83' lang='lat' dir='ltr'>aetionis,</span> <span class='ocrx_word' id='word_1_174' title='bbox 1319 1646 1485 1675; x_wconf 88' lang='lat' dir='ltr'>sermo-</span> 
     </span>
     <span class='ocr_line' id='line_1_22' title="bbox 94 1703 1485 1766; baseline -0.005 -15"><span class='ocrx_word' id='word_1_175' title='bbox 94 1707 180 1761; x_wconf 87' lang='lat' dir='ltr'>nis,</span> <span class='ocrx_word' id='word_1_176' title='bbox 207 1706 479 1766; x_wconf 86' lang='lat' dir='ltr'>cogitationis</span> <span class='ocrx_word' id='word_1_177' title='bbox 511 1706 675 1765; x_wconf 86' lang='lat' dir='ltr'>adjuta.</span> <span class='ocrx_word' id='word_1_178' title='bbox 715 1706 940 1751; x_wconf 86' lang='lat' dir='ltr'>Neminem</span> <span class='ocrx_word' id='word_1_179' title='bbox 968 1704 1046 1747; x_wconf 86' lang='lat' dir='ltr'>nisi</span> <span class='ocrx_word' id='word_1_180' title='bbox 1083 1703 1318 1747; x_wconf 88' lang='lat' dir='ltr'>Dominum</span> <span class='ocrx_word' id='word_1_181' title='bbox 1348 1705 1485 1746; x_wconf 86' lang='lat' dir='ltr'>Deum</span> 
     </span>
     <span class='ocr_line' id='line_1_23' title="bbox 95 1771 1485 1830; baseline -0.005 -7"><span class='ocrx_word' id='word_1_182' title='bbox 95 1778 279 1823; x_wconf 88' lang='lat' dir='ltr'>dicimus</span> <span class='ocrx_word' id='word_1_183' title='bbox 306 1779 577 1822; x_wconf 87' lang='lat' dir='ltr'>nascentium</span> <span class='ocrx_word' id='word_1_184' title='bbox 610 1775 908 1830; x_wconf 87' lang='lat' dir='ltr'>conditorem,</span> <span class='ocrx_word' id='word_1_185' title='bbox 936 1790 1015 1819; x_wconf 88' lang='lat' dir='ltr'>nec</span> <span class='ocrx_word' id='word_1_186' title='bbox 1047 1791 1069 1818; x_wconf 92' lang='lat' dir='ltr'>a</span> <span class='ocrx_word' id='word_1_187' title='bbox 1099 1773 1299 1827; x_wconf 87' lang='lat' dir='ltr'>diabolo,</span> <span class='ocrx_word' id='word_1_188' title='bbox 1330 1771 1405 1817; x_wconf 90' lang='lat' dir='ltr'>sed</span> <span class='ocrx_word' id='word_1_189' title='bbox 1430 1772 1485 1816; x_wconf 86' lang='lat' dir='ltr'>ab</span> 
     </span>
     <span class='ocr_line' id='line_1_24' title="bbox 93 1842 1486 1909; baseline -0.006 -16"><span class='ocrx_word' id='word_1_190' title='bbox 93 1852 186 1909; x_wconf 90' lang='lat' dir='ltr'>ipso</span> <span class='ocrx_word' id='word_1_191' title='bbox 212 1850 388 1908; x_wconf 88' lang='lat' dir='ltr'>nuptias</span> <span class='ocrx_word' id='word_1_192' title='bbox 419 1849 638 1893; x_wconf 85' lang='lat' dir='ltr'>institutas</span> <span class='ocrx_word' id='word_1_193' title='bbox 666 1862 844 1892; x_wconf 88' lang='lat' dir='ltr'>:omnes</span> <span class='ocrx_word' id='word_1_194' title='bbox 873 1856 1018 1890; x_wconf 89' lang='lat' dir='ltr'>tamen</span> <span class='ocrx_word' id='word_1_195' title='bbox 1052 1846 1134 1889; x_wconf 91' lang='lat' dir='ltr'>sub</span> <span class='ocrx_word' id='word_1_196' title='bbox 1164 1853 1342 1903; x_wconf 86' lang='lat' dir='ltr'>peccato</span> <span class='ocrx_word' id='word_1_197' title='bbox 1369 1842 1486 1886; x_wconf 87' lang='lat' dir='ltr'>nasci</span> 
     </span>
     <span class='ocr_line' id='line_1_25' title="bbox 94 1913 1485 1981; baseline -0.006 -16"><span class='ocrx_word' id='word_1_198' title='bbox 94 1930 273 1981; x_wconf 88' lang='lat' dir='ltr'>propter</span> <span class='ocrx_word' id='word_1_199' title='bbox 295 1919 542 1980; x_wconf 83' lang='lat' dir='ltr'>propaginis</span> <span class='ocrx_word' id='word_1_200' title='bbox 569 1920 726 1963; x_wconf 87' lang='lat' dir='ltr'>vitium</span> <span class='ocrx_word' id='word_1_201' title='bbox 743 1939 754 1975; x_wconf 76' lang='lat'><em>3</em></span> <span class='ocrx_word' id='word_1_202' title='bbox 773 1927 816 1962; x_wconf 90' lang='lat' dir='ltr'>ct</span> <span class='ocrx_word' id='word_1_203' title='bbox 838 1917 937 1961; x_wconf 89' lang='lat' dir='ltr'>ideo</span> <span class='ocrx_word' id='word_1_204' title='bbox 959 1931 1049 1960; x_wconf 88' lang='lat' dir='ltr'>esse</span> <span class='ocrx_word' id='word_1_205' title='bbox 1074 1915 1156 1960; x_wconf 91' lang='lat' dir='ltr'>sub</span> <span class='ocrx_word' id='word_1_206' title='bbox 1180 1913 1378 1968; x_wconf 85' lang='lat' dir='ltr'>diabolo,</span> <span class='ocrx_word' id='word_1_207' title='bbox 1403 1913 1485 1957; x_wconf 93' lang='lat' dir='ltr'>do-</span> 
     </span>
     <span class='ocr_line' id='line_1_26' title="bbox 96 1983 1488 2043; baseline -0.007 -7"><span class='ocrx_word' id='word_1_208' title='bbox 96 2006 177 2036; x_wconf 91' lang='lat' dir='ltr'>nec</span> <span class='ocrx_word' id='word_1_209' title='bbox 195 1999 475 2035; x_wconf 88' lang='lat' dir='ltr'>renascantur</span> <span class='ocrx_word' id='word_1_210' title='bbox 497 1990 540 2033; x_wconf 90' lang='lat' dir='ltr'>in</span> <span class='ocrx_word' id='word_1_211' title='bbox 558 1989 745 2034; x_wconf 89' lang='lat' dir='ltr'>Christo.</span> <span class='ocrx_word' id='word_1_212' title='bbox 772 1990 860 2033; x_wconf 89' lang='lat' dir='ltr'>Nec</span> <span class='ocrx_word' id='word_1_213' title='bbox 879 1987 962 2031; x_wconf 83' lang='lat' dir='ltr'>sub</span> <span class='ocrx_word' id='word_1_214' title='bbox 984 1985 1160 2030; x_wconf 88' lang='lat' dir='ltr'>nomine</span> <span class='ocrx_word' id='word_1_215' title='bbox 1180 1985 1326 2043; x_wconf 85' lang='lat' dir='ltr'>gratiae</span> <span class='ocrx_word' id='word_1_216' title='bbox 1348 1983 1488 2027; x_wconf 87' lang='lat' dir='ltr'>fatum</span> 
     </span>
     <span class='ocr_line' id='line_1_27' title="bbox 100 2053 1487 2121; baseline -0.007 -15"><span class='ocrx_word' id='word_1_217' title='bbox 100 2062 348 2115; x_wconf 85' lang='lat' dir='ltr'>asserimus,</span> <span class='ocrx_word' id='word_1_218' title='bbox 369 2061 471 2121; x_wconf 88' lang='lat' dir='ltr'>quia</span> <span class='ocrx_word' id='word_1_219' title='bbox 499 2058 630 2103; x_wconf 87' lang='lat' dir='ltr'>nullis</span> <span class='ocrx_word' id='word_1_220' title='bbox 653 2058 882 2103; x_wconf 86' lang='lat' dir='ltr'>hominurn</span> <span class='ocrx_word' id='word_1_221' title='bbox 902 2057 1062 2100; x_wconf 88' lang='lat' dir='ltr'>meritis</span> <span class='ocrx_word' id='word_1_222' title='bbox 1083 2055 1157 2099; x_wconf 90' lang='lat' dir='ltr'>Dei</span> <span class='ocrx_word' id='word_1_223' title='bbox 1176 2055 1357 2112; x_wconf 82' lang='lat' dir='ltr'>gratiam</span> <span class='ocrx_word' id='word_1_224' title='bbox 1377 2053 1487 2097; x_wconf 89' lang='lat' dir='ltr'>dici-</span> 
     </span>
     <span class='ocr_line' id='line_1_28' title="bbox 101 2123 1489 2188; baseline -0.006 -12"><span class='ocrx_word' id='word_1_225' title='bbox 101 2147 198 2176; x_wconf 90' lang='lat' dir='ltr'>mus</span> <span class='ocrx_word' id='word_1_226' title='bbox 221 2131 434 2176; x_wconf 87' lang='lat' dir='ltr'>antecedi.</span> <span class='ocrx_word' id='word_1_227' title='bbox 464 2130 507 2176; x_wconf 92' lang='lat' dir='ltr'>Si</span> <span class='ocrx_word' id='word_1_228' title='bbox 529 2138 674 2173; x_wconf 89' lang='lat' dir='ltr'>autem</span> <span class='ocrx_word' id='word_1_229' title='bbox 697 2128 962 2188; x_wconf 88' lang='lat' dir='ltr'>quibusdam</span> <span class='ocrx_word' id='word_1_230' title='bbox 985 2125 1295 2185; x_wconf 88' lang='lat' dir='ltr'>omnipotentis</span> <span class='ocrx_word' id='word_1_231' title='bbox 1318 2123 1395 2169; x_wconf 89' lang='lat' dir='ltr'>Dei</span> <span class='ocrx_word' id='word_1_232' title='bbox 1413 2139 1489 2168; x_wconf 93' lang='lat' dir='ltr'>vo-</span> 
     </span>
     <span class='ocr_line' id='line_1_29' title="bbox 100 2193 1489 2262; baseline -0.007 -15"><span class='ocrx_word' id='word_1_233' title='bbox 100 2202 313 2247; x_wconf 89' lang='lat' dir='ltr'>luntatem</span> <span class='ocrx_word' id='word_1_234' title='bbox 336 2202 478 2262; x_wconf 82' lang='lat' dir='ltr'>placet</span> <span class='ocrx_word' id='word_1_235' title='bbox 496 2199 575 2245; x_wconf 83' lang='lat' dir='ltr'>fati</span> <span class='ocrx_word' id='word_1_236' title='bbox 595 2199 772 2245; x_wconf 89' lang='lat' dir='ltr'>nomine</span> <span class='ocrx_word' id='word_1_237' title='bbox 794 2214 1075 2257; x_wconf 81' lang='lat' dir='ltr'>nuncupare3</span> <span class='ocrx_word' id='word_1_238' title='bbox 1097 2196 1298 2256; x_wconf 87' lang='lat' dir='ltr'>profanas</span> <span class='ocrx_word' id='word_1_239' title='bbox 1311 2193 1489 2254; x_wconf 89' lang='lat' dir='ltr'>quidem</span> 
     </span>
     <span class='ocr_line' id='line_1_30' title="bbox 99 2265 1490 2324; baseline -0.006 -8"><span class='ocrx_word' id='word_1_240' title='bbox 99 2273 334 2323; x_wconf 85' lang='lat' dir='ltr'>verborum</span> <span class='ocrx_word' id='word_1_241' title='bbox 354 2272 567 2317; x_wconf 87' lang='lat' dir='ltr'>novitates</span> <span class='ocrx_word' id='word_1_242' title='bbox 594 2271 847 2324; x_wconf 68' lang='lat' dir='ltr'>evitamusl,</span> <span class='ocrx_word' id='word_1_243' title='bbox 870 2269 946 2313; x_wconf 89' lang='lat' dir='ltr'>sed</span> <span class='ocrx_word' id='word_1_244' title='bbox 979 2268 1033 2312; x_wconf 90' lang='lat' dir='ltr'>de</span> <span class='ocrx_word' id='word_1_245' title='bbox 1065 2268 1204 2312; x_wconf 89' lang='lat' dir='ltr'>verbis</span> <span class='ocrx_word' id='word_1_246' title='bbox 1227 2265 1490 2310; x_wconf 88' lang='lat' dir='ltr'>contendere</span> 
     </span>
     <span class='ocr_line' id='line_1_31' title="bbox 99 2358 426 2387; baseline -0.003 0"><span class='ocrx_word' id='word_1_247' title='bbox 99 2359 189 2387; x_wconf 88' lang='lat' dir='ltr'>non</span> <span class='ocrx_word' id='word_1_248' title='bbox 216 2358 426 2387; x_wconf 88' lang='lat' dir='ltr'>amamus.</span> 
     </span>
    </p>

    <p class='ocr_par' dir='ltr' id='par_1_4' title="bbox 104 2407 1490 2546">
     <span class='ocr_line' id='line_1_32' title="bbox 162 2407 1486 2467; baseline -0.006 -9"><span class='ocrx_word' id='word_1_249' title='bbox 162 2416 218 2458; x_wconf 89' lang='lat' dir='ltr'>X.</span> <span class='ocrx_word' id='word_1_250' title='bbox 241 2413 367 2459; x_wconf 91' lang='lat' dir='ltr'>Unde</span> <span class='ocrx_word' id='word_1_251' title='bbox 395 2421 542 2458; x_wconf 87' lang='lat' dir='ltr'>autem</span> <span class='ocrx_word' id='word_1_252' title='bbox 572 2413 655 2456; x_wconf 90' lang='lat' dir='ltr'>hoc</span> <span class='ocrx_word' id='word_1_253' title='bbox 691 2411 750 2454; x_wconf 91' lang='lat' dir='ltr'>eis</span> <span class='ocrx_word' id='word_1_254' title='bbox 785 2411 923 2454; x_wconf 86' lang='lat' dir='ltr'>visum</span> <span class='ocrx_word' id='word_1_255' title='bbox 957 2409 1091 2453; x_wconf 87' lang='lat' dir='ltr'>fuerit</span> <span class='ocrx_word' id='word_1_256' title='bbox 1124 2408 1252 2453; x_wconf 84' lang='lat' dir='ltr'>nobis</span> <span class='ocrx_word' id='word_1_257' title='bbox 1278 2407 1486 2467; x_wconf 88' lang='lat' dir='ltr'>objicere,</span> 
     </span>
     <span class='ocr_line' id='line_1_33' title="bbox 104 2478 1490 2546; baseline -0.006 -16"><span class='ocrx_word' id='word_1_258' title='bbox 104 2486 224 2546; x_wconf 90' lang='lat' dir='ltr'>quod</span> <span class='ocrx_word' id='word_1_259' title='bbox 239 2485 378 2531; x_wconf 85' lang='lat' dir='ltr'>fatum</span> <span class='ocrx_word' id='word_1_260' title='bbox 400 2497 639 2531; x_wconf 87' lang='lat' dir='ltr'>asseramus</span> <span class='ocrx_word' id='word_1_261' title='bbox 652 2482 735 2527; x_wconf 90' lang='lat' dir='ltr'>sub</span> <span class='ocrx_word' id='word_1_262' title='bbox 757 2482 932 2527; x_wconf 88' lang='lat' dir='ltr'>nomine</span> <span class='ocrx_word' id='word_1_263' title='bbox 955 2481 1126 2540; x_wconf 82' lang='lat' dir='ltr'>gratiae,</span> <span class='ocrx_word' id='word_1_264' title='bbox 1145 2493 1246 2524; x_wconf 88' lang='lat' dir='ltr'>cum</span> <span class='ocrx_word' id='word_1_265' title='bbox 1268 2478 1490 2538; x_wconf 86' lang='lat' dir='ltr'>aliquanto</span> 
     </span>
    </p>
   </div>
   <div class='ocr_carea' id='block_1_3' title="bbox 155 2570 448 2611">
    <p class='ocr_par' dir='ltr' id='par_1_5' title="bbox 155 2570 448 2611">
     <span class='ocr_line' id='line_1_34' title="bbox 155 2570 448 2611; baseline 0 -9"><span class='ocrx_word' id='word_1_266' title='bbox 155 2577 162 2594; x_wconf 86' lang='lat'>¹</span> <span class='ocrx_word' id='word_1_267' title='bbox 187 2581 200 2602; x_wconf 89' lang='grc' dir='ltr'>ι</span> <span class='ocrx_word' id='word_1_268' title='bbox 224 2570 305 2604; x_wconf 81' lang='lat' dir='ltr'>Tim.</span> <span class='ocrx_word' id='word_1_269' title='bbox 327 2581 371 2611; x_wconf 85' lang='lat' dir='ltr'>vi,</span> <span class='ocrx_word' id='word_1_270' title='bbox 394 2579 448 2603; x_wconf 85' lang='lat'>20.</span> 
     </span>
    </p>
   </div>
  </div>
 </body>
</html>
