1784 3205
307 233 390 271 406
730 242 761 268 s.
801 240 1026 266 AUGUSTUM
1064 240 1238 265 Emscom

306 324 415 367 papa
440 305 649 351 Bonifaci.
679 306 759 351 Sed
783 313 928 364 postea
956 318 1085 362 quarn
1118 313 1158 346 te
1186 303 1314 346 etiam
1343 302 1568 362 praeseutia
1597 316 1688 347 eor-

306 377 441 437 porali
462 378 593 420 frater
617 393 735 420 meus
761 375 867 417 vidit
888 373 1085 432 Alypius,
1112 383 1398 432 acceptusque
1421 389 1443 416 a
1470 382 1509 416 te
1532 374 1683 431 benig-

306 449 477 492 nissime
511 462 559 490 ae
594 445 901 498 sincerissime,
937 452 1088 486 mutua
1120 443 1292 487 miscuit
1324 443 1514 486 dictante
1550 442 1686 487 dilec—

309 520 426 563 tione
447 516 679 576 colloquia,
705 525 940 573 tecumque
963 513 1210 568 convivens,
1238 522 1281 556 et
1302 528 1434 571 parvo
1456 511 1556 556 licet
1581 522 1689 556 tem—

305 604 409 648 pore
426 623 436 641 ,
464 603 621 645 magno
646 587 724 630 tibi
741 588 919 646 junctus
943 585 1102 628 affectu
1122 619 1132 638 ,
1157 600 1200 628 se
1223 583 1346 627 simul
1371 592 1414 626 et
1435 598 1504 626 me
1525 583 1688 627 refudit

303 660 447 702 animo
474 667 567 711 tuo,
600 666 723 716 teque
748 655 854 699 mihi
883 655 1118 713 reportavit
1141 654 1186 697 in
1214 669 1308 708 suo,
1343 662 1462 697 tanto
1486 654 1622 712 major
1644 654 1689 696 in

302 744 371 771 me
396 737 483 770 tuae
505 727 741 770 sanctitatis
768 734 831 769 est
854 723 965 768 facta
988 724 1156 777 notitia,
1181 732 1346 782 quanto
1369 723 1524 767 certior
1546 723 1689 766 amici-

303 798 376 841 tia.
404 799 553 855 Neque
577 796 692 839 enim
715 794 961 853 dedignaris
982 829 992 848 ‚
1018 794 1093 853 qui
1115 808 1204 837 non
1228 792 1311 836 alta
1333 793 1442 851 sapis
1458 827 1468 847 ,
1495 792 1691 852 quamvis

302 868 428 912 altius
442 865 685 925 praesideas,
709 881 797 909 esse
821 865 985 908 amicus
1006 862 1254 917 humilium,
1274 872 1316 906 et
1334 877 1522 906 amorem
1541 877 1693 920 repen—

302 939 404 982 dere
428 939 686 996 impensum.
716 936 830 989 Quid
861 945 925 979 est
954 935 1067 978 enirn
1101 933 1216 978 aliud
1254 933 1457 986 amicitia,
1484 949 1583 992 quae
1604 948 1694 977 non

304 1008 480 1052 aliunde
505 1022 636 1065 quam
659 1022 709 1049 ex
732 1021 875 1050 amore
898 1020 1058 1049 nomen
1081 1004 1244 1063 accepit
1263 1039 1273 1058 ,
1304 1012 1347 1047 et
1376 1018 1590 1063 nusquam
1614 1003 1693 1046 nisi

305 1079 349 1120 in
369 1077 542 1121 Christo
562 1076 698 1119 fidelis
716 1085 801 1130 est,
823 1077 867 1118 in
886 1091 973 1134 quo
992 1075 1082 1118 solo
1105 1090 1193 1118 esse
1215 1075 1340 1117 etiam
1365 1074 1625 1133 sempiterna
1645 1088 1693 1117 ac

305 1145 407 1189 felix
430 1145 748 1204 potestPrUnde
771 1154 812 1188 et
835 1155 1009 1204 accepta
1031 1160 1109 1203 per
1126 1159 1225 1188 eum
1246 1143 1439 1198 fratrem,
1466 1159 1541 1202 per
1563 1158 1692 1202 quem

307 1226 350 1258 te
381 1214 632 1258 familiarius
655 1213 815 1267 didici,
844 1215 1006 1273 majore
1033 1214 1206 1267 fiducia,
1243 1229 1370 1256 ausus
1403 1228 1497 1256 sum
1531 1212 1695 1272 aliquid

308 1285 362 1330 ad
397 1295 515 1328 tuam
551 1274 866 1328 beatiiudinem
901 1283 1088 1328 scribere
1117 1283 1171 1327 de
1198 1284 1262 1327 his
1296 1284 1451 1338 rebus,
1485 1299 1584 1342 quae
1612 1284 1695 1327 hoc

306 1366 502 1415 tempore
525 1355 813 1414 episcopalem
837 1369 985 1398 curam
1007 1390 1017 1409 ,
1043 1355 1076 1398 si
1099 1370 1185 1414 qua
1216 1354 1260 1397 in
1284 1353 1409 1398 nobis
1442 1363 1519 1408 est,
1546 1352 1598 1397 ad
1629 1354 1695 1397 vi-

307 1426 529 1485 gilantiam
554 1440 634 1484 pro
667 1439 796 1483 grege
830 1425 1055 1469 Dominico
1090 1424 1267 1468 stimulo
1304 1424 1542 1468 recentiore
1574 1422 1694 1467 solli-

305 1497 455 1539 citant.

366 1568 425 1609 ΙΙ.
462 1565 571 1609 Novi
594 1565 756 1624 quippe
777 1565 984 1619 haeretiei,
1008 1565 1171 1608 inimici
1195 1564 1341 1621 gratiae
1370 1562 1468 1617 Dei,
1494 1578 1593 1622 quae
1615 1563 1694 1607 da-

306 1645 377 1679 tur
398 1634 627 1693 pusillis‘et
649 1635 816 1693 magnis
839 1651 915 1693 per
938 1637 1085 1678 Jesum
1108 1634 1328 1678 Christum
1350 1633 1584 1677 Dominum
1600 1648 1696 1677 nos-

306 1715 438 1759 trum,
466 1705 543 1748 etsi
560 1705 647 1763 jam
672 1705 853 1748 cavendi
877 1703 1118 1748 evidentius
1141 1703 1354 1762 apertiore
1374 1703 1694 1762 improbatione

305 1784 630 1832 monstrantur,
666 1790 755 1818 non
789 1783 934 1818 tamen
969 1774 1198 1833 quiescunt
1233 1774 1401 1832 scriptis
1434 1774 1521 1817 suis
1550 1774 1693 1817 minus

305 1854 531 1889 cautorum
546 1844 612 1888 vel
631 1845 773 1888 minus
789 1843 1059 1888 eruditorum
1073 1843 1204 1888 corda
1219 1852 1400 1887 tentare.
1420 1844 1588 1896 Quibus
1603 1843 1691 1887 uti-

304 1931 390 1975 que
419 1924 528 1959 esset
551 1915 922 1974 respondendum,
955 1930 1009 1959 ne
1035 1930 1078 1959 se
1107 1915 1176 1959 vel
1204 1929 1303 1959 suos
1331 1916 1376 1958 in
1403 1913 1476 1959 illo
1502 1915 1694 1960 nefando

305 2001 449 2029 errore
478 1987 728 2040 firmarent,
760 1987 888 2029 etiam
917 1987 949 2030 si
984 2002 1072 2030 non
1103 1996 1423 2041 metueremus,
1456 2001 1511 2029 ne
1537 2001 1694 2045 quem-

307 2071 437 2115 quam
462 2056 773 2100 catholicorum
803 2057 892 2101 veri
916 2057 1042 2101 simili
1063 2072 1261 2103 sermone
1289 2057 1554 2116 deciperent.
1582 2059 1694 2102 Cum

307 2141 407 2169 vero
432 2141 520 2169 non
549 2126 747 2169 desinant
771 2126 955 2170 fremere
981 2127 1035 2169 ad
1059 2128 1265 2170 dominici
1290 2128 1427 2185 gregis
1449 2127 1608 2182 caulas,
1634 2136 1695 2171 at-

306 2210 391 2254 quc
425 2195 479 2238 ad
508 2194 769 2253 diripiendas
798 2205 920 2240 tanto
948 2197 1086 2255 pretio
1116 2196 1358 2255 redemptas
1393 2213 1492 2240 oves
1513 2232 1523 2251 ,
1552 2197 1693 2241 aditus

305 2265 612 2324 undecumque
634 2267 793 2319 rimari,
819 2267 1149 2326 communisque
1169 2268 1222 2311 sit
1244 2267 1448 2311 omnibus
1471 2267 1594 2311 nobis
1617 2268 1693 2327 qui

305 2334 532 2393 fungimur
548 2337 818 2395 episcopatus
836 2338 980 2382 officio
999 2372 1009 2392 ‚
1029 2338 1244 2397 (quamvis
1264 2337 1354 2396 ipse
1371 2338 1417 2381 in
1434 2352 1482 2381 ea
1499 2338 1694 2396 praeemi-

305 2420 406 2448 neas
425 2405 600 2449 celsiore
621 2407 824 2464 fastigio),
849 2407 1024 2467 specula
1047 2407 1269 2467 pastoralis
1289 2407 1426 2453 :facio
1448 2408 1568 2468 quod
1590 2423 1692 2468 pos-

303 2491 397 2519 sum
423 2491 497 2534 pro
522 2477 603 2519 mei
627 2477 837 2535 particula
867 2479 1057 2522 muneris
1077 2513 1088 2532 ,
1114 2487 1327 2537 quantum
1353 2479 1458 2522 mihi
1481 2478 1692 2522 Dominus

305 2545 609 2603 adjuvantibus
624 2547 892 2592 orationibus
907 2549 991 2593 tuis
1008 2548 1169 2593 donare
1186 2548 1406 2607 dignatur,
1424 2557 1473 2593 ut
1490 2547 1691 2607 pestilen-
