1804 3205
315 260 368 287 nr:
401 256 539 289 ΑΜΜΑ
573 261 626 290 ET
658 262 755 291 13va
787 263 980 304 omcrNE,
1015 265 1097 293 Lm.
1131 268 1160 293 ι.
1361 259 1439 296 291

58 325 217 385 potuit,
242 334 390 372 tamen
411 342 554 388 neque
578 330 621 374 in
643 340 822 390 peccato
846 331 1065 388 remansit,
1088 332 1190 392 quia
1214 333 1258 377 iu
1276 334 1448 381 Christo

58 396 334 456 praefigurata
350 399 394 443 in
414 409 592 459 peccato
609 415 699 446 csse
716 418 805 447 non
823 402 992 459 debuit,
1014 403 1127 448 sicut
1145 419 1235 449 esse
1257 421 1346 450 non
1376 423 1450 466 po-

58 467 158 512 tuit.
185 486 205 510 »
232 469 347 523 Quid
375 479 438 515 est
460 471 579 531 quod
612 472 732 528 dicit,
766 492 785 515 «
814 473 1031 534 peccatrix
1055 491 1144 520 esse
1166 492 1255 522 non
1283 479 1443 536 potuit,

56 538 126 582 vel
141 538 183 582 in
208 549 387 599 peccato
404 556 493 585 esse
511 557 599 587 non
617 543 776 602 potuit,
799 562 818 586 »
842 545 935 601 nisi,
955 546 1102 603 credo,
1123 548 1155 592 si
1174 563 1262 593 non
1281 549 1449 594 veniret

56 609 101 653 in
124 613 325 655 carnem?
345 614 496 673 Neque
518 615 633 660 enim
657 617 801 676 potuit
820 619 1018 678 originali
1036 630 1215 680 peccato
1236 637 1326 666 esse
1344 637 1445 681 pec-

56 680 205 735 catrix,
225 690 301 726 aut
317 699 498 744 quoquo
515 685 646 731 modo
660 686 704 731 in
722 688 920 747 originali
945 700 1124 751 peccato
1146 707 1251 747 esse,
1272 692 1351 736 nisi
1370 707 1445 752 per

57 765 247 807 carnem,
273 754 305 797 si
336 754 390 798 de
415 765 594 814 parente
622 773 710 803 non
741 760 942 805 trahitur.
981 761 1191 808 Videmus
1220 778 1323 823 ergo
1353 778 1449 808 eam

56 835 134 880 per
151 823 332 882 gratiam
350 824 522 871 liberari
541 843 563 872 a
580 839 760 888 peccato
781 850 788 875 :
810 830 885 876 sed
903 847 991 877 non
1005 833 1202 879 videmus
1224 834 1340 879 unde
1359 850 1452 879 me-

57 894 190 939 ruerit
212 898 377 940 haerere
399 908 593 957 peccato.
619 900 736 954 Quid
758 912 822 947 est
844 919 947 963 ergo
964 905 1084 964 quod
1103 906 1224 961 dicit,
1254 926 1273 948 «
1296 907 1337 951 Si
1357 921 1451 966 pec-

56 964 188 1009 catrix
218 982 307 1011 esse
341 970 520 1025 meruit,
546 987 635 1016 non
657 981 802 1017 tamen
825 974 869 1018 in
887 986 1065 1034 peccato
1088 977 1322 1021 remansit?
1347 995 1367 1018 »
1406 976 1450 1022 Si

55 1037 170 1080 enim
195 1039 250 1082 ab
268 1038 342 1083 illo
365 1057 576 1101 quaeram,
596 1058 675 1086 cur
696 1059 784 1088 non
803 1045 847 1088 in
868 1058 1041 1105 peccato
1062 1048 1331 1103 remanserit,
1358 1063 1452 1093 rec-

56 1108 213 1153 tissime
231 1112 536 1170 respondebit,
560 1114 680 1174 quod
703 1130 797 1160 eam
829 1117 990 1162 Christi
1019 1119 1153 1178 gratia
1181 1120 1446 1164 liberaverit.

56 1177 176 1223 Sicut
196 1196 299 1240 ergo
322 1182 449 1238 dicit,
476 1186 595 1228 unde
618 1186 761 1230 anima
793 1188 962 1246 parvuli
988 1187 1120 1234 fuerit
1142 1189 1326 1235 liberata
1348 1206 1452 1250 pec-

53 1250 201 1307 catrix,
229 1251 288 1296 sic
311 1253 440 1297 etiam
466 1254 581 1299 dicat
601 1256 720 1300 unde
743 1258 950 1303 meruerit
968 1275 1058 1303 esse
1080 1263 1309 1319 peccatrix.

114 1323 192 1366 IX.
223 1322 305 1367 Sed
323 1324 431 1384 quid
449 1324 570 1381 dicit,
593 1327 669 1386 qui
688 1327 771 1372 hoe
787 1328 907 1388 quod
923 1330 1188 1389 praelocutus
1206 1342 1284 1388 est,
1308 1335 1450 1378 eonti-

57 1391 144 1450 git?
164 1395 362 1454 Namque
379 1405 427 1440 ut
450 1396 574 1441 istam
613 1399 897 1458 quaestionem
932 1402 1013 1446 sibi
1043 1415 1327 1463 proponeret,
1361 1407 1420 1450 ait
1442 1425 1450 1451 :

58 1478 79 1504 «
99 1461 193 1507 Alia
217 1465 533 1510 substruuntur
553 1470 788 1527 opprobria
817 1471 1011 1531 querulis
1035 1477 1457 1521 murmurationibus

54 1533 383 1592 oblatrantium,
401 1546 443 1581 et
461 1540 621 1583 excussi
641 1541 763 1599 quasi
786 1543 978 1601 quodam
1008 1546 1185 1590 turbine
1213 1546 1453 1599 identidem

52 1604 381 1652 interimmania
395 1623 492 1654 saxa
511 1609 777 1655 collidimur.
795 1630 814 1654 »
830 1616 923 1658 Hoc
936 1615 970 1659 si
983 1631 1063 1676 ego
1083 1617 1138 1661 de
1152 1617 1228 1662 illo
1240 1617 1445 1675 dicerem,

53 1672 231 1721 forsitan
253 1690 540 1725 succenseret.
569 1683 714 1727 Verba
739 1693 841 1728 sunt
868 1686 958 1745 ejus
992 1706 1000 1732 z
1028 1689 1188 1747 quibus
1219 1691 1449 1749 praemissis

51 1749 280 1807 proposuit
299 1751 604 1810 quaestionem,
636 1753 682 1796 in
717 1770 803 1813 qua
829 1755 920 1814 ipsa
953 1771 1050 1801 saxa
1081 1759 1242 1818 quibus
1272 1759 1446 1805 collisus

52 1820 327 1879 naufragavit
344 1856 354 1876 ,
381 1822 644 1868 ostenderet.
678 1825 746 1869 Ad
779 1827 863 1870 hoe
889 1828 1004 1872 enim
1029 1830 1267 1889 perductus
1295 1843 1374 1884 est,
1404 1842 1447 1876 et

54 1898 143 1934 tam
158 1892 386 1936 horrendis
399 1894 599 1938 cautibus
617 1894 777 1950 illatus,
795 1896 1024 1956 impulsus,
1042 1899 1213 1957 infixus,
1232 1911 1281 1947 ut
1297 1919 1448 1948 eruere

51 1974 96 2003 se
124 1961 205 2004 nisi
227 1962 503 2008 emendando
526 1963 647 2025 quod
669 1964 778 2009 dixit
794 2001 804 2021 ,
837 1969 1015 2014 omnino
1039 1985 1129 2015 non
1162 1973 1322 2032 possit,
1355 1990 1445 2019 non

52 2029 200 2077 valens
228 2033 456 2078 ostendere
487 2051 576 2096 quo
605 2037 760 2081 merito
793 2039 935 2084 anima
971 2041 1025 2085 sit
1057 2040 1169 2087 facta
1202 2047 1439 2103 peccatrix,

52 2118 186 2163 quam
215 2103 358 2149 dicere
382 2121 472 2151 non
497 2107 645 2152 timuit
667 2117 767 2153 ante
789 2125 918 2155 omne
942 2127 1069 2157 suum
1091 2123 1320 2174 peccatum
1350 2133 1444 2162 me-

52 2174 187 2219 ruisse
204 2175 296 2220 fieri
317 2178 618 2236 peccatricem.
640 2180 746 2233 Quis
758 2188 847 2225 tam
864 2181 1054 2228 immane
1070 2186 1333 2245 supplicium
1351 2204 1444 2234 me-

53 2254 173 2290 retur
194 2246 286 2291 sine
306 2257 503 2307 peccato,
526 2258 575 2293 ut
592 2249 638 2294 in
662 2249 800 2296 aliena
821 2251 1052 2313 iniquitate
1068 2267 1321 2317 conceptus,
1343 2269 1444 2305 ante

53 2333 186 2377 quam
199 2329 323 2364 exeat
337 2319 392 2364 de
409 2320 645 2367 visceribus
668 2323 832 2378 matriS,
846 2325 936 2384 jam
954 2341 1042 2371 non
1060 2328 1113 2372 sit
1127 2329 1217 2373 sine
1235 2335 1443 2390 peceato?

53 2390 116 2432 De
136 2389 218 2433 hac
241 2399 386 2434 autem
409 2407 537 2451 poena
560 2393 840 2453 parvulorum
864 2395 1027 2441 animas
1042 2432 1053 2453 ,
1079 2399 1154 2458 qui
1177 2415 1441 2461 regeneran-

55 2459 192 2503 turin
212 2461 400 2518 Christo,
431 2463 563 2508 nullis
594 2479 747 2508 eorum
776 2466 1125 2525 praecedentibus
1154 2473 1318 2519 meritis
1341 2492 1442 2535 gra-

53 2529 163 2574 tuita
193 2529 348 2577 liberat
375 2534 511 2594 gratia
532 2533 755 2596 :alioquin
782 2538 918 2596 gratia
941 2538 1031 2598 jam
1056 2555 1147 2587 non
1168 2553 1232 2588 est
1254 2546 1390 2604 gratia
1408 2549 1436 2591 ¹.

109 2619 118 2637 ¹
138 2615 229 2648 Rom.
248 2627 296 2658 xl,
313 2615 346 2650 6.

1191 2684 1253 2722 19.
