1784 3205
342 209 425 248 412
771 218 804 247 5.
843 217 1073 247 meus-nm
1106 218 1286 246 Emscom

343 305 362 327 η
391 296 499 330 trem
528 300 674 340 suam,
705 294 747 329 et
772 284 1010 329 adhaerebit
1038 283 1161 328 uxori
1185 299 1273 327 suae
1290 318 1300 338 ‚
1333 292 1377 327 et
1404 293 1532 328 erunt
1564 284 1654 329 duo
1680 286 1721 329 in

343 374 362 397 »
387 371 515 400 earne
538 358 649 399 una¹
669 374 677 400 τ
703 373 721 396 »
747 364 790 399 et
812 370 945 408 nunc,
972 364 1144 413 propter
1166 354 1285 413 quod
1307 355 1515 413 seriptum
1532 364 1594 398 est
1616 373 1624 398 ι
1647 374 1667 396 «
1688 359 1725 399 A

342 444 362 467 »
389 426 573 471 Domino
593 425 791 485 jungitur
814 424 904 469 viro
929 424 1084 468 mulier
1106 428 1136 467 ².
1167 443 1184 465 »
1214 427 1365 484 Neque
1389 425 1504 468 enim
1530 424 1650 468 aliud
1675 425 1724 468 fit

339 498 468 542 etiam
490 513 605 541 nunc
628 512 759 557 quani
780 495 914 551 aliud,
942 505 989 540 ut
1013 495 1231 540 adhaereat
1253 497 1385 540 homo
1408 495 1529 539 uxori
1552 510 1657 551 suae,
1681 504 1725 540 et

338 569 423 612 sint
443 567 532 612 duo
553 569 597 611 in
621 583 748 612 carne
771 582 872 611 una.
901 570 962 610 De
984 568 1084 626 ipsis
1109 567 1270 626 quippe
1294 566 1472 625 nuptiis,
1494 581 1591 625 quae
1607 582 1724 611 nunc

338 641 466 693 fiunt,
487 638 712 682 consultus
732 647 794 682 est
812 638 1021 682 Dominus
1039 654 1061 682 a
1081 638 1258 691 Judaeis,
1282 647 1431 682 utrum
1448 636 1596 682 liceret
1613 653 1724 697 qua-

338 724 527 769 cumque
549 725 675 753 eausa
698 709 913 753 dimittere
938 724 1114 753 uxorem
1137 710 1167 750 ³.
1196 711 1253 751 Et
1274 709 1356 752 isto
1383 717 1723 753 commemorato

338 781 582 825 testimonio
608 780 711 838 legis
742 781 937 840 adjunxit
968 799 975 824 :
1011 799 1030 822 «
1056 780 1184 832 Quod
1207 794 1308 838 ergo
1332 782 1445 823 Deus
1467 780 1719 839 conjunxit,

338 851 469 895 homo
500 866 587 894 non
620 859 787 908 separet
810 851 840 893 4.
876 868 895 891 »
935 852 1027 894 Hoc
1059 850 1352 893 testimonium
1385 848 1490 908 legis
1523 848 1724 894 adhibuit

337 923 464 965 etiam
488 921 706 980 apostolus
733 922 907 978 Paulus,
934 936 1035 965 cum
1059 921 1172 966 viros
1196 929 1407 975 moneret,
1432 929 1482 964 ut
1505 921 1559 964 ab
1580 921 1638 965 eis
1656 920 1725 964 di-

337 992 572 1049 ligerentur
586 1007 741 1036 uxores
759 994 787 1035 ⁵.
808 992 932 1036 Absit
946 1007 1047 1050 ergo
1064 1027 1077 1047 ,
1096 1001 1143 1036 ut
1160 993 1204 1035 in
1221 991 1335 1036 libro
1351 1006 1448 1036 meo
1464 1001 1615 1036 contra
1630 992 1724 1037 haec

338 1063 579 1105 testimonia
605 1062 748 1106 divina
770 1062 849 1106 iste
871 1061 1033 1121 aliquid
1056 1061 1221 1119 legerit.
1251 1060 1333 1106 Sed
1354 1061 1422 1106 vel
1446 1076 1534 1106 non
1562 1061 1733 1106 intelli--

338 1130 496 1188 gendo,
521 1131 587 1174 vel
612 1132 746 1189 magis
766 1131 1090 1186 calumniando,
1117 1132 1162 1175 in
1185 1132 1319 1175 alium
1342 1147 1513 1175 sensum
1542 1142 1726 1177 conatur

337 1200 596 1260 detorquere
612 1201 730 1261 quod
745 1202 861 1258 legit.
884 1202 1065 1244 Librum
1084 1211 1229 1246 autem
1248 1217 1410 1257 meum,
1429 1211 1579 1247 contra
1593 1218 1725 1262 quem

337 1286 381 1314 se
404 1281 591 1331 quatuor
613 1271 770 1315 libellis
794 1271 1063 1330 respondisse
1084 1282 1412 1327 commemorat,
1432 1282 1525 1329 post
1544 1273 1725 1318 damna-

337 1341 500 1385 tionem
528 1341 687 1401 Pelagii
714 1341 994 1402 Coelestiique
1019 1343 1267 1401 conscripsi.
1295 1343 1423 1396 Quod
1446 1343 1546 1388 ideo
1573 1343 1723 1388 dicen-

337 1411 443 1455 dum
466 1414 630 1471 putavi,
656 1415 864 1472 quoniam
884 1414 962 1457 iste
982 1413 1102 1469 dicit,
1127 1415 1380 1459 abinimicis
1402 1415 1488 1459 suis
1509 1415 1555 1458 in
1575 1415 1724 1459 odium

337 1483 526 1526 veritatis
548 1484 662 1528 dicta
681 1500 775 1528 mea
794 1484 923 1529 fuisse
940 1494 1135 1544 suscepta
1154 1502 1231 1530 :ne
1248 1486 1346 1530 ideo
1364 1486 1594 1546 quisquam
1613 1486 1724 1530 exis-

338 1553 483 1607 timet,
506 1563 683 1612 propter
700 1555 817 1599 hunc
837 1555 998 1599 librum
1018 1572 1164 1600 meum
1184 1557 1381 1601 inimicos
1400 1557 1547 1616 gratiae
1565 1557 1724 1602 Christi

336 1637 470 1667 novos
498 1624 720 1669 haereticos
749 1625 879 1669 fuisse
908 1626 1150 1670 damnatos.
1182 1630 1232 1670 In
1253 1642 1304 1671 eo
1333 1637 1476 1671 autem
1506 1627 1619 1672 libro
1648 1626 1724 1671 de-

339 1692 473 1737 fensio
497 1703 560 1737 est
580 1695 745 1752 potius,
772 1710 902 1755 quam
927 1698 1205 1755 reprehensio
1230 1698 1499 1756 nuptiarum.

392 1766 447 1806 X.
476 1783 493 1805 «
528 1765 685 1809 Dicunt
707 1768 855 1821 etiam,
883 1768 1048 1826 inquit,
1075 1777 1241 1812 motum
1266 1768 1519 1826 genitalium
1541 1778 1584 1813 et
1607 1784 1723 1813 eom-

336 1835 588 1879 mixtionem
608 1838 861 1896 eonjugum,
880 1837 1091 1883 adiabolo
1107 1838 1236 1883 fuisse
1260 1850 1472 1898 repertam
1500 1859 1508 1884 :
1535 1849 1577 1883 et
1595 1855 1724 1899 prop-

334 1913 449 1948 terea
472 1921 543 1949 eos
565 1907 641 1965 qui
664 1917 902 1952 nascuntur
930 1909 1181 1953 innocentes
1203 1944 1213 1964 ‚
1251 1925 1343 1953 reos
1364 1925 1453 1953 esse
1479 1929 1487 1953 :
1515 1919 1557 1954 et
1586 1925 1608 1953 a
1627 1910 1720 1955 dia-

336 1974 437 2018 holo
455 1976 564 2031 fieri,
587 1992 675 2020 non
698 1992 719 2019 a
742 1980 847 2032 Deo,
866 1979 968 2038 quia
991 1978 1044 2022 de
1077 1980 1156 2023 hac
1178 1979 1391 2024 diabolica
1414 1981 1722 2025 commixtione

335 2055 586 2089 nascuntur.
602 2049 694 2090 Hoc
710 2057 854 2091 autem
868 2049 958 2092 sine
973 2048 1115 2108 aliqua
1131 2050 1414 2109 ambiguitate
1428 2051 1722 2095 Manichaeum

335 2123 412 2157 est.
442 2133 461 2155 »
490 2118 583 2159 Imo
604 2117 714 2160 sicut
736 2117 918 2162 dicimus
946 2135 969 2162 a
996 2123 1084 2163 Deo
1107 2121 1280 2178 nuptias
1302 2121 1522 2165 institutas
1543 2130 1722 2180 propter

335 2185 577 2229 ordinatam
611 2189 933 2245 generationem
966 2189 1154 2234 filiorum
1189 2212 1199 2247 3
1229 2191 1288 2234 ita
1315 2192 1498 2236 dicimus
1531 2192 1721 2237 filiorum

335 2256 649 2313 gignendorum
674 2259 1002 2304 seminationem
1026 2262 1116 2305 sine
1138 2271 1258 2306 motu
1283 2262 1536 2321 genitalium
1566 2273 1609 2308 et
1631 2265 1721 2308 sine

334 2327 639 2372 commixtione
656 2331 890 2389 conjugum
906 2346 985 2375 nec
1003 2332 1045 2374 in
1061 2332 1272 2391 paradiso,
1285 2333 1317 2376 si
1330 2333 1406 2376 filii
1420 2334 1717 2392 gignerentur,

335 2409 424 2439 esse
447 2398 650 2454 potuisse.
679 2400 764 2444 Sed
795 2410 941 2445 utrum
977 2402 1073 2447 talis
1107 2419 1258 2448 eorum
1283 2413 1429 2448 motus
1452 2413 1581 2465 atque
1598 2421 1720 2450 com-

383 2503 392 2516 ¹
421 2496 502 2529 Gen.
524 2509 568 2539 ιι,
604 2499 656 2541 24.
672 2517 712 2524 —-
730 2509 741 2524 ²
772 2505 864 2537 Prov.
887 2514 952 2545 xix,
991 2503 1039 2545 il..
1057 2521 1098 2527 —
1120 2502 1132 2526 3
1158 2504 1267 2538 Matth.
1294 2514 1360 2537 xix.
1391 2506 1420 2538 3.
1439 2505 1508 2531 -4
1527 2505 1607 2538 lbid.
1625 2506 1657 2538 6.
1677 2524 1717 2531 —

335 2550 350 2574 ⁵
369 2551 482 2594 Ephe-3.
502 2565 535 2596 v,
559 2556 611 2587 25.
