1784 3205
318 252 399 290 248
752 264 784 289 s.
822 259 1050 287 AuGusTuu
1085 258 1264 286 EPISCOP!

318 330 537 386 Scriptura
558 327 603 371 id
627 325 892 371 mendaciter
911 324 1087 368 diceret.
1114 326 1235 367 Tunc
1256 337 1358 381 ergo
1379 322 1600 381 dissipavit
1621 330 1700 365 tes-

319 408 558 444 tamentum
587 398 663 441 Dei
686 432 697 453 ‚
725 413 812 441 non
835 397 917 440 hoc
940 394 994 438 de
1016 395 1226 454 imperata
1247 393 1573 438 circumcisione
1590 428 1600 447 ,
1625 391 1701 436 sed

315 471 425 516 illud
450 470 504 515 de
534 470 641 528 ligni
676 468 983 528 prohibitione,
1011 467 1187 527 quando
1214 482 1290 525 per
1313 479 1452 509 unum
1480 463 1703 508 hominem

316 550 545 602 peccatum
569 540 745 583 intravit
766 539 811 581 in
835 536 1067 592 mundum,
1092 546 1135 581 et
1157 552 1234 596 per
1257 544 1483 594 peccatum
1505 548 1636 588 mors,
1660 541 1705 577 et

316 614 373 657 ita
395 614 441 657 in
464 626 611 656 omnes
634 611 830 654 homines
858 608 1128 668 pertransiit,
1154 608 1197 651 in
1219 622 1309 666 quo
1332 620 1480 650 omnes
1503 618 1705 663 peccave·

316 693 420 726 runt
442 685 471 725 ¹.
500 685 556 726 Et
581 683 664 726 hoc
689 683 732 725 in
755 681 828 725 illo
851 681 1176 739 significabatur
1197 678 1359 737 expiari
1381 676 1706 722 circumcisione

316 754 456 799 octavi
481 753 566 797 diei
586 788 596 807 ,
622 754 705 797 hoc
728 762 806 807 est,
832 761 1100 796 sacramento
1119 749 1370 795 Mediatoris
1388 749 1433 792 in
1454 763 1582 792 carne
1601 762 1706 792 ven-

316 824 403 868 turi
423 842 432 868 :
452 824 554 882 quia
571 838 649 882 per
671 822 869 867 camdem
891 822 1025 866 fidem
1047 821 1220 867 venturi
1242 822 1288 864 in
1311 835 1439 865 carne
1461 819 1639 873 Christi,
1663 826 1706 862 et

317 894 515 938 morituri
542 908 619 951 pro
645 892 786 948 nobis,
812 902 854 937 et
877 893 1004 937 tertio
1025 892 1110 947 die,
1137 891 1213 951 qui
1234 901 1331 951 post
1352 890 1584 950 septimum
1608 887 1708 933 sab-

316 964 405 1008 bati
433 964 576 1007 fuerat
598 962 773 1007 futurus
797 972 973 1008 octavus
990 997 1000 1016 ,
1025 962 1322 1016 resurrecturi,
1349 961 1478 1004 etiam
1498 960 1603 1020 justi
1622 958 1708 1003 sal-

318 1035 534 1080 vabantur
570 1033 738 1092 antiqui
765 1053 773 1077 ε
814 1052 833 1075 «
867 1032 1067 1076 Traditus
1098 1042 1161 1076 est
1191 1032 1306 1075 enim
1341 1039 1517 1090 propter
1551 1029 1709 1073 delicta

301 1115 478 1162 nostra,
510 1114 552 1149 et
577 1105 808 1148 resurrexit
833 1113 1008 1163 propter
1027 1104 1381 1163 justificationem
1412 1111 1604 1146 nostram
1622 1104 1655 1144 2.
1686 1119 1706 1141 »

294 1179 379 1236 ,QEx
397 1191 484 1235 quo
503 1176 618 1218 enim
636 1176 832 1218 instituta
852 1184 914 1218 est
933 1174 1202 1218 circumcisio
1219 1174 1263 1217 in
1283 1173 1446 1232 populo
1464 1173 1535 1216 Dei
1556 1207 1566 1226 ,
1588 1170 1711 1230 quod

319 1255 407 1290 erat
426 1255 530 1289 tunc
547 1245 821 1302 signaculum
834 1244 1013 1303 justitiae
1028 1244 1130 1287 fidei
1147 1245 1180 1298 3,
1201 1244 1259 1287 ita
1277 1244 1332 1286 ad
1350 1242 1712 1300 significationem

321 1316 587 1375 purgationis
602 1314 776 1359 valebat
791 1323 833 1358 et
849 1316 893 1357 in
912 1314 1102 1373 parvulis
1121 1312 1338 1371 originaiis
1357 1312 1597 1372 veterisque
1614 1326 1715 1370 pec-

318 1387 417 1440 cati,
444 1387 555 1430 sicut
587 1395 628 1429 et
658 1385 897 1444 baptismus
931 1399 981 1428 ex
1010 1383 1086 1428 illo
1117 1384 1259 1427 valere
1290 1383 1424 1442 coepit
1455 1383 1511 1426 ad
1538 1382 1713 1426 innova-

323 1459 484 1502 tionem
513 1456 725 1511 hominis,
761 1471 810 1499 ex
843 1470 931 1515 quo
959 1463 1023 1498 est
1057 1455 1426 1513 institutusl'fNon
1461 1452 1578 1512 quod
1615 1461 1716 1496 ante

322 1528 694 1571 circumcisionem
714 1526 882 1586 justitia
906 1524 1006 1569 fidei
1029 1524 1149 1568 nulla
1175 1534 1294 1582 erat·7
1321 1539 1422 1568 nam
1445 1539 1545 1567 curn
1574 1523 1717 1567 adhuc

325 1608 433 1642 esset
460 1599 505 1640 in
534 1597 765 1657 praeputio,
799 1612 849 1639 ex
877 1596 963 1640 fide
990 1596 1250 1655 justificatus
1276 1605 1338 1639 est
1364 1595 1454 1654 ipse
1477 1594 1715 1648 Abraham,

326 1678 447 1729 pater
471 1669 669 1727 gentium
690 1683 790 1728 quae
812 1666 944 1711 fidem
970 1667 1100 1726 ipsius
1124 1664 1296 1710 fuerant
1318 1674 1546 1709 sectaturae
1568 1666 1582 1689 4
1609 1684 1617 1708 ε
1644 1663 1718 1708 sed

327 1740 621 1800 superioribus
647 1738 918 1798 temporibus
949 1739 1069 1782 omni
1099 1737 1230 1782 modo
1253 1737 1381 1781 latuit
1402 1744 1721 1780 sacramentum

324 1810 642 1871 justificationis
672 1825 721 1853 ex
744 1808 845 1853 fide.
874 1809 1038 1853 Eadem
1062 1817 1210 1852 tamen
1231 1808 1338 1852 fides
1362 1807 1610 1851 mediatoris
1636 1805 1721 1850 sal-

329 1897 403 1926 vos
428 1883 566 1941 justos
595 1879 782 1924 faciebat
803 1880 1028 1939 antiquos,
1054 1878 1233 1938 pusillos
1263 1893 1364 1923 cum
1400 1878 1598 1937 magnis,
1634 1892 1723 1923 non

330 1962 454 1996 vetus
478 1960 786 1996 testamentum
809 1950 930 2011 quod
951 1951 997 1994 in
1019 1950 1271 1995 servitutem
1294 1957 1468 2007 generat
1487 1950 1519 2003 ⁵,
1545 1963 1634 1993 non
1655 1947 1723 1992 lex

333 2039 432 2081 quae
456 2038 546 2066 non
572 2023 630 2066 sic
653 2031 716 2066 est
739 2022 839 2065 data
860 2055 871 2075 ,
897 2037 996 2080 quae
1022 2029 1166 2079 posset
1188 2020 1405 2066 vivificare
1428 2021 1461 2075 ⁶,
1489 2018 1564 2064 sed
1592 2019 1725 2077 gratia

334 2094 412 2137 Dei
435 2108 510 2152 per
536 2096 684 2136 Jesum
707 2093 929 2137 Christum
958 2092 1193 2135 Dominum
1215 2100 1413 2136 nostrum
1431 2093 1462 2135 ⁷.
1482 2091 1594 2144 Quia
1616 2091 1725 2135 sicut

336 2163 555 2209 credimus
575 2179 649 2208 nos
667 2163 887 2208 Christum
902 2163 947 2206 in
965 2177 1094 2206 carne
1109 2163 1292 2217 venisse,
1306 2161 1365 2206 sic
1383 2161 1446 2205 illi
1463 2170 1696 2206 venturum
1713 2181 1723 2207 ε

336 2236 448 2280 sicut
485 2251 563 2280 nos
606 2244 829 2278 mortuum
848 2269 858 2289 ,
895 2234 951 2278 ita
985 2233 1050 2277 illi
1081 2235 1342 2278 moriturum
1370 2252 1378 2278 ε
1404 2233 1516 2278 sicut
1547 2249 1626 2278 nos
1657 2249 1727 2277 re-

339 2307 589 2361 surrexisse,
615 2306 675 2350 ita
704 2305 767 2349 illi
791 2314 1135 2349 resurrecturum
1162 2324 1170 2349 :
1192 2313 1236 2348 et
1260 2319 1338 2348 nos
1366 2318 1468 2348 vero
1493 2312 1535 2348 et
1557 2303 1619 2347 illi
1635 2339 1646 2359 ‚
1673 2305 1728 2349 ad

335 2376 551 2436 judicium
588 2385 864 2420 mortuorum
895 2375 1183 2434 vivorumque
1209 2383 1457 2419 venturum.
1495 2377 1593 2420 Non
1627 2389 1729 2432 ergo

340 2449 417 2491 iste
446 2448 682 2490 humanam
713 2445 822 2490 male
852 2444 1131 2490 defendendo
1155 2443 1363 2504 impediat
1386 2460 1409 2490 a
1435 2444 1574 2489 salute
1602 2454 1729 2488 natu-

392 2557 400 2573 ¹
420 2553 509 2582 Rom.
530 2561 562 2591 v,
586 2558 634 2582 12.
652 2566 691 2571 —
706 2556 717 2571 ²
734 2549 779 2581 ld.
804 2549 975 2590 1v‚t›.:3.-—
992 2549 1106 2582 31bid.
1132 2548 1352 2582 11.—41bid.
1376 2558 1424 2582 10.
1439 2564 1480 2572 -·-
1494 2546 1652 2587 5Gal.1v‚
1672 2547 1726 2589 24.

349 2606 478 2640 -01d.
501 2618 546 2648 111,
574 2616 626 2639 21,
646 2624 678 2630 --
700 2609 818 2639 71'10111.
840 2616 874 2647 11,
898 2605 951 2639 25.
