<?xml version="1.0" encoding="UTF-8"?>
<!DOCTYPE html PUBLIC "-//W3C//DTD XHTML 1.0 Transitional//EN"
    "http://www.w3.org/TR/xhtml1/DTD/xhtml1-transitional.dtd">
<html xmlns="http://www.w3.org/1999/xhtml" xml:lang="en" lang="en">
 <head>
  <title>
</title>
<meta http-equiv="Content-Type" content="text/html;charset=utf-8" />
  <meta name='ocr-system' content='tesseract 3.04.00' />
  <meta name='ocr-capabilities' content='ocr_page ocr_carea ocr_par ocr_line ocrx_word'/>
</head>
<body>
  <div class='ocr_page' id='page_1' title='image "./operaomniaaccura34auguuoft_0143.png"; bbox 0 0 1804 3205; ppageno 0'>
   <div class='ocr_carea' id='block_1_1' title="bbox 439 215 1444 254">
    <p class='ocr_par' dir='ltr' id='par_1_1' title="bbox 439 215 1444 254">
     <span class='ocr_line' id='line_1_1' title="bbox 439 215 1444 254; baseline -0.001 -2"><span class='ocrx_word' id='word_1_1' title='bbox 439 229 515 253; x_wconf 72' lang='lat' dir='ltr'>mu.</span> <span class='ocrx_word' id='word_1_2' title='bbox 554 228 581 252; x_wconf 91' lang='lat'>1.</span> <span class='ocrx_word' id='word_1_3' title='bbox 620 227 672 253; x_wconf 79' lang='lat' dir='ltr'>nr.</span> <span class='ocrx_word' id='word_1_4' title='bbox 707 223 858 254; x_wconf 64' lang='grc' dir='ltr'>αιιΑἰίκ</span> <span class='ocrx_word' id='word_1_5' title='bbox 894 226 1074 251; x_wconf 72' lang='lat' dir='ltr'>cunis&#39;ri.</span> <span class='ocrx_word' id='word_1_6' title='bbox 1367 215 1444 251; x_wconf 62' lang='lat'>1:33</span> 
     </span>
    </p>
   </div>
   <div class='ocr_carea' id='block_1_2' title="bbox 60 292 1461 2533">
    <p class='ocr_par' dir='ltr' id='par_1_2' title="bbox 60 292 1450 707">
     <span class='ocr_line' id='line_1_2' title="bbox 62 292 1447 353; baseline -0.001 -17"><span class='ocrx_word' id='word_1_7' title='bbox 62 304 152 338; x_wconf 73' lang='lat' dir='ltr'>erat</span> <span class='ocrx_word' id='word_1_8' title='bbox 182 295 348 352; x_wconf 75' lang='lat' dir='ltr'><strong>integer</strong></span> <span class='ocrx_word' id='word_1_9' title='bbox 379 307 541 345; x_wconf 62' lang='lat' dir='ltr'>sensim,</span> <span class='ocrx_word' id='word_1_10' title='bbox 579 302 626 336; x_wconf 86' lang='lat' dir='ltr'>ut</span> <span class='ocrx_word' id='word_1_11' title='bbox 662 308 845 353; x_wconf 81' lang='lat' dir='ltr'>nequam</span> <span class='ocrx_word' id='word_1_12' title='bbox 877 292 1061 352; x_wconf 86' lang='lat' dir='ltr'>spiritui,</span> <span class='ocrx_word' id='word_1_13' title='bbox 1099 292 1233 335; x_wconf 84' lang='lat' dir='ltr'>sancti</span> <span class='ocrx_word' id='word_1_14' title='bbox 1267 292 1447 349; x_wconf 85' lang='lat' dir='ltr'>Spiritus</span> 
     </span>
     <span class='ocr_line' id='line_1_3' title="bbox 62 362 1449 423; baseline -0.004 -14"><span class='ocrx_word' id='word_1_15' title='bbox 62 365 237 418; x_wconf 78' lang='lat' dir='ltr'>auxilio,</span> <span class='ocrx_word' id='word_1_16' title='bbox 266 365 539 408; x_wconf 78' lang='lat' dir='ltr'>resistamus?</span> <span class='ocrx_word' id='word_1_17' title='bbox 564 382 583 405; x_wconf 66' lang='grc' dir='ltr'><strong>η</strong></span> <span class='ocrx_word' id='word_1_18' title='bbox 612 363 694 408; x_wconf 81' lang='lat' dir='ltr'>Sed</span> <span class='ocrx_word' id='word_1_19' title='bbox 711 374 924 423; x_wconf 81' lang='lat' dir='ltr'>quantum</span> <span class='ocrx_word' id='word_1_20' title='bbox 944 363 1253 406; x_wconf 76' lang='lat' dir='ltr'>detrimentum</span> <span class='ocrx_word' id='word_1_21' title='bbox 1275 362 1355 404; x_wconf 82' lang='lat' dir='ltr'>boc</span> <span class='ocrx_word' id='word_1_22' title='bbox 1373 362 1449 404; x_wconf 76' lang='lat' dir='ltr'>ad-</span> 
     </span>
     <span class='ocr_line' id='line_1_4' title="bbox 61 432 1446 495; baseline -0.004 -16"><span class='ocrx_word' id='word_1_23' title='bbox 61 437 299 480; x_wconf 84' lang='lat' dir='ltr'>ditamento</span> <span class='ocrx_word' id='word_1_24' title='bbox 319 435 483 487; x_wconf 66' lang='lat' dir='ltr'>{bem-it,</span> <span class='ocrx_word' id='word_1_25' title='bbox 502 436 598 495; x_wconf 81' lang='lat' dir='ltr'>quis</span> <span class='ocrx_word' id='word_1_26' title='bbox 612 451 699 478; x_wconf 92' lang='lat' dir='ltr'>non</span> <span class='ocrx_word' id='word_1_27' title='bbox 718 435 956 492; x_wconf 69' lang='lat' dir='ltr'>intelligat?</span> <span class='ocrx_word' id='word_1_28' title='bbox 972 433 1127 478; x_wconf 89' lang='lat' dir='ltr'>Volens</span> <span class='ocrx_word' id='word_1_29' title='bbox 1142 434 1293 492; x_wconf 82' lang='lat' dir='ltr'>utiquc</span> <span class='ocrx_word' id='word_1_30' title='bbox 1312 432 1446 484; x_wconf 88' lang='lat' dir='ltr'>credi,</span> 
     </span>
     <span class='ocr_line' id='line_1_5' title="bbox 63 503 1450 566; baseline -0.005 -16"><span class='ocrx_word' id='word_1_31' title='bbox 63 516 200 550; x_wconf 85' lang='lat' dir='ltr'>tantas</span> <span class='ocrx_word' id='word_1_32' title='bbox 219 522 307 550; x_wconf 85' lang='lat' dir='ltr'>esse</span> <span class='ocrx_word' id='word_1_33' title='bbox 340 515 506 550; x_wconf 71' lang='lat' dir='ltr'>naturae</span> <span class='ocrx_word' id='word_1_34' title='bbox 526 507 659 560; x_wconf 88' lang='lat' dir='ltr'>vires,</span> <span class='ocrx_word' id='word_1_35' title='bbox 686 521 791 566; x_wconf 78' lang='lat' dir='ltr'>quas</span> <span class='ocrx_word' id='word_1_36' title='bbox 823 505 1072 550; x_wconf 76' lang='lat' dir='ltr'>extollendo</span> <span class='ocrx_word' id='word_1_37' title='bbox 1109 503 1372 563; x_wconf 67' lang='lat' dir='ltr'>prsecipitat,</span> <span class='ocrx_word' id='word_1_38' title='bbox 1403 510 1450 544; x_wconf 86' lang='lat' dir='ltr'>ut</span> 
     </span>
     <span class='ocr_line' id='line_1_6' title="bbox 60 574 1450 635; baseline -0.004 -16"><span class='ocrx_word' id='word_1_39' title='bbox 60 577 188 620; x_wconf 83' lang='lat' dir='ltr'>etiam</span> <span class='ocrx_word' id='word_1_40' title='bbox 203 577 293 620; x_wconf 83' lang='lat' dir='ltr'>sine</span> <span class='ocrx_word' id='word_1_41' title='bbox 315 575 472 620; x_wconf 74' lang='lat' dir='ltr'>auxilio</span> <span class='ocrx_word' id='word_1_42' title='bbox 497 576 680 635; x_wconf 79' lang='lat' dir='ltr'>Spiritus</span> <span class='ocrx_word' id='word_1_43' title='bbox 697 577 849 628; x_wconf 84' lang='lat' dir='ltr'>sancti,</span> <span class='ocrx_word' id='word_1_44' title='bbox 875 577 951 619; x_wconf 87' lang='lat' dir='ltr'>etsi</span> <span class='ocrx_word' id='word_1_45' title='bbox 978 576 1120 619; x_wconf 86' lang='lat' dir='ltr'>minus</span> <span class='ocrx_word' id='word_1_46' title='bbox 1142 574 1281 627; x_wconf 80' lang='lat' dir='ltr'>facile,</span> <span class='ocrx_word' id='word_1_47' title='bbox 1304 582 1450 618; x_wconf 87' lang='lat' dir='ltr'>tamen</span> 
     </span>
     <span class='ocr_line' id='line_1_7' title="bbox 60 647 1006 707; baseline -0.002 -16"><span class='ocrx_word' id='word_1_48' title='bbox 60 647 204 707; x_wconf 82' lang='lat' dir='ltr'>aliquo</span> <span class='ocrx_word' id='word_1_49' title='bbox 224 647 354 692; x_wconf 92' lang='lat' dir='ltr'>modo</span> <span class='ocrx_word' id='word_1_50' title='bbox 376 662 562 707; x_wconf 84' lang='lat' dir='ltr'>nequam</span> <span class='ocrx_word' id='word_1_51' title='bbox 581 648 748 706; x_wconf 88' lang='lat' dir='ltr'>spiritui</span> <span class='ocrx_word' id='word_1_52' title='bbox 773 648 1006 692; x_wconf 77' lang='lat' dir='ltr'>resistatur.</span> 
     </span>
    </p>

    <p class='ocr_par' dir='ltr' id='par_1_3' title="bbox 60 716 1457 1339">
     <span class='ocr_line' id='line_1_8' title="bbox 119 716 1452 777; baseline -0.004 -15"><span class='ocrx_word' id='word_1_53' title='bbox 119 720 283 762; x_wconf 75' lang='lat' dir='ltr'>XXIX.</span> <span class='ocrx_word' id='word_1_54' title='bbox 313 721 419 761; x_wconf 82' lang='lat' dir='ltr'>ltein</span> <span class='ocrx_word' id='word_1_55' title='bbox 446 719 488 761; x_wconf 90' lang='lat' dir='ltr'>in</span> <span class='ocrx_word' id='word_1_56' title='bbox 515 718 655 776; x_wconf 90' lang='lat' dir='ltr'>primo</span> <span class='ocrx_word' id='word_1_57' title='bbox 677 718 789 762; x_wconf 86' lang='lat' dir='ltr'>libro</span> <span class='ocrx_word' id='word_1_58' title='bbox 809 733 886 777; x_wconf 87' lang='lat' dir='ltr'>pro</span> <span class='ocrx_word' id='word_1_59' title='bbox 906 717 1045 761; x_wconf 90' lang='lat' dir='ltr'>libero</span> <span class='ocrx_word' id='word_1_60' title='bbox 1069 716 1248 760; x_wconf 88' lang='lat' dir='ltr'>arbitrio</span> <span class='ocrx_word' id='word_1_61' title='bbox 1270 734 1278 759; x_wconf 69' lang='grc' dir='ltr'>ς</span> <span class='ocrx_word' id='word_1_62' title='bbox 1303 716 1452 759; x_wconf 90' lang='lat' dir='ltr'>«Cum</span> 
     </span>
     <span class='ocr_line' id='line_1_9' title="bbox 62 784 1453 848; baseline -0.003 -16"><span class='ocrx_word' id='word_1_63' title='bbox 62 797 206 832; x_wconf 84' lang='lat' dir='ltr'>autem</span> <span class='ocrx_word' id='word_1_64' title='bbox 232 799 318 832; x_wconf 85' lang='lat' dir='ltr'>tam</span> <span class='ocrx_word' id='word_1_65' title='bbox 344 787 475 842; x_wconf 87' lang='lat' dir='ltr'>forte,</span> <span class='ocrx_word' id='word_1_66' title='bbox 502 789 659 848; x_wconf 78' lang='lat' dir='ltr'>inquit,</span> <span class='ocrx_word' id='word_1_67' title='bbox 694 797 779 832; x_wconf 88' lang='lat' dir='ltr'>tam</span> <span class='ocrx_word' id='word_1_68' title='bbox 808 790 981 832; x_wconf 80' lang='lat' dir='ltr'>firmum</span> <span class='ocrx_word' id='word_1_69' title='bbox 1000 788 1054 832; x_wconf 87' lang='lat' dir='ltr'>ad</span> <span class='ocrx_word' id='word_1_70' title='bbox 1077 803 1164 832; x_wconf 89' lang='lat' dir='ltr'>non</span> <span class='ocrx_word' id='word_1_71' title='bbox 1183 784 1453 846; x_wconf 83' lang='lat' dir='ltr'>peccandum</span> 
     </span>
     <span class='ocr_line' id='line_1_10' title="bbox 60 855 1456 918; baseline -0.004 -16"><span class='ocrx_word' id='word_1_72' title='bbox 60 859 245 902; x_wconf 88' lang='lat' dir='ltr'>liberum</span> <span class='ocrx_word' id='word_1_73' title='bbox 272 859 315 902; x_wconf 90' lang='lat' dir='ltr'>in</span> <span class='ocrx_word' id='word_1_74' title='bbox 344 859 469 903; x_wconf 89' lang='lat' dir='ltr'>nobis</span> <span class='ocrx_word' id='word_1_75' title='bbox 505 859 740 903; x_wconf 79' lang='lat' dir='ltr'>habeamus</span> <span class='ocrx_word' id='word_1_76' title='bbox 765 860 1016 914; x_wconf 78' lang='lat' dir='ltr'>arbitrium,</span> <span class='ocrx_word' id='word_1_77' title='bbox 1048 857 1166 918; x_wconf 84' lang='lat' dir='ltr'>quod</span> <span class='ocrx_word' id='word_1_78' title='bbox 1198 855 1456 916; x_wconf 81' lang='lat' dir='ltr'>generaliter</span> 
     </span>
     <span class='ocr_line' id='line_1_11' title="bbox 61 925 1452 987; baseline -0.004 -15"><span class='ocrx_word' id='word_1_79' title='bbox 61 938 228 973; x_wconf 79' lang='lat' dir='ltr'>naturae</span> <span class='ocrx_word' id='word_1_80' title='bbox 252 931 453 973; x_wconf 68' lang='lat' dir='ltr'>humanm</span> <span class='ocrx_word' id='word_1_81' title='bbox 471 932 649 974; x_wconf 78' lang='lat' dir='ltr'>Creator</span> <span class='ocrx_word' id='word_1_82' title='bbox 672 931 867 983; x_wconf 86' lang='lat' dir='ltr'>inseruit,</span> <span class='ocrx_word' id='word_1_83' title='bbox 897 945 1043 973; x_wconf 91' lang='lat' dir='ltr'>rursus</span> <span class='ocrx_word' id='word_1_84' title='bbox 1065 944 1144 987; x_wconf 85' lang='lat' dir='ltr'>pro</span> <span class='ocrx_word' id='word_1_85' title='bbox 1163 925 1452 971; x_wconf 79' lang='lat' dir='ltr'>inaestimabili</span> 
     </span>
     <span class='ocr_line' id='line_1_12' title="bbox 61 996 1452 1059; baseline -0.003 -17"><span class='ocrx_word' id='word_1_86' title='bbox 61 1000 151 1058; x_wconf 87' lang='lat' dir='ltr'>ejus</span> <span class='ocrx_word' id='word_1_87' title='bbox 183 1000 475 1057; x_wconf 82' lang='lat' dir='ltr'>benignitate,</span> <span class='ocrx_word' id='word_1_88' title='bbox 513 999 769 1059; x_wconf 77' lang='lat' dir='ltr'>quotidiano</span> <span class='ocrx_word' id='word_1_89' title='bbox 813 1000 944 1057; x_wconf 90' lang='lat' dir='ltr'>ipsius</span> <span class='ocrx_word' id='word_1_90' title='bbox 979 998 1200 1042; x_wconf 87' lang='lat' dir='ltr'>munimur</span> <span class='ocrx_word' id='word_1_91' title='bbox 1235 996 1452 1041; x_wconf 80' lang='lat' dir='ltr'>auxilio.»</span> 
     </span>
     <span class='ocr_line' id='line_1_13' title="bbox 61 1065 1456 1128; baseline -0.003 -16"><span class='ocrx_word' id='word_1_92' title='bbox 61 1070 177 1122; x_wconf 84' lang='lat' dir='ltr'>Quid</span> <span class='ocrx_word' id='word_1_93' title='bbox 201 1085 308 1128; x_wconf 88' lang='lat' dir='ltr'>opus</span> <span class='ocrx_word' id='word_1_94' title='bbox 325 1079 386 1113; x_wconf 86' lang='lat' dir='ltr'>est</span> <span class='ocrx_word' id='word_1_95' title='bbox 410 1071 492 1114; x_wconf 87' lang='lat' dir='ltr'>hoc</span> <span class='ocrx_word' id='word_1_96' title='bbox 510 1069 685 1122; x_wconf 85' lang='lat' dir='ltr'>auxilio,</span> <span class='ocrx_word' id='word_1_97' title='bbox 710 1071 741 1112; x_wconf 91' lang='lat' dir='ltr'>si</span> <span class='ocrx_word' id='word_1_98' title='bbox 769 1079 854 1113; x_wconf 85' lang='lat' dir='ltr'>tam</span> <span class='ocrx_word' id='word_1_99' title='bbox 878 1069 1006 1122; x_wconf 87' lang='lat' dir='ltr'>forte,</span> <span class='ocrx_word' id='word_1_100' title='bbox 1027 1079 1113 1112; x_wconf 85' lang='lat' dir='ltr'>tam</span> <span class='ocrx_word' id='word_1_101' title='bbox 1134 1069 1304 1112; x_wconf 88' lang='lat' dir='ltr'>firmum</span> <span class='ocrx_word' id='word_1_102' title='bbox 1322 1065 1456 1111; x_wconf 83' lang='lat' dir='ltr'>estad</span> 
     </span>
     <span class='ocr_line' id='line_1_14' title="bbox 63 1137 1457 1199; baseline -0.002 -17"><span class='ocrx_word' id='word_1_103' title='bbox 63 1155 149 1183; x_wconf 90' lang='lat' dir='ltr'>non</span> <span class='ocrx_word' id='word_1_104' title='bbox 172 1139 442 1199; x_wconf 84' lang='lat' dir='ltr'>peccandum</span> <span class='ocrx_word' id='word_1_105' title='bbox 462 1140 649 1183; x_wconf 82' lang='lat' dir='ltr'>liberum</span> <span class='ocrx_word' id='word_1_106' title='bbox 672 1140 934 1183; x_wconf 75' lang='lat' dir='ltr'>arbitrium?</span> <span class='ocrx_word' id='word_1_107' title='bbox 954 1138 1036 1184; x_wconf 86' lang='lat' dir='ltr'>Sed</span> <span class='ocrx_word' id='word_1_108' title='bbox 1057 1139 1185 1183; x_wconf 86' lang='lat' dir='ltr'>etiam</span> <span class='ocrx_word' id='word_1_109' title='bbox 1202 1138 1376 1181; x_wconf 84' lang='lat' dir='ltr'>hievult</span> <span class='ocrx_word' id='word_1_110' title='bbox 1394 1137 1457 1179; x_wconf 88' lang='lat' dir='ltr'>in-</span> 
     </span>
     <span class='ocr_line' id='line_1_15' title="bbox 64 1208 1452 1268; baseline -0.002 -16"><span class='ocrx_word' id='word_1_111' title='bbox 64 1209 214 1268; x_wconf 77' lang='lat' dir='ltr'>telligi,</span> <span class='ocrx_word' id='word_1_112' title='bbox 241 1210 295 1254; x_wconf 88' lang='lat' dir='ltr'>ad</span> <span class='ocrx_word' id='word_1_113' title='bbox 322 1211 403 1254; x_wconf 87' lang='lat' dir='ltr'>hoc</span> <span class='ocrx_word' id='word_1_114' title='bbox 427 1225 516 1254; x_wconf 87' lang='lat' dir='ltr'>esse</span> <span class='ocrx_word' id='word_1_115' title='bbox 538 1210 765 1263; x_wconf 82' lang='lat' dir='ltr'>auxilium,</span> <span class='ocrx_word' id='word_1_116' title='bbox 793 1220 840 1254; x_wconf 88' lang='lat' dir='ltr'>ut</span> <span class='ocrx_word' id='word_1_117' title='bbox 863 1210 1028 1254; x_wconf 83' lang='lat' dir='ltr'>faciiius</span> <span class='ocrx_word' id='word_1_118' title='bbox 1052 1210 1125 1253; x_wconf 82' lang='lat' dir='ltr'>fiat</span> <span class='ocrx_word' id='word_1_119' title='bbox 1146 1224 1222 1268; x_wconf 88' lang='lat' dir='ltr'>per</span> <span class='ocrx_word' id='word_1_120' title='bbox 1245 1208 1423 1266; x_wconf 77' lang='lat' dir='ltr'>gratiam</span> <span class='ocrx_word' id='word_1_121' title='bbox 1442 1241 1452 1259; x_wconf 83' lang='lat'><em>‚</em></span> 
     </span>
     <span class='ocr_line' id='line_1_16' title="bbox 63 1279 1451 1339; baseline -0.003 -16"><span class='ocrx_word' id='word_1_122' title='bbox 63 1281 181 1339; x_wconf 76' lang='lat' dir='ltr'>quod</span> <span class='ocrx_word' id='word_1_123' title='bbox 204 1282 281 1324; x_wconf 85' lang='lat' dir='ltr'>etsi</span> <span class='ocrx_word' id='word_1_124' title='bbox 311 1282 454 1324; x_wconf 91' lang='lat' dir='ltr'>minus</span> <span class='ocrx_word' id='word_1_125' title='bbox 478 1280 620 1335; x_wconf 83' lang='lat' dir='ltr'>facile,</span> <span class='ocrx_word' id='word_1_126' title='bbox 646 1291 790 1325; x_wconf 88' lang='lat' dir='ltr'>tamen</span> <span class='ocrx_word' id='word_1_127' title='bbox 819 1290 944 1339; x_wconf 87' lang='lat' dir='ltr'>putat</span> <span class='ocrx_word' id='word_1_128' title='bbox 966 1281 1057 1323; x_wconf 84' lang='lat' dir='ltr'>fieri</span> <span class='ocrx_word' id='word_1_129' title='bbox 1080 1289 1236 1339; x_wconf 80' lang='lat' dir='ltr'>praeter</span> <span class='ocrx_word' id='word_1_130' title='bbox 1259 1279 1451 1336; x_wconf 84' lang='lat' dir='ltr'>gratiam.</span> 
     </span>
    </p>

    <p class='ocr_par' dir='ltr' id='par_1_4' title="bbox 65 1349 1459 1970">
     <span class='ocr_line' id='line_1_17' title="bbox 126 1349 1457 1408; baseline -0.004 -14"><span class='ocrx_word' id='word_1_131' title='bbox 126 1353 264 1395; x_wconf 75' lang='lat' dir='ltr'>XXX.</span> <span class='ocrx_word' id='word_1_132' title='bbox 291 1355 399 1395; x_wconf 85' lang='lat' dir='ltr'>Item</span> <span class='ocrx_word' id='word_1_133' title='bbox 434 1353 479 1395; x_wconf 86' lang='lat' dir='ltr'>in</span> <span class='ocrx_word' id='word_1_134' title='bbox 511 1352 663 1395; x_wconf 77' lang='lat' dir='ltr'>codem</span> <span class='ocrx_word' id='word_1_135' title='bbox 698 1352 809 1395; x_wconf 83' lang='lat' dir='ltr'>libro</span> <span class='ocrx_word' id='word_1_136' title='bbox 833 1352 915 1395; x_wconf 81' lang='lat' dir='ltr'>atio</span> <span class='ocrx_word' id='word_1_137' title='bbox 944 1352 1040 1395; x_wconf 90' lang='lat' dir='ltr'>loco</span> <span class='ocrx_word' id='word_1_138' title='bbox 1071 1371 1079 1394; x_wconf 70' lang='grc' dir='ltr'>ε</span> <span class='ocrx_word' id='word_1_139' title='bbox 1111 1370 1129 1392; x_wconf 91' lang='lat'>«</span> <span class='ocrx_word' id='word_1_140' title='bbox 1158 1353 1213 1394; x_wconf 92' lang='lat' dir='ltr'>Ut</span> <span class='ocrx_word' id='word_1_141' title='bbox 1235 1349 1354 1408; x_wconf 77' lang='lat' dir='ltr'>quod</span> <span class='ocrx_word' id='word_1_142' title='bbox 1381 1363 1457 1407; x_wconf 83' lang='lat' dir='ltr'>per</span> 
     </span>
     <span class='ocr_line' id='line_1_18' title="bbox 67 1418 1457 1481; baseline -0.003 -18"><span class='ocrx_word' id='word_1_143' title='bbox 67 1421 274 1474; x_wconf 85' lang='lat' dir='ltr'>liberum,</span> <span class='ocrx_word' id='word_1_144' title='bbox 300 1422 456 1480; x_wconf 82' lang='lat' dir='ltr'>inquit,</span> <span class='ocrx_word' id='word_1_145' title='bbox 476 1421 669 1465; x_wconf 83' lang='lat' dir='ltr'>homines</span> <span class='ocrx_word' id='word_1_146' title='bbox 694 1420 832 1464; x_wconf 86' lang='lat' dir='ltr'>facere</span> <span class='ocrx_word' id='word_1_147' title='bbox 846 1422 1060 1481; x_wconf 86' lang='lat' dir='ltr'>jubentur</span> <span class='ocrx_word' id='word_1_148' title='bbox 1082 1420 1324 1472; x_wconf 79' lang='lat' dir='ltr'>arbitrium,</span> <span class='ocrx_word' id='word_1_149' title='bbox 1352 1418 1457 1460; x_wconf 80' lang='lat' dir='ltr'>faei-</span> 
     </span>
     <span class='ocr_line' id='line_1_19' title="bbox 70 1488 1458 1550; baseline -0.002 -17"><span class='ocrx_word' id='word_1_150' title='bbox 70 1490 151 1534; x_wconf 83' lang='lat' dir='ltr'>tius</span> <span class='ocrx_word' id='word_1_151' title='bbox 177 1493 340 1550; x_wconf 83' lang='lat' dir='ltr'>possint</span> <span class='ocrx_word' id='word_1_152' title='bbox 379 1491 558 1549; x_wconf 89' lang='lat' dir='ltr'>implere</span> <span class='ocrx_word' id='word_1_153' title='bbox 582 1506 658 1549; x_wconf 92' lang='lat' dir='ltr'>per</span> <span class='ocrx_word' id='word_1_154' title='bbox 681 1492 875 1549; x_wconf 82' lang='lat' dir='ltr'>gratiam.</span> <span class='ocrx_word' id='word_1_155' title='bbox 906 1509 926 1531; x_wconf 88' lang='lat'>»</span> <span class='ocrx_word' id='word_1_156' title='bbox 955 1490 1075 1535; x_wconf 85' lang='lat' dir='ltr'>Tolle</span> <span class='ocrx_word' id='word_1_157' title='bbox 1111 1509 1130 1531; x_wconf 92' lang='lat'>«</span> <span class='ocrx_word' id='word_1_158' title='bbox 1154 1488 1339 1542; x_wconf 81' lang='lat' dir='ltr'>facilius,</span> <span class='ocrx_word' id='word_1_159' title='bbox 1369 1506 1388 1528; x_wconf 68' lang='grc' dir='ltr'>η</span> <span class='ocrx_word' id='word_1_160' title='bbox 1416 1496 1458 1530; x_wconf 86' lang='lat' dir='ltr'>et</span> 
     </span>
     <span class='ocr_line' id='line_1_20' title="bbox 66 1557 1458 1621; baseline -0.003 -17"><span class='ocrx_word' id='word_1_161' title='bbox 66 1577 153 1605; x_wconf 88' lang='lat' dir='ltr'>non</span> <span class='ocrx_word' id='word_1_162' title='bbox 178 1562 315 1605; x_wconf 91' lang='lat' dir='ltr'>solum</span> <span class='ocrx_word' id='word_1_163' title='bbox 337 1562 508 1621; x_wconf 78' lang='lat' dir='ltr'>plenus,</span> <span class='ocrx_word' id='word_1_164' title='bbox 530 1577 681 1605; x_wconf 89' lang='lat' dir='ltr'>verum</span> <span class='ocrx_word' id='word_1_165' title='bbox 705 1562 832 1605; x_wconf 86' lang='lat' dir='ltr'>etiam</span> <span class='ocrx_word' id='word_1_166' title='bbox 852 1577 980 1605; x_wconf 88' lang='lat' dir='ltr'>sanus</span> <span class='ocrx_word' id='word_1_167' title='bbox 998 1570 1062 1604; x_wconf 84' lang='lat' dir='ltr'>est.</span> <span class='ocrx_word' id='word_1_168' title='bbox 1078 1575 1242 1614; x_wconf 87' lang='lat' dir='ltr'>sensus,</span> <span class='ocrx_word' id='word_1_169' title='bbox 1261 1559 1294 1603; x_wconf 88' lang='lat' dir='ltr'>si</span> <span class='ocrx_word' id='word_1_170' title='bbox 1317 1560 1374 1602; x_wconf 85' lang='lat' dir='ltr'>ita</span> <span class='ocrx_word' id='word_1_171' title='bbox 1398 1557 1458 1601; x_wconf 91' lang='lat' dir='ltr'>di-</span> 
     </span>
     <span class='ocr_line' id='line_1_21' title="bbox 65 1630 1458 1692; baseline -0.002 -18"><span class='ocrx_word' id='word_1_172' title='bbox 65 1641 190 1675; x_wconf 85' lang='lat' dir='ltr'>catur</span> <span class='ocrx_word' id='word_1_173' title='bbox 216 1651 224 1676; x_wconf 82' lang='lat' dir='ltr'>z</span> <span class='ocrx_word' id='word_1_174' title='bbox 256 1651 275 1674; x_wconf 94' lang='lat'>«</span> <span class='ocrx_word' id='word_1_175' title='bbox 302 1635 359 1676; x_wconf 84' lang='lat' dir='ltr'>Ut</span> <span class='ocrx_word' id='word_1_176' title='bbox 381 1632 500 1692; x_wconf 85' lang='lat' dir='ltr'>quod</span> <span class='ocrx_word' id='word_1_177' title='bbox 532 1648 606 1691; x_wconf 87' lang='lat' dir='ltr'>per</span> <span class='ocrx_word' id='word_1_178' title='bbox 639 1632 826 1676; x_wconf 87' lang='lat' dir='ltr'>liberum</span> <span class='ocrx_word' id='word_1_179' title='bbox 852 1633 1050 1677; x_wconf 91' lang='lat' dir='ltr'>homines</span> <span class='ocrx_word' id='word_1_180' title='bbox 1084 1630 1226 1675; x_wconf 87' lang='lat' dir='ltr'>faeere</span> <span class='ocrx_word' id='word_1_181' title='bbox 1245 1631 1458 1691; x_wconf 83' lang='lat' dir='ltr'>jubentur</span> 
     </span>
     <span class='ocr_line' id='line_1_22' title="bbox 66 1698 1459 1761; baseline -0.001 -17"><span class='ocrx_word' id='word_1_182' title='bbox 66 1701 313 1756; x_wconf 81' lang='lat' dir='ltr'>arbitrium,</span> <span class='ocrx_word' id='word_1_183' title='bbox 333 1704 496 1761; x_wconf 77' lang='lat' dir='ltr'>possint</span> <span class='ocrx_word' id='word_1_184' title='bbox 516 1701 696 1761; x_wconf 83' lang='lat' dir='ltr'>implere</span> <span class='ocrx_word' id='word_1_185' title='bbox 711 1718 787 1761; x_wconf 83' lang='lat' dir='ltr'>per</span> <span class='ocrx_word' id='word_1_186' title='bbox 804 1703 1000 1761; x_wconf 84' lang='lat' dir='ltr'>gratiam.</span> <span class='ocrx_word' id='word_1_187' title='bbox 1026 1720 1044 1742; x_wconf 88' lang='lat'>»</span> <span class='ocrx_word' id='word_1_188' title='bbox 1062 1703 1173 1746; x_wconf 91' lang='lat' dir='ltr'>Cum</span> <span class='ocrx_word' id='word_1_189' title='bbox 1193 1709 1337 1744; x_wconf 89' lang='lat' dir='ltr'>autem</span> <span class='ocrx_word' id='word_1_190' title='bbox 1352 1698 1459 1743; x_wconf 87' lang='lat' dir='ltr'>faci-</span> 
     </span>
     <span class='ocr_line' id='line_1_23' title="bbox 70 1770 1457 1832; baseline -0.002 -17"><span class='ocrx_word' id='word_1_191' title='bbox 70 1790 89 1812; x_wconf 91' lang='lat'>»</span> <span class='ocrx_word' id='word_1_192' title='bbox 102 1772 216 1816; x_wconf 88' lang='lat' dir='ltr'>lius»</span> <span class='ocrx_word' id='word_1_193' title='bbox 229 1772 421 1827; x_wconf 79' lang='lat' dir='ltr'>additur,</span> <span class='ocrx_word' id='word_1_194' title='bbox 439 1772 691 1832; x_wconf 80' lang='lat' dir='ltr'>adimpletio</span> <span class='ocrx_word' id='word_1_195' title='bbox 707 1773 810 1816; x_wconf 84' lang='lat' dir='ltr'>boni</span> <span class='ocrx_word' id='word_1_196' title='bbox 825 1774 965 1831; x_wconf 88' lang='lat' dir='ltr'>operis</span> <span class='ocrx_word' id='word_1_197' title='bbox 983 1773 1110 1816; x_wconf 88' lang='lat' dir='ltr'>etiam</span> <span class='ocrx_word' id='word_1_198' title='bbox 1128 1772 1218 1815; x_wconf 89' lang='lat' dir='ltr'>sine</span> <span class='ocrx_word' id='word_1_199' title='bbox 1235 1773 1309 1815; x_wconf 89' lang='lat' dir='ltr'>Dei</span> <span class='ocrx_word' id='word_1_200' title='bbox 1324 1770 1457 1828; x_wconf 84' lang='lat' dir='ltr'>gratia</span> 
     </span>
     <span class='ocr_line' id='line_1_24' title="bbox 70 1842 1456 1901; baseline -0.004 -16"><span class='ocrx_word' id='word_1_201' title='bbox 70 1857 195 1900; x_wconf 85' lang='lat' dir='ltr'>posse</span> <span class='ocrx_word' id='word_1_202' title='bbox 224 1843 334 1897; x_wconf 88' lang='lat' dir='ltr'>fieri,</span> <span class='ocrx_word' id='word_1_203' title='bbox 359 1844 488 1887; x_wconf 86' lang='lat' dir='ltr'>tacita</span> <span class='ocrx_word' id='word_1_204' title='bbox 511 1843 824 1901; x_wconf 79' lang='lat' dir='ltr'>significatione</span> <span class='ocrx_word' id='word_1_205' title='bbox 846 1842 1105 1900; x_wconf 81' lang='lat' dir='ltr'>suggeritur.</span> <span class='ocrx_word' id='word_1_206' title='bbox 1128 1843 1268 1893; x_wconf 88' lang='lat' dir='ltr'>Quem</span> <span class='ocrx_word' id='word_1_207' title='bbox 1286 1853 1456 1882; x_wconf 89' lang='lat' dir='ltr'>sensum</span> 
     </span>
     <span class='ocr_line' id='line_1_25' title="bbox 68 1907 1395 1970; baseline -0.004 -16"><span class='ocrx_word' id='word_1_208' title='bbox 68 1911 289 1969; x_wconf 80' lang='lat' dir='ltr'>redarguit</span> <span class='ocrx_word' id='word_1_209' title='bbox 314 1913 389 1970; x_wconf 82' lang='lat' dir='ltr'>qui</span> <span class='ocrx_word' id='word_1_210' title='bbox 413 1912 518 1955; x_wconf 86' lang='lat' dir='ltr'>dicit</span> <span class='ocrx_word' id='word_1_211' title='bbox 542 1931 549 1955; x_wconf 91' lang='lat'>:</span> <span class='ocrx_word' id='word_1_212' title='bbox 578 1930 597 1952; x_wconf 88' lang='lat'>«</span> <span class='ocrx_word' id='word_1_213' title='bbox 625 1913 724 1955; x_wconf 79' lang='lat' dir='ltr'>Sine</span> <span class='ocrx_word' id='word_1_214' title='bbox 745 1927 816 1954; x_wconf 88' lang='lat' dir='ltr'>me</span> <span class='ocrx_word' id='word_1_215' title='bbox 837 1911 944 1954; x_wconf 81' lang='lat' dir='ltr'>nihil</span> <span class='ocrx_word' id='word_1_216' title='bbox 969 1910 1146 1969; x_wconf 87' lang='lat' dir='ltr'>potestis</span> <span class='ocrx_word' id='word_1_217' title='bbox 1169 1907 1351 1953; x_wconf 87' lang='lat' dir='ltr'>facere¹.</span> <span class='ocrx_word' id='word_1_218' title='bbox 1376 1926 1395 1948; x_wconf 86' lang='lat'>»</span> 
     </span>
    </p>

    <p class='ocr_par' dir='ltr' id='par_1_5' title="bbox 66 1982 1461 2533">
     <span class='ocr_line' id='line_1_26' title="bbox 126 1982 1456 2038; baseline -0.004 -13"><span class='ocrx_word' id='word_1_219' title='bbox 126 1984 290 2026; x_wconf 76' lang='lat' dir='ltr'>XXXI.</span> <span class='ocrx_word' id='word_1_220' title='bbox 319 1982 534 2026; x_wconf 86' lang='lat' dir='ltr'>Emendet</span> <span class='ocrx_word' id='word_1_221' title='bbox 551 1983 643 2026; x_wconf 84' lang='lat' dir='ltr'>haec</span> <span class='ocrx_word' id='word_1_222' title='bbox 662 1983 822 2036; x_wconf 82' lang='lat' dir='ltr'>omnia,</span> <span class='ocrx_word' id='word_1_223' title='bbox 849 1997 902 2025; x_wconf 88' lang='lat' dir='ltr'>ne</span> <span class='ocrx_word' id='word_1_224' title='bbox 921 1982 953 2025; x_wconf 85' lang='lat' dir='ltr'>si</span> <span class='ocrx_word' id='word_1_225' title='bbox 972 1983 1015 2025; x_wconf 90' lang='lat' dir='ltr'>in</span> <span class='ocrx_word' id='word_1_226' title='bbox 1038 1996 1181 2024; x_wconf 85' lang='lat' dir='ltr'>rerum</span> <span class='ocrx_word' id='word_1_227' title='bbox 1200 1993 1456 2038; x_wconf 85' lang='lat' dir='ltr'>magnarum</span> 
     </span>
     <span class='ocr_line' id='line_1_27' title="bbox 68 2050 1460 2111; baseline -0.002 -16"><span class='ocrx_word' id='word_1_228' title='bbox 68 2051 368 2111; x_wconf 86' lang='lat' dir='ltr'>profunditate</span> <span class='ocrx_word' id='word_1_229' title='bbox 397 2054 587 2096; x_wconf 82' lang='lat' dir='ltr'>humana</span> <span class='ocrx_word' id='word_1_230' title='bbox 622 2053 781 2097; x_wconf 88' lang='lat' dir='ltr'>erravit</span> <span class='ocrx_word' id='word_1_231' title='bbox 809 2053 1059 2106; x_wconf 86' lang='lat' dir='ltr'>infirmitas,</span> <span class='ocrx_word' id='word_1_232' title='bbox 1087 2053 1215 2095; x_wconf 89' lang='lat' dir='ltr'>etiam</span> <span class='ocrx_word' id='word_1_233' title='bbox 1244 2050 1460 2094; x_wconf 83' lang='lat' dir='ltr'>diabolica</span> 
     </span>
     <span class='ocr_line' id='line_1_28' title="bbox 71 2122 1459 2178; baseline -0.001 -13"><span class='ocrx_word' id='word_1_234' title='bbox 71 2124 172 2166; x_wconf 86' lang='lat' dir='ltr'>huic</span> <span class='ocrx_word' id='word_1_235' title='bbox 205 2124 380 2167; x_wconf 82' lang='lat' dir='ltr'>accedat</span> <span class='ocrx_word' id='word_1_236' title='bbox 407 2124 556 2177; x_wconf 87' lang='lat' dir='ltr'>errori,</span> <span class='ocrx_word' id='word_1_237' title='bbox 578 2123 646 2167; x_wconf 89' lang='lat' dir='ltr'>vel</span> <span class='ocrx_word' id='word_1_238' title='bbox 674 2122 861 2178; x_wconf 84' lang='lat' dir='ltr'>fallacia,</span> <span class='ocrx_word' id='word_1_239' title='bbox 887 2123 957 2167; x_wconf 88' lang='lat' dir='ltr'>vel</span> <span class='ocrx_word' id='word_1_240' title='bbox 979 2122 1353 2175; x_wconf 87' lang='lat' dir='ltr'>animositas,·sive</span> <span class='ocrx_word' id='word_1_241' title='bbox 1379 2135 1459 2164; x_wconf 89' lang='lat' dir='ltr'>ne-</span> 
     </span>
     <span class='ocr_line' id='line_1_29' title="bbox 68 2193 1459 2253; baseline -0.003 -16"><span class='ocrx_word' id='word_1_242' title='bbox 68 2194 211 2251; x_wconf 84' lang='lat' dir='ltr'>gando</span> <span class='ocrx_word' id='word_1_243' title='bbox 234 2193 355 2253; x_wconf 88' lang='lat' dir='ltr'>quod</span> <span class='ocrx_word' id='word_1_244' title='bbox 380 2194 526 2248; x_wconf 87' lang='lat' dir='ltr'>sensit,</span> <span class='ocrx_word' id='word_1_245' title='bbox 552 2194 640 2237; x_wconf 89' lang='lat' dir='ltr'>sive</span> <span class='ocrx_word' id='word_1_246' title='bbox 662 2193 956 2247; x_wconf 84' lang='lat' dir='ltr'>defendendo,</span> <span class='ocrx_word' id='word_1_247' title='bbox 974 2194 1094 2253; x_wconf 85' lang='lat' dir='ltr'>quod</span> <span class='ocrx_word' id='word_1_248' title='bbox 1112 2206 1340 2251; x_wconf 86' lang='lat' dir='ltr'>perperam</span> <span class='ocrx_word' id='word_1_249' title='bbox 1357 2206 1459 2234; x_wconf 90' lang='lat' dir='ltr'>sen—</span> 
     </span>
     <span class='ocr_line' id='line_1_30' title="bbox 67 2261 1461 2318; baseline -0.002 -13"><span class='ocrx_word' id='word_1_250' title='bbox 67 2264 138 2316; x_wconf 89' lang='lat' dir='ltr'>sit,</span> <span class='ocrx_word' id='word_1_251' title='bbox 163 2279 264 2307; x_wconf 88' lang='lat' dir='ltr'>cum</span> <span class='ocrx_word' id='word_1_252' title='bbox 288 2263 332 2307; x_wconf 90' lang='lat' dir='ltr'>id</span> <span class='ocrx_word' id='word_1_253' title='bbox 354 2279 397 2307; x_wconf 85' lang='lat' dir='ltr'>se</span> <span class='ocrx_word' id='word_1_254' title='bbox 420 2279 508 2307; x_wconf 89' lang='lat' dir='ltr'>non</span> <span class='ocrx_word' id='word_1_255' title='bbox 532 2263 732 2306; x_wconf 84' lang='lat' dir='ltr'>debuisse</span> <span class='ocrx_word' id='word_1_256' title='bbox 755 2265 913 2306; x_wconf 87' lang='lat' dir='ltr'>sentire</span> <span class='ocrx_word' id='word_1_257' title='bbox 935 2270 1272 2307; x_wconf 85' lang='lat' dir='ltr'>commemorata</span> <span class='ocrx_word' id='word_1_258' title='bbox 1296 2261 1461 2318; x_wconf 84' lang='lat' dir='ltr'>perspi-</span> 
     </span>
     <span class='ocr_line' id='line_1_31' title="bbox 67 2330 1452 2392; baseline -0.004 -14"><span class='ocrx_word' id='word_1_259' title='bbox 67 2349 148 2378; x_wconf 86' lang='lat' dir='ltr'>cua</span> <span class='ocrx_word' id='word_1_260' title='bbox 172 2335 354 2378; x_wconf 86' lang='lat' dir='ltr'>veritate</span> <span class='ocrx_word' id='word_1_261' title='bbox 372 2334 638 2392; x_wconf 85' lang='lat' dir='ltr'>cognoverit.</span> <span class='ocrx_word' id='word_1_262' title='bbox 667 2337 796 2377; x_wconf 87' lang='lat' dir='ltr'>Istam</span> <span class='ocrx_word' id='word_1_263' title='bbox 816 2334 978 2392; x_wconf 83' lang='lat' dir='ltr'>quippe</span> <span class='ocrx_word' id='word_1_264' title='bbox 996 2333 1173 2390; x_wconf 85' lang='lat' dir='ltr'>gratiam</span> <span class='ocrx_word' id='word_1_265' title='bbox 1195 2347 1280 2390; x_wconf 91' lang='lat' dir='ltr'>qua</span> <span class='ocrx_word' id='word_1_266' title='bbox 1296 2330 1452 2390; x_wconf 84' lang='lat' dir='ltr'>justifi-</span> 
     </span>
     <span class='ocr_line' id='line_1_32' title="bbox 66 2399 1460 2463; baseline -0.003 -17"><span class='ocrx_word' id='word_1_267' title='bbox 66 2417 239 2457; x_wconf 86' lang='lat' dir='ltr'>camur,</span> <span class='ocrx_word' id='word_1_268' title='bbox 275 2404 322 2447; x_wconf 88' lang='lat' dir='ltr'>id</span> <span class='ocrx_word' id='word_1_269' title='bbox 345 2413 424 2457; x_wconf 89' lang='lat' dir='ltr'>est,</span> <span class='ocrx_word' id='word_1_270' title='bbox 457 2419 543 2463; x_wconf 85' lang='lat' dir='ltr'>qua</span> <span class='ocrx_word' id='word_1_271' title='bbox 572 2404 759 2446; x_wconf 87' lang='lat' dir='ltr'>charitas</span> <span class='ocrx_word' id='word_1_272' title='bbox 786 2404 863 2447; x_wconf 90' lang='lat' dir='ltr'>Dei</span> <span class='ocrx_word' id='word_1_273' title='bbox 889 2401 1152 2445; x_wconf 80' lang='lat' dir='ltr'>diffunditur</span> <span class='ocrx_word' id='word_1_274' title='bbox 1180 2402 1225 2445; x_wconf 92' lang='lat' dir='ltr'>in</span> <span class='ocrx_word' id='word_1_275' title='bbox 1255 2399 1460 2444; x_wconf 89' lang='lat' dir='ltr'>cordibus</span> 
     </span>
     <span class='ocr_line' id='line_1_33' title="bbox 69 2470 1460 2533; baseline -0.004 -16"><span class='ocrx_word' id='word_1_276' title='bbox 69 2475 226 2518; x_wconf 88' lang='lat' dir='ltr'>nostris</span> <span class='ocrx_word' id='word_1_277' title='bbox 261 2489 339 2533; x_wconf 88' lang='lat' dir='ltr'>per</span> <span class='ocrx_word' id='word_1_278' title='bbox 377 2475 585 2533; x_wconf 90' lang='lat' dir='ltr'>Spiritum</span> <span class='ocrx_word' id='word_1_279' title='bbox 619 2483 836 2525; x_wconf 89' lang='lat' dir='ltr'>sanctum,</span> <span class='ocrx_word' id='word_1_280' title='bbox 868 2473 944 2531; x_wconf 81' lang='lat' dir='ltr'>qui</span> <span class='ocrx_word' id='word_1_281' title='bbox 967 2472 1094 2517; x_wconf 88' lang='lat' dir='ltr'>datus</span> <span class='ocrx_word' id='word_1_282' title='bbox 1121 2481 1185 2516; x_wconf 90' lang='lat' dir='ltr'>est</span> <span class='ocrx_word' id='word_1_283' title='bbox 1208 2471 1333 2515; x_wconf 88' lang='lat' dir='ltr'>nobis</span> <span class='ocrx_word' id='word_1_284' title='bbox 1347 2473 1379 2522; x_wconf 78' lang='lat'>²,</span> <span class='ocrx_word' id='word_1_285' title='bbox 1415 2470 1460 2512; x_wconf 90' lang='lat' dir='ltr'>in</span> 
     </span>
    </p>
   </div>
   <div class='ocr_carea' id='block_1_3' title="bbox 120 2557 675 2593">
    <p class='ocr_par' dir='ltr' id='par_1_6' title="bbox 120 2557 675 2593">
     <span class='ocr_line' id='line_1_34' title="bbox 120 2557 675 2593; baseline -0.004 -4"><span class='ocrx_word' id='word_1_286' title='bbox 120 2564 125 2579; x_wconf 88' lang='lat'><strong>¹</strong></span> <span class='ocrx_word' id='word_1_287' title='bbox 153 2560 241 2589; x_wconf 65' lang='lat' dir='ltr'>Joau,</span> <span class='ocrx_word' id='word_1_288' title='bbox 264 2569 318 2593; x_wconf 71' lang='lat' dir='ltr'>xv,</span> <span class='ocrx_word' id='word_1_289' title='bbox 343 2558 370 2588; x_wconf 52' lang='grc' dir='ltr'>Γ»</span> <span class='ocrx_word' id='word_1_290' title='bbox 390 2575 429 2580; x_wconf 91' lang='lat'>-—-</span> <span class='ocrx_word' id='word_1_291' title='bbox 447 2564 459 2580; x_wconf 83' lang='lat'>²</span> <span class='ocrx_word' id='word_1_292' title='bbox 478 2560 567 2588; x_wconf 60' lang='lat' dir='ltr'>itum.</span> <span class='ocrx_word' id='word_1_293' title='bbox 596 2568 626 2592; x_wconf 75' lang='lat' dir='ltr'>v,</span> <span class='ocrx_word' id='word_1_294' title='bbox 648 2557 675 2585; x_wconf 62' lang='lat' dir='ltr'>f».</span> 
     </span>
    </p>
   </div>
  </div>
 </body>
</html>
