1804 3205
274 243 327 271 uu
357 242 526 271 merrus
558 242 609 273 ετ
640 239 1010 280 εοΝειῬιεειιΝ-τιι,
1048 241 1126 268 mn.
1164 241 1195 267 ι.
1348 229 1427 270 201

51 322 187 353 uuum
210 317 252 351 et
285 307 464 362 multas,
500 307 575 352 sed
605 323 741 351 unum
765 317 808 353 ct
836 321 993 362 unam,
1029 307 1129 351 satis
1159 305 1319 350 iudicat
1346 307 1455 365 ipsa*

48 379 183 440 prima
205 376 413 423 divinitus
432 378 541 423 saeta
565 381 798 437 conjugum
819 377 993 438 copula,
1015 386 1063 422 ut
1086 377 1188 421 inde
1210 376 1432 421 connubia

47 458 267 495 sumerent
291 450 478 505 initium,
500 449 576 494 ubi
606 451 826 494 honestius
849 449 1147 494 attenderetur
1168 447 1429 507 exemplum.

49 521 356 580 Progrediente
374 530 517 566 autem
540 536 696 580 genere
712 521 921 575 humano,
943 523 1110 580 junctae
1131 528 1234 563 sunt
1249 519 1434 580 quibus-

49 594 149 637 dam
174 593 296 637 bonis
318 593 418 637 viris
443 593 568 637 bonae
586 592 794 646 foeminae,
824 591 1002 649 singulis
1025 591 1184 651 plures.
1213 589 1336 635 Unde
1358 605 1435 648 ap-

51 672 169 724 paret
186 673 229 707 et
246 662 354 707 illud
373 663 594 722 dignitatis
614 663 747 722 magis
767 664 978 723 appetisse
993 662 1265 716 modestiam,
1292 670 1335 705 et
1352 662 1436 706 hoc

47 734 342 779 foecunditatis
356 735 593 794 permisisse
607 744 823 780 naturam.
841 738 947 780 Nam
961 743 1003 779 et
1022 734 1286 794 principatus
1303 733 1436 792 magis

48 806 302 851 naturaliter
335 806 462 850 unius
496 807 540 849 in
577 805 761 859 multos,
787 821 918 866 quam
942 806 990 849 'in
1015 820 1148 849 unum
1174 813 1317 864 potest
1347 818 1437 847 esse

48 875 301 920 multorum.
329 878 416 922 Nec
439 876 634 932 ⁴dubitari
661 885 799 935 potest
823 875 1008 920 naturali
1031 875 1184 920 ordine
1217 876 1330 919 viros
1355 889 1436 933 po·
1461 902 1465 909 «

48 947 132 992 tius
157 946 364 1001 foeminis,
401 963 531 1007 quam
555 947 654 991 viris
683 946 885 991 foeminas
907 946 1155 1006 principari.
1190 946 1319 999 Quod
1349 960 1437 989 ser-

47 1033 150 1062 vans
182 1017 415 1077 Apostolus
435 1019 494 1062 ait
516 1036 523 1062 z
550 1037 568 1059 «
596 1020 740 1076 Caput
770 1017 961 1062 mulieris
983 1017 1069 1060 vir¹
1093 1036 1100 1061 :
1130 1026 1194 1070 et,
1215 1016 1435 1071 Mulieres,

49 1108 68 1131 »
93 1088 280 1134 subditae
312 1099 449 1134 estote
484 1090 585 1133 viris
616 1089 767 1133 vestris
781 1092 797 1116 '²
831 1108 839 1134 ε
878 1108 898 1130 υ
935 1097 978 1132 et
1012 1087 1234 1148 apostolus
1256 1091 1435 1143 Petrus,

48 1178 68 1201 »
94 1160 327 1213 Quomodo
343 1162 460 1215 Sara,
477 1159 637 1219 inquit,
654 1159 980 1219 obsequebatur
994 1159 1196 1213 Abrahae,
1211 1157 1439 1203 dominum

49 1248 68 1270 ι)
95 1230 217 1274 illum
237 1231 441 1276 vocansss.
472 1248 490 1271 >1
518 1230 647 1284 Quod
674 1230 775 1274 licet
797 1230 853 1273 ita
874 1245 964 1273 sese
982 1229 1164 1283 habeat,
1203 1239 1252 1273 ut
1285 1237 1464 1273 natura.

47 1301 358 1360 principiorum
382 1310 497 1345 amet
515 1301 876 1359 singularitatem,
900 1299 1068 1344 facilius
1089 1308 1234 1344 autem
1258 1300 1439 1359 plurali-

49 1381 179 1416 tatem
213 1372 437 1416 videamus
464 1373 508 1416 in
542 1372 725 1416 subditis
752 1391 761 1416 2
786 1381 931 1416 tamen
964 1371 1108 1431 plures
1136 1371 1328 1414 toeminae
1362 1371 1437 1414 uni

48 1443 139 1488 viro
172 1458 398 1503 nunquam
433 1443 548 1488 licite
573 1445 885 1502 jungerentur,
913 1442 993 1486 nisi
1016 1457 1066 1486 ex
1089 1443 1171 1486 hoc
1194 1441 1339 1501 plures
1362 1440 1440 1485 filii

48 1524 342 1559 nascerentur.
371 1513 494 1560 [Inde
513 1515 545 1557 si
568 1529 654 1557 una
678 1512 944 1557 concumbat
970 1528 1069 1556 cum
1094 1512 1315 1572 pluribus,
1339 1513 1441 1571 quia

47 1600 135 1630 non
157 1595 220 1630 est
243 1586 281 1629 ei
306 1586 406 1628 hinc
429 1584 732 1644 multiplicatio
747 1583 907 1643 ¹prolis,
930 1583 1005 1628 sed
1027 1582 1323 1644 frequentatio
1343 1582 1441 1627 libi-

47 1655 175 1710 dinis,
196 1657 353 1716 conjux
376 1671 464 1700 non
481 1665 622 1715 potest
642 1670 748 1712 esse,
773 1655 849 1699 sed
873 1654 1089 1699 meretrix.

106 1729 182 1771 XI.
218 1727 436 1781 Quoniam
455 1743 556 1772 sane
576 1742 664 1772 non
684 1736 855 1771 tantum
874 1725 1155 1781 foecunditaS,
1175 1727 1298 1785 cujus
1319 1725 1442 1769 fruc-

49 1808 117 1843 tus
135 1798 178 1842 in
193 1798 315 1858 prole
332 1807 394 1843 est
411 1820 422 1855 ·,
447 1813 527 1842 nec
546 1806 715 1842 tanturn
740 1796 966 1857 pudicitia,
993 1797 1117 1856 cujus
1134 1794 1361 1840 vinculum
1379 1802 1442 1838 est

49 1867 181 1925 tides,
212 1884 363 1913 verum
400 1869 529 1912 etiam
562 1867 784 1927 quoddam
826 1875 1142 1911 sacramentum
1190 1866 1441 1925 nuptiarum

50 1937 384 1983 commendatur
405 1937 610 1981 fidelibus
633 1937 890 1996 conjugatis,
916 1935 1033 1980 unde
1057 1935 1163 1980 dicit
1180 1935 1438 1995 Apostolus:

57 2028 76 2051 «
102 2010 209 2064 Viri,
227 2008 393 2068 diligite
412 2024 568 2053 uxores
588 2018 760 2062 vestras,
777 2008 889 2052 sicut
904 2017 945 2051 et
967 2007 1162 2053 Christus
1185 2006 1337 2051 dilexit
1358 2008 1443 2050 Ec-

55 2099 74 2122 »
100 2079 271 2124 clesiam
288 2081 302 2106 ⁴
330 2100 338 2124 z
369 2099 387 2121 »
415 2080 543 2139 hujus
566 2078 720 2138 procul
748 2079 885 2123 dubio
918 2079 1172 2123 sacramenti
1198 2093 1260 2121 rcs
1289 2086 1368 2132 cst,
1393 2085 1442 2121 ut

53 2165 142 2193 mas
164 2158 207 2193 et
222 2149 402 2193 soennna
423 2150 646 2194 connubio
662 2148 854 2209 copulati
877 2147 1075 2209 quandiu
1093 2148 1247 2193 vivunt
1269 2148 1441 2206 insepa-

53 2219 247 2264 rabiliter
267 2229 558 2280 perseverent,
580 2235 660 2265 nec
682 2220 823 2275 liceat,
849 2231 1025 2280 excepta
1047 2236 1174 2265 eausa
1197 2219 1443 2264 fornicatio·

53 2291 134 2344 nis,
162 2306 186 2335 a
208 2292 392 2351 conjuge
415 2293 644 2351 conjugem
666 2290 811 2335 dirimi
827 2294 857 2335 ⁵.
887 2294 978 2336 Hoc
1001 2292 1116 2336 enim
1135 2290 1379 2335 custoditur
1397 2290 1442 2333 in

54 2361 226 2406 Christo
253 2371 295 2405 et
328 2362 538 2417 Ecclesia,
565 2371 614 2406 ut
645 2363 792 2406 vivens
825 2377 924 2405 cum
955 2362 1127 2406 vivente
1159 2361 1202 2404 in
1230 2358 1463 2405 aeternum'

55 2430 178 2476 nullo
200 2432 387 2478 divortio
409 2442 644 2492 separetur.
667 2434 800 2491 Cujus
825 2433 1089 2477 Sacramenti
1108 2441 1226 2476 tanta
1240 2432 1442 2476 observa-

103 2542 113 2557 *
138 2546 148 2567 1
172 2536 244 2567 Cor.
264 2545 308 2576 xi,
329 2535 359 2567 3.
379 2553 417 2559 --
436 2543 446 2560 2
477 2536 593 2569 coloss.
614 2547 662 2576 ιιι,
687 2536 735 2568 18.
754 2553 793 2559 —
814 2536 827 2556 5
858 2547 866 2567 ι
892 2536 976 2567 Pctr.
996 2545 1041 2574 ιιι,
1059 2535 1092 2567 6.
1110 2532 1180 2563 -4
1201 2533 1314 2576 ΕῙιΙιος.
1341 2543 1375 2567 v.
1409 2540 1439 2563 2.

58 2607 97 2612 —
111 2587 124 2613 5
142 2590 255 2624 Manli.
276 2602 308 2627 v,
326 2590 379 2622 32.
