1784 3205
304 209 388 251 442
733 225 767 252 s.
804 222 889 250 Ave
897 223 1035 251 uentu
1068 225 1248 253 unacort

304 296 609 342 asseverantes,
631 286 835 332 auferunt
851 288 969 331 carni
990 288 1150 334 Christi
1168 290 1384 350 propriam
1408 289 1680 349 dignitatem.

364 361 439 402 IV.
459 360 666 403 Desinant
685 359 831 419 itaque
855 358 1073 417 Pelagiani
1092 360 1312 406 catholicis
1333 361 1549 420 objectare
1566 363 1686 421 quod

304 445 393 474 non
414 440 516 474 sunt
537 465 547 485 ,
573 430 650 474 sed
669 430 750 490 ipsi
769 430 911 489 potius
932 428 1135 476 festinent
1159 432 1390 476 emendare
1413 431 1534 492 quod
1555 442 1682 478 sunt:

306 515 386 545 nec
406 500 505 545 ideo
526 516 570 545 se
590 501 727 546 velint
749 501 898 544 haberi
911 502 1129 557 amabiles,
1145 503 1245 562 quia
1262 503 1411 547 odioso
1430 504 1687 549 Manichaeo-

306 587 402 615 rum
417 572 699 616 adversantur
722 571 877 627 errori3
896 571 970 615 sed
992 573 1146 616 merito
1164 588 1208 617 se
1229 582 1465 632 agnoscant
1485 573 1686 628 odibiles,

305 643 404 700 quia
433 656 561 685 suum
596 656 686 685 non
713 650 963 686 aversantur
997 657 1201 686 errorem.
1239 646 1423 687 Possunt
1451 643 1566 686 enim
1599 642 1690 688 duo

305 726 469 755 errores
496 712 608 754 inter
630 727 674 755 se
692 727 780 756 esse
809 712 1034 766 contrarii,
1055 713 1130 756 sed
1150 722 1250 756 sunt
1275 712 1405 757 ambo
1428 711 1686 767 detestandi,

305 781 405 841 quia
425 790 526 825 sunt
547 781 676 826 ambo
697 783 901 826 contrarii
924 783 1110 826 veritati.
1144 785 1252 827 Nam
1283 783 1313 826 si
1339 791 1568 841 propterea
1589 790 1691 826 sunt

306 851 516 910 diligendi
540 852 758 910 Pelagiani
778 887 788 907 ,
823 854 925 912 quia
945 853 1134 897 oderunt
1161 854 1425 898 Manichaeos
1450 852 1690 911 3diligendi

306 932 407 967 sunt
439 933 481 968 et
503 924 756 978 Manichaei,
783 924 886 984 quia
906 925 1092 969 oderunt
1117 924 1381 982 Pelagianos,
1406 925 1492 969 Sed
1507 924 1615 969 absit
1628 934 1678 968 ut

305 994 527 1038 Catholica
562 1004 699 1038 mater
728 1005 905 1054 propter
932 994 1168 1040 alterorum
1191 995 1357 1050 odium,
1380 995 1536 1040 alteros
1562 995 1692 1053 eligat

308 1079 451 1109 amare
488 1085 497 1110 :
528 1080 626 1109 cum
656 1076 862 1110 monente
893 1076 1024 1126 atque
1051 1067 1282 1127 adjuvante
1310 1067 1495 1112 Domino
1529 1066 1690 1110 debeat

308 1143 516 1193 utrosque
539 1135 689 1190 vitare,
715 1145 757 1179 et
779 1136 925 1194 cupiat
952 1146 1161 1197 utrosque
1177 1152 1361 1181 sanares

368 1208 418 1249 V.
452 1206 568 1258 Quin
591 1206 720 1249 etiam
746 1208 964 1251 Romanos
994 1208 1169 1251 clericos
1191 1216 1404 1264 arguunt,
1430 1207 1688 1261 scribentes,

312 1294 330 1315 a
357 1290 428 1319 eos
454 1276 656 1334 jussionis
679 1284 841 1320 terrore
863 1276 1083 1335 perculsos
1111 1291 1200 1320 non
1233 1276 1458 1320 erubuisse
1490 1277 1694 1335 praevari-

305 1346 486 1390 cationis
513 1347 677 1390 crimen
709 1347 937 1391 admittere
959 1383 969 1402 ‚
1000 1357 1217 1392 utcontra
1235 1347 1423 1406 priorem
1437 1347 1693 1391 sententiam

305 1432 453 1470 suam,
485 1433 570 1476 qua
605 1418 730 1474 gestis
768 1416 982 1462 catholico
1017 1418 1210 1477 dogmati
1247 1416 1508 1472 adfuerant,
1544 1426 1692 1476 postea

305 1488 639 1545 pronuntiarent
663 1487 818 1531 malam
843 1488 1068 1532 hominum
1092 1503 1182 1531 esse
1204 1496 1420 1531 naturam.
1446 1505 1465 1527 »
1495 1489 1695 1531 Imovero

307 1557 523 1615 Pelagiani
539 1572 613 1615 spe
628 1556 733 1601 falsa
747 1568 1029 1616 putaverant,
1042 1574 1204 1603 novum
1224 1567 1266 1602 et
1282 1557 1521 1602 execrabile
1538 1558 1695 1616 dogma

306 1626 584 1683 Pelagianum
625 1627 695 1671 vel
736 1627 1050 1672 Coelestianum
1101 1627 1351 1686 persuaderi
1403 1627 1694 1687 quorumdam

304 1698 603 1740 Romanorum
640 1696 864 1741 catholicis
896 1698 1115 1741 mentibus
1144 1713 1268 1756 posse
1290 1719 1301 1755 3
1325 1698 1502 1757 quando
1522 1697 1595 1740 illa
1624 1698 1693 1740 in-

304 1767 446 1825 genia,
473 1768 672 1826 quamvis
689 1767 880 1811 nefando
899 1783 1042 1811 errore
1063 1783 1282 1827 perversa,
1307 1784 1394 1812 non
1422 1777 1567 1811 tamen
1585 1783 1692 1812 con-

303 1837 561 1895 temptibilia
581 1872 590 1892 ‚
616 1852 716 1881 cum
747 1836 938 1882 studiose
960 1838 1216 1897 corrigenda
1241 1839 1400 1897 potius,
1417 1852 1548 1897 quam
1570 1837 1695 1882 facile

303 1907 548 1951 damnanda
577 1908 855 1962 viderentur,
892 1907 1116 1968 aliquanto
1148 1907 1303 1962 lenius,
1339 1923 1473 1967 quam
1506 1908 1693 1952 severior

302 1977 551 2037 postulabat
566 1978 769 2022 Ecclesiae
792 1978 1042 2037 disciplina,
1068 1987 1248 2023 tractata
1271 1987 1386 2022 sunt.
1415 1980 1495 2022 Tot
1512 1977 1628 2021 enim
1650 1986 1694 2022 et

303 2050 429 2092 tantis
448 2050 559 2092 inter
580 2048 874 2107 Apostolicam
896 2048 1043 2093 sedem
1068 2058 1111 2093 et
1134 2048 1260 2093 Afros
1278 2049 1501 2108 episcopos
1518 2062 1693 2092 curren-

303 2118 420 2162 tibus
445 2129 488 2162 et
503 2119 834 2162 recurrentibus
862 2120 1029 2177 scriptis
1055 2118 1351 2163 ecelesiasticis
1372 2153 1382 2172 ,
1409 2118 1540 2162 etiam
1564 2118 1691 2176 gestis
1726 2173 1729 2176 ,

304 2189 359 2232 de
381 2189 462 2232 hac
487 2203 614 2232 causa
632 2189 749 2246 apud
774 2187 891 2231 illam
910 2187 1056 2231 sedem
1076 2187 1282 2232 Coelestio
1305 2197 1518 2246 praesente
1538 2196 1582 2231 et
1609 2202 1693 2232 res-

302 2258 525 2317 pondente
547 2256 757 2302 confectis
777 2278 787 2313 3
815 2273 1015 2316 quaenam
1038 2257 1211 2301 tandem
1240 2257 1419 2316 epistola
1434 2258 1692 2300 venerandae

305 2330 524 2373 memoriae
556 2344 679 2388 papae
711 2329 867 2373 Zosimi
886 2330 916 2382 1,
937 2344 1037 2388 quae
1057 2328 1334 2372 interlocutio
1357 2327 1587 2387 reperitur,
1614 2327 1691 2371 ubi

305 2401 556 2458 praeceperit
576 2400 693 2444 credi
712 2409 927 2458 oportere,
947 2399 1038 2443 sine
1057 2399 1147 2443 ullo
1162 2399 1267 2444 vitio
1285 2399 1452 2458 peccati
1471 2398 1690 2457 originalis

304 2471 525 2514 hominem
558 2469 707 2512 nasci?
742 2472 964 2529 Nusquam
996 2484 1171 2528 prorsus
1198 2470 1281 2514 hoc
1312 2470 1442 2522 dixit,
1474 2483 1688 2528 nusquam

352 2562 358 2576 ¹
382 2554 459 2585 Vide
477 2553 531 2585 lib.
553 2554 592 2585 de
610 2556 748 2586 Pcecato
762 2553 874 2594 origin.
894 2563 965 2594 cap.
987 2561 1005 2584 a
1026 2556 1057 2584 et
1075 2553 1107 2583 6.
