1784 3205
331 204 385 241 16
765 208 797 236 s.
832 206 1062 235 mensum
1096 203 1275 231 zmscom

388 278 508 322 XIX.
549 279 596 320 ln
620 290 705 334 qua
729 274 938 326 oratione,
960 271 994 314 si
1017 268 1273 314 contentiosi
1296 280 1383 310 esse
1406 263 1625 315 nolumus,
1653 276 1713 304 sa-

331 350 385 394 tis
411 348 536 393 nobis
564 345 832 406 propositum
861 341 1085 401 speculum
1119 348 1182 383 cst
1200 373 1210 392 ,
1241 337 1316 380 ubi
1351 334 1599 393 inspiciatur
1625 330 1713 374 vita

328 422 545 480 justorum
563 452 573 471 ‚
596 417 670 476 qui
694 431 745 458 ex
764 414 849 457 fide
872 413 1038 465 vivunt,
1065 419 1107 454 et
1131 408 1321 468 perfecte
1343 412 1544 457 currunt,
1565 414 1715 461 quam-

332 491 394 534 vis
424 491 513 534 sine
544 495 720 547 peccato
753 500 840 527 non
871 484 970 527 sint.
1005 480 1130 525 Unde
1160 479 1328 528 dicunt,
1359 476 1531 520 Dimitte
1560 471 1714 526 nobis3

335 561 436 621 quia
460 559 654 603 nondum
677 573 764 616 quo
781 556 970 600 curritur
992 559 1298 612 pervenerunt.
1330 549 1437 591 Hinc
1460 545 1562 588 dicit
1586 548 1717 600 Apos-

336 633 450 676 tolus
472 651 480 676 :
506 650 524 671 «
546 633 642 674 Non
663 628 865 688 quiajam
890 623 1144 682 acceperim„
1172 622 1347 680 autjam
1372 616 1589 677 perfectus
1612 613 1716 656 sim<

339 720 359 743 »
395 701 562 753 fratres,
590 714 669 757 ego
693 713 762 741 me
786 712 871 740 non
896 695 1080 738 arbitror
1102 689 1458 750 apprehendisse3
1486 699 1625 728 unum
1647 698 1720 725 au-

339 789 358 812 »
394 780 482 814 tem
501 805 511 823 ‚
536 784 634 828 quae
654 777 769 810 retro
787 765 948 809 oblitus
963 798 973 816 ,
994 764 1039 806 in
1062 777 1110 804 ea
1128 777 1229 820 quae
1248 768 1348 803 ante
1367 766 1468 801 sunt
1491 762 1689 798 extentus
1707 786 1718 805 ,

338 860 359 882 »
395 837 634 884 secundum
660 835 944 880 intentionem
967 846 1123 890 sequor
1140 830 1193 873 ad
1214 829 1402 888 palmam
1425 838 1624 884 supernae
1646 837 1724 866 vo-

340 931 361 953 »
396 910 575 956 cationis
597 911 641 952 in
664 908 738 952 Dei
762 907 933 951 Christo
951 905 1088 948 Jesu¹.
1116 923 1131 943 »
1151 904 1378 959 Quotquot
1402 912 1503 955 ergo
1524 893 1722 955 perfecti,

337 984 420 1028 hoc
450 982 688 1040 sapiamus3
719 978 760 1021 id
791 987 870 1030 est,
907 983 1126 1035 quotquot
1160 963 1351 1032 perfecte
1380 969 1610 1020 curruum,
1642 965 1726 1008 hoc

339 1053 568 1112 sapiamus,
594 1049 714 1110 quod
738 1047 934 1091 noudum
961 1044 1135 1102 perfecti
1158 1057 1322 1095 sumus,
1348 1049 1398 1083 ut
1420 1038 1508 1082 illic
1531 1035 1728 1096 perficia-

339 1138 437 1167 mur
462 1137 551 1181 quo
573 1118 764 1179 perfecte
788 1116 930 1160 adhuc
953 1115 1165 1159 currimus
1193 1132 1201 1156 ι
1230 1121 1277 1156 ut
1297 1126 1396 1155 cum
1419 1108 1586 1153 venerit
1608 1102 1729 1165 quod

339 1192 581 1252 perfectum
605 1199 665 1234 est
685 1225 695 1243 ,
719 1188 837 1248 quod
856 1201 906 1229 ex
923 1195 1044 1245 parte
1060 1194 1122 1227 est
1140 1185 1389 1227 destruatur
1404 1183 1421 1205 ‘2
1438 1201 1449 1236 3
1468 1179 1513 1221 id
1531 1186 1615 1231 est,
1639 1189 1729 1220 non

334 1265 423 1323 jam
441 1280 491 1306 ex
508 1271 628 1320 parte
642 1261 710 1314 sit,
729 1260 804 1303 sed
819 1274 869 1302 ex
889 1267 1001 1312 tot03
1018 1256 1119 1315 quia
1138 1254 1239 1298 fidei
1258 1262 1300 1297 et
1322 1251 1411 1311 spei
1429 1251 1517 1310 jam
1532 1263 1597 1291 res
1618 1247 1725 1305 ipsa,

342 1349 431 1377 non
450 1348 548 1392 quae
566 1331 768 1375 credatur
785 1339 827 1373 et
846 1336 1058 1387 speretur⁷
1079 1325 1153 1370 sed
1175 1340 1274 1384 quae
1295 1323 1493 1367 videatur
1511 1329 1731 1363 teneatur-

345 1419 430 1464 que
460 1401 663 1446 succedet
690 1420 698 1444 2
723 1400 908 1443 charitas
938 1406 1100 1449 autem,
1132 1411 1232 1455 quae
1259 1395 1306 1437 in
1335 1393 1399 1436 his
1430 1391 1568 1435 tribus
1594 1388 1731 1447 major

345 1466 431 1527 est‚'
449 1489 537 1517 non
561 1471 808 1527 auferetur3
831 1468 905 1513 sed
929 1466 1158 1525 augebitur
1181 1474 1223 1508 et
1245 1462 1514 1522 implebitur,
1536 1468 1732 1503 contem-

344 1544 461 1604 plata
495 1542 614 1603 quod
643 1542 864 1593 credebat,
900 1548 942 1582 et
971 1536 1090 1597 quod
1114 1535 1312 1595 sperabat
1344 1532 1537 1590 indepta.
1570 1533 1620 1573 In
1646 1543 1732 1587 qua

344 1614 614 1673 plenitudine
635 1611 854 1656 charitatis
878 1617 1143 1668 praeceptum
1164 1604 1274 1649 illud
1297 1603 1552 1662 implebitur
1580 1619 1588 1644 ι
1618 1618 1638 1640 «
1657 1598 1732 1642 Di-

349 1703 368 1726 »
403 1684 508 1743 liges
539 1683 775 1727 Dominum
806 1684 944 1724 Deum
975 1688 1099 1722 tuum
1134 1692 1185 1720 ex
1212 1685 1308 1719 toto
1335 1673 1467 1718 corde
1493 1681 1585 1724 tuo,
1611 1678 1654 1713 et
1683 1683 1734 1711 ex

349 1774 369 1796 »
406 1763 494 1798 tota
513 1753 656 1797 anima
679 1761 753 1796 tua
769 1785 779 1805 ‚
805 1759 847 1793 et
869 1765 919 1793 ex
941 1758 1030 1792 tota
1058 1755 1202 1791 mente
1222 1756 1296 1789 tua
1315 1746 1346 1787 3.
1372 1764 1390 1785 »
1417 1746 1525 1788 Nam
1549 1754 1650 1784 cum
1672 1746 1734 1782 est

346 1825 489 1870 adhuc
519 1824 685 1882 aliquid
713 1820 893 1866 carnalis
923 1817 1311 1878 concupiscentiae,
1344 1813 1464 1875 quod
1489 1812 1558 1857 vel
1590 1809 1734 1855 conti-

347 1896 493 1940 nendo
519 1894 729 1947 frenetur,
764 1907 852 1935 non
881 1890 999 1934 omni
1027 1888 1157 1932 modo
1188 1904 1238 1931 ex
1261 1896 1351 1931 tota
1375 1886 1517 1930 anima
1540 1881 1736 1940 diligitur

349 1970 477 2010 Deus.
511 1968 609 2009 Non
641 1964 756 2007 enim
789 1977 888 2006 caro
916 1961 1008 2005 sine
1037 1960 1179 2003 anima
1206 1957 1476 2015 concupiscit
1497 1990 1507 2009 ‚
1538 1950 1735 2012 quamvis

350 2052 450 2080 caro
482 2034 787 2094 concupiscere
814 2031 1004 2083 dicatur,
1031 2031 1130 2088 quia
1152 2029 1381 2072 carnaliter
1403 2025 1546 2069 anima
1571 2036 1735 2067 coneu-

352 2107 491 2166 piscit.
519 2109 641 2149 Tunc
664 2104 744 2148 erit
760 2104 901 2162 justus
919 2103 1010 2144 sine
1028 2099 1118 2143 ullo
1137 2099 1315 2143 omnino
1339 2105 1532 2155 peccato,
1558 2093 1736 2153 quando

354 2178 473 2222 nulla
491 2178 559 2221 lex
578 2177 658 2220 erit
674 2176 718 2219 in
733 2173 939 2218 membris
956 2173 1045 2231 ejus
1059 2185 1303 2230 repugnans
1319 2169 1404 2227 legi
1421 2167 1575 2210 mentis
1593 2166 1683 2224 ejus
1701 2165 1733 2216 ⁴,

354 2249 429 2292 sed
462 2262 634 2306 prorsus
663 2254 754 2290 toto
788 2245 934 2297 corde,
970 2252 1058 2285 tota
1084 2243 1254 2295 anima,
1295 2249 1380 2282 tota
1410 2246 1554 2281 mente
1586 2236 1738 2293 diliget

353 2322 490 2361 'Deum
509 2353 518 2371 ,
540 2316 660 2377 quod
682 2326 745 2359 est
768 2314 954 2373 primum
981 2325 1287 2369 summumque
1311 2317 1575 2368 prseceptum
1596 2309 1625 2347 5.
1649 2307 1739 2349 Cur

358 2404 459 2447 ergo
497 2404 583 2432 non
617 2386 923 2446 praeciperetur
956 2383 1121 2427 homini
1152 2383 1228 2426 ista
1266 2380 1499 2440 perfectio,
1542 2376 1739 2437 quamvis

407 2498 413 2513 ¹
438 2491 536 2532 l'liilip
572 2502 619 2530 iu,
651 2498 699 2521 12.
715 2507 755 2511 —-
774 2496 782 2511 2
811 2500 821 2517 1
840 2492 912 2520 (jor.
942 2498 1008 2526 xiii,
1037 2498 1083 2518 ιο.
1098 2504 1136 2509 —-
1156 2484 1167 2507 3
1187 2488 1278 2517 Deut.
1303 2495 1344 2523 iv,
1365 2484 1393 2515 5.
1407 2499 1445 2505 --
1461 2481 1477 2511 ⁴'4
1496 2485 1584 2513 Rom.
1604 2490 1657 2517 vu,
1683 2478 1736 2510 23.

362 2545 425 2568 -5
444 2546 556 2578 Matth.
578 2556 654 2585 xxii,
677 2545 728 2585 37.
