1804 3205
521 203 575 231 nn
607 204 747 233 czaris
779 204 963 234 nmen.
1377 199 1432 237 75

51 269 157 313 dum
186 267 229 311 in
259 268 384 326 Legis
412 267 632 312 scientiam
659 279 838 328 poneret
866 270 1130 330 adjutorium
1151 305 1162 325 ,
1190 288 1211 311 »
1236 275 1432 318 eamdem

54 338 177 396 Legis
199 338 420 382 scientiam
447 340 519 383 Dei
547 341 725 397 gratiam
752 340 851 385 vclit
881 341 1077 398 intelligi.
1118 344 1227 386 Ecce
1250 345 1431 386 anatlie-

0 417 3 475 ᾗ
51 410 224 454 matizat
242 410 316 468 qui
332 410 413 453 hoc
427 410 639 454 sentiunt:
662 427 761 455 ecce
783 427 861 455 noc
881 422 1075 456 naturam
1100 411 1222 455 liberi
1249 413 1431 468 arbitrii,

49 495 129 525 nec
153 479 291 538 legem
308 490 438 540 atque
459 480 700 524 doctrinam
720 482 809 526 vult
831 482 1010 540 intelligi
1028 483 1206 540 gratiam
1226 517 1235 536 ‚
1257 499 1339 542 qua
1361 500 1436 541 per

0 558 3 604 ξ
50 560 170 596 actus
187 551 378 610 singulos
402 551 670 611 adjuvamur.
697 553 812 606 Quid
846 569 948 611 crgo
974 563 1130 607 restat,
1152 554 1229 597 nisi
1267 566 1311 598 ut
1340 570 1432 598 cam

0 680 1 683 Ἴ
47 623 261 681 intelligat
283 638 413 683 quam
434 624 538 668 dicit
559 624 815 683 Apostolus,
836 625 1231 669 subministratione
1252 626 1434 684 Spiritus

0 686 1 690 ¹
51 694 185 738 sancti
207 694 298 736 dari
327 696 335 718 ¹
375 693 467 737 Pde
497 710 581 753 qua
619 695 725 739 dicit
750 697 956 740 Dominus
981 716 988 740 ;
1024 715 1041 737 «
1069 696 1211 740 Nolite
1244 697 1434 754 cogitare

0 796 2 806 .
53 783 72 806 »
108 764 330 824 quomodo
348 773 422 807 aut
447 763 552 823 quid
576 763 814 823 loquamini
848 766 1058 822 3dal1itur
1092 767 1207 810 enim
1237 767 1358 810 vobis
1392 767 1433 810 in

0 831 2 837 ’
51 854 71 877 »
107 835 179 879 illa
205 834 426 895 lioraquid
451 834 712 893 loquamini:
741 851 826 880 non
846 836 959 879 enim
981 852 1055 880 vos
1080 837 1178 880 estis
1192 838 1264 895 qui
1291 837 1435 895 loqui-

0 927 1 942 :
51 925 71 948 »
106 906 227 959 mini,
252 908 327 949 sed
353 906 536 965 Spiritus
563 906 697 950 Patris
719 907 934 966 vestriqui
952 907 1145 966 loquitur
1163 908 1206 950 in
1231 908 1352 950 vobis
1370 909 1432 950 ².»

0 974 2 995 *
47 978 134 1022 Nec
157 975 267 1020 illud
286 975 570 1020 metuendum
595 985 687 1030 est,
712 991 766 1020 ne
781 975 893 1020 forte
916 977 990 1019 ubi
1012 977 1095 1021 ait:
1125 995 1144 1018 «
1170 978 1333 1021 Omnes
1355 993 1435 1023 vo-

45 1046 213 1092 luntate
236 1047 407 1107 propria
429 1047 543 1105 regi3
571 1065 590 1087 »
616 1047 749 1107 idque
777 1048 990 1107 exposuit,
1017 1066 1036 1090 «
1059 1048 1157 1092 ideo
1180 1063 1223 1092 se
1253 1048 1433 1105 dixisse,

45 1127 221 1179 propter
242 1118 430 1162 liberum
453 1118 704 1173 arbitrium,
738 1123 807 1163 cui
834 1122 946 1163 Deus
973 1120 1147 1179 adjutor
1166 1128 1230 1164 est
1259 1118 1437 1178 eligenti

45 1191 180 1245 bona,
210 1208 230 1232 »
256 1190 384 1234 etiam
409 1190 480 1234 hic
502 1205 579 1250 per
600 1199 800 1234 naturam
823 1189 949 1234 liberi
975 1191 1140 1234 arbitrii
1167 1200 1210 1235 et
1232 1206 1308 1250 per
1331 1191 1437 1236 doc-

45 1263 201 1306 trinam
234 1262 358 1321 Legis
383 1261 625 1321 adjutorem
647 1261 818 1306 dixerit.
844 1264 956 1307 Cum
982 1264 1101 1306 enim
1124 1271 1240 1306 recte
1256 1263 1437 1306 anathe-

0 1378 1 1383 ,
44 1332 311 1377 matizaverit
334 1347 405 1377 eos
421 1366 434 1386 ,
463 1351 483 1374 «
513 1332 589 1391 qui
611 1333 764 1375 dicunt
786 1332 965 1390 gratiam
999 1332 1073 1375 Dei
1103 1341 1146 1374 et
1169 1331 1434 1391 adjutorium

44 1417 132 1446 non
156 1401 210 1446 ad
230 1401 422 1460 singulos
444 1410 564 1446 actus
586 1401 696 1456 dari,
725 1401 801 1445 sed
822 1403 866 1445 in
887 1401 1026 1445 libero
1046 1402 1225 1444 arbitrio
1244 1416 1350 1456 esse,
1365 1401 1435 1446 vel

41 1476 87 1520 in
110 1478 223 1532 Lege
246 1489 294 1517 ac
311 1472 509 1517 doctrina
532 1492 541 1518 :
565 1491 584 1515 n
609 1472 809 1532 profecto
829 1475 903 1516 Dei
921 1473 1056 1530 gratia
1077 1472 1145 1518 vel
1168 1471 1435 1532 adjutorium

41 1544 97 1591 ad
106 1543 299 1603 singulos
311 1553 430 1588 actus
445 1542 590 1599 datur,
602 1552 784 1602 excepto
796 1543 932 1588 libero
951 1543 1144 1597 arbitrio,
1157 1542 1226 1588 vel
1238 1547 1352 1603 Lege
1365 1552 1433 1588 at·-

40 1631 126 1677 que
140 1615 335 1662 doctrina
353 1637 365 1674 3
381 1631 429 1661 ac
451 1631 528 1675 per
539 1616 624 1660 hoc
645 1628 721 1674 per
738 1613 930 1673 singulos
944 1623 1064 1659 actus
1079 1630 1102 1658 a
1121 1615 1430 1673 Deolregimur‚

40 1686 218 1748 quando
240 1696 355 1732 recte
377 1687 543 1745 agimus
568 1707 579 1744 3
603 1701 684 1730 nec
706 1685 864 1730 frustra
882 1696 1054 1730 orantes
1072 1686 1258 1730 dicimus
1286 1704 1294 1730 :
1318 1705 1337 1727 «
1356 1685 1433 1730 lti-

44 1776 64 1799 »
80 1773 183 1802 nera
206 1772 300 1801 mea
321 1757 460 1816 dirige
481 1757 643 1802 secund
653 1772 725 1801 um
745 1757 928 1801 verbum
943 1766 1085 1811 tuum,
1107 1771 1163 1800 ne
1179 1756 1430 1801 dominetur

43 1845 64 1870 »
83 1827 188 1871 mihi
210 1828 349 1872 omnis
371 1827 621 1887 iniquitasss.
639 1846 660 1868 »

97 1899 287 1942 XXXII.
312 1898 395 1943 Sed
417 1897 538 1957 quod
568 1898 648 1941 ista
669 1896 866 1955 sequitur
882 1930 892 1947 ‚
916 1911 985 1939 me
1015 1910 1186 1939 rursum
1209 1894 1425 1940 sollicitat.

39 1969 152 2014 Cum
169 1968 284 2012 enim
300 1967 354 2011 de
369 1968 524 2027 quinto
542 1965 733 2026 capitulo
758 1966 856 2010 libri
869 1967 1061 2010 Coelestii
1075 1966 1177 2010 huic
1195 1966 1343 2010 fuisset
1356 1965 1430 2010 ob-

34 2040 217 2099 jectum,
240 2039 361 2098 quod
378 2058 398 2081 «
423 2039 643 2083 atlirment
658 2052 1020 2097 unumquemque
1038 2037 1260 2082 hominem
1280 2051 1430 2082 omnes

37 2110 220 2154 virtutes
242 2124 366 2169 posse
387 2109 547 2153 habere
574 2118 617 2153 et
638 2109 793 2166 gratias
811 2143 821 2163 ‚
844 2118 888 2153 et
909 2108 1112 2152 auferant
1134 2107 1429 2153 diversitatem

40 2180 293 2238 gratiarum,
317 2193 448 2239 quam
472 2178 705 2239 Apostolus
724 2180 852 2223 docet
874 2198 883 2223 :
908 2197 927 2220 »
951 2177 1148 2237 Pelagius
1166 2177 1391 2238 respondit
1414 2194 1426 2221 :

44 2269 61 2290 α
86 2250 261 2294 Dictum
289 2259 354 2294 est
374 2265 397 2294 a
419 2250 545 2294 nobis
560 2284 571 2304 ‚
597 2248 673 2294 sed
696 2248 885 2307 maligne
903 2258 946 2293 et
967 2249 1166 2308 imperite
1190 2249 1428 2308 reprehen—

38 2318 213 2365 derunt.
234 2322 334 2365 Non
355 2319 471 2364 enim
492 2319 726 2364 auferimus
743 2319 976 2377 gratiarum
1003 2319 1294 2364 diversitatem
1319 2336 1327 2362 :
1353 2316 1429 2362 sed

41 2391 224 2436 dicimus
239 2392 403 2435 donare
421 2393 559 2435 Deum
574 2391 628 2445 ei,
643 2391 718 2449 qui
737 2389 866 2434 suerit
881 2389 1037 2447 dignus
1054 2392 1262 2448 accipere,
1277 2403 1427 2433 omnes

43 2461 199 2521 gratias
214 2496 225 2517 ,
249 2462 360 2507 sicut
383 2460 518 2506 Paulo
538 2459 734 2520 apostolo
752 2458 948 2504 donavit.
976 2478 996 2501 »
1026 2460 1093 2506 Ad
1113 2461 1197 2505 hoc
1221 2458 1425 2518 Synodus

90 2551 99 2568 ¹
116 2544 228 2587 Philip.
248 2555 271 2585 ι,
294 2556 344 2588 ¹9·
360 2561 400 2568 —
417 2551 429 2568 ²
444 2543 566 2577 Matth.
585 2555 618 2585 x,
641 2555 690 2586 ¹9·
708 2559 748 2567 -—
766 2542 779 2567 3
800 2544 879 2576 Psal.
903 2554 1019 2582 cnm,
1038 2544 1111 2578 133.
