1784 3205
316 198 394 233 118
752 207 784 232 s.
822 204 1052 231 AL'GUSTINI
1085 204 1268 231 EPISCOPI

309 272 492 330 deputat
516 270 696 328 gratiam
720 304 730 325 ‚
757 286 843 329 qua
862 271 1068 329 juvamur
1086 269 1139 313 ad
1162 272 1425 330 operandam
1454 271 1664 332 justitiam
1685 307 1696 328 ‚

305 357 405 401 quae
433 350 481 385 ut
504 340 694 384 multum
717 341 921 398 adjuvet,
943 339 998 382 ad
1022 340 1103 384 hoe
1121 340 1297 400 adjuvat
1318 351 1367 386 ut
1387 342 1522 400 gratia
1549 342 1698 402 requi-

304 414 458 456 ratur?
496 414 631 457 Nemo
674 411 789 454 enim
822 419 965 469 potest
996 413 1155 470 Legem
1194 412 1374 471 implere
1412 427 1489 470 per
1520 416 1693 470 Legem.

304 505 326 528 (ι.
350 483 582 530 Plenitudo
610 482 725 526 enim
746 482 870 539 Legis
889 482 1072 527 charitas
1091 485 1156 526 ¹.»
1182 503 1202 525 ι(
1229 483 1431 528 Charitas
1454 492 1598 527 autem
1622 483 1699 527 Dei

304 574 324 598 »
351 571 440 600 non
463 569 539 613 per
568 557 729 611 Legem
759 552 918 597 diffusa
940 562 1003 597 est
1023 553 1068 596 in
1090 553 1293 598 cordibus
1316 555 1472 598 nostris
1489 589 1499 607 ‚
1521 552 1597 597 sed
1618 568 1695 613 per

302 645 322 668 »
353 626 559 684 Spiritum
583 631 781 667 sanctum
810 624 886 683 qui
916 622 1042 667 datus
1071 632 1135 667 est
1159 624 1331 668 nobis2.
1362 642 1382 665 »
1410 623 1598 667 Proinde
1622 638 1697 683 per

298 700 457 753 Legem
483 694 619 754 gratia
643 693 983 749 demonstratur,
1008 704 1058 739 ut
1075 698 1164 739 Lex
1186 711 1262 754 per
1280 694 1464 754 gratiam
1477 694 1698 753 complea-

298 777 384 812 tur.
407 765 521 819 Quid
547 765 662 808 enim
680 766 807 825 juvat
830 765 1072 824 Pelagium,
1095 766 1196 824 quia
1213 765 1392 810 diversis
1414 766 1556 810 verbis
1579 780 1698 809 eam-

298 838 398 882 dem
421 851 512 880 rem
532 835 653 890 dicit,
683 845 733 879 ut
756 850 846 880 non
869 835 1139 894 intelligatur
1156 836 1200 879 in
1223 839 1338 895 Lege
1354 844 1485 895 atque
1499 835 1698 881 doctrina

300 908 479 967 gratiam
494 906 785 962 constituere,
803 922 890 966 qua
908 906 1239 965 possibilitatem
1265 916 1431 950 naturae
1449 906 1596 950 asserit
1618 906 1698 950 ad-

297 979 438 1040 juvari
456 980 474 1021 P
496 980 735 1030 Quantum=
752 985 899 1020 autem
928 976 1152 1032 existimo,
1177 976 1277 1021 ideo
1299 985 1473 1021 veretur
1494 975 1696 1035 intelligi,

302 1050 403 1109 quia
426 1048 652 1093 damnavit
673 1063 768 1102 eos,
794 1049 869 1108 qui
891 1048 1044 1092 dieunt
1065 1048 1245 1105 gratiam
1273 1047 1349 1091 Dei
1372 1057 1415 1092 et
1436 1047 1702 1107 adjutorium

304 1136 393 1166 non
415 1121 468 1164 ad
495 1119 687 1178 singulos
717 1127 838 1163 aetus
862 1119 985 1174 dari,
1015 1119 1090 1162 sed
1120 1119 1165 1162 in
1197 1117 1337 1163 libero
1372 1119 1551 1163 arbitrio
1579 1134 1668 1163 esse
1687 1154 1698 1175 ‚

302 1191 371 1235 vel
393 1192 438 1234 in
455 1194 568 1247 Lege
582 1199 714 1250 atque
732 1189 952 1234 doctrina:
975 1198 1018 1233 et
1040 1198 1187 1233 tamen
1211 1187 1346 1233 latere
1364 1205 1408 1233 se
1432 1198 1576 1248 putat,
1602 1205 1703 1234 cum

303 1260 395 1304 aliis
430 1268 560 1319 atque
584 1258 675 1303 aliis
702 1259 1003 1303 locutionibus
1027 1268 1169 1304 versat
1190 1259 1549 1317 significationem
1579 1259 1703 1318 Legis

305 1338 437 1389 atque
457 1328 687 1373 doctrinae.

364 1403 443 1444 XI.
484 1402 544 1444 Et
567 1398 652 1444 alio
675 1400 840 1459 quippe
860 1400 957 1444 loco
976 1434 986 1455 ‚
1008 1415 1109 1444 cum
1131 1400 1205 1444 diu
1228 1401 1497 1455 asseruisset,
1522 1416 1612 1445 non
1630 1400 1707 1445 ad·
1763 1432 1776 1446 ,

300 1471 463 1531 jutorio
492 1472 596 1526 Dei,
626 1470 703 1514 sed
729 1486 779 1514 ex
802 1470 926 1515 nobis
952 1471 1052 1530 ipsis
1074 1472 1119 1514 in
1142 1472 1269 1515 nobis
1300 1472 1412 1516 efflei
1437 1471 1706 1517 voluntatem

308 1543 467 1586 bonam
487 1577 502 1596 ,
523 1542 727 1602 opposuit
756 1541 834 1585 sihi
868 1556 919 1585 ex
947 1541 1144 1600 Apostoli
1166 1542 1360 1601 Epistola
1388 1544 1673 1602 quaestionem
1691 1578 1703 1598 ‚

310 1622 441 1672 atque
472 1613 532 1656 ait
555 1631 611 1671 μα
637 1615 694 1656 Et
713 1611 937 1672 quomodo
953 1647 964 1666 ⁷
989 1612 1159 1671 inquit,
1185 1613 1317 1655 stabit
1338 1612 1450 1656 illud
1476 1602 1700 1671 Apostoli,

312 1702 331 1724 »
358 1687 470 1726 Deus
499 1693 561 1727 est
591 1683 707 1727 enim
737 1684 811 1742 qui
847 1692 1052 1741 operatur
1084 1683 1128 1726 in
1151 1683 1274 1727 vobis
1306 1691 1348 1727 et
1370 1683 1481 1728 velle
1504 1693 1546 1727 et
1569 1685 1701 1744 perfi-

313 1772 332 1795 »
358 1769 454 1798 cere
476 1756 492 1779 4
514 1757 531 1796 ἵ)
557 1773 578 1796 »
613 1754 780 1798 Deinde
803 1763 852 1797 ut
877 1755 990 1798 hanc
1018 1755 1337 1814 oppositionem
1361 1755 1497 1799 veluti
1519 1756 1705 1803 solveret

313 1840 444 1884 quam
473 1826 652 1870 videbat
676 1826 870 1883 dogmati
899 1841 977 1869 suo
999 1827 1280 1870 vehementer
1307 1842 1397 1871 esse
1418 1829 1678 1872 contrariam
1695 1863 1706 1884 ‚

319 1904 493 1939 secutus
514 1894 713 1955 adjunxit
735 1914 744 1939 :
768 1914 787 1936 «
815 1896 1032 1954 Operatur
1053 1897 1097 1939 in
1122 1896 1248 1940 nobis
1267 1895 1378 1940 velle
1401 1898 1522 1957 quod
1542 1898 1710 1943 bonum

312 1976 391 2020 est,
414 1966 527 2010 velle
548 1965 670 2026 quod
691 1975 890 2010 sanctum
913 1976 993 2021 est,
1020 1966 1126 2010 dum
1151 1983 1228 2011 nos
1253 1969 1438 2013 terrenis
1461 1968 1710 2032 cupiditati-

313 2037 395 2080 bus
418 2036 587 2081 deditos
609 2072 620 2092 ,
650 2045 693 2080 et
721 2047 945 2081 mutorum
974 2052 1096 2082 more
1124 2038 1377 2083 animalium
1402 2040 1711 2087 tantummodo

313 2107 542 2166 praesentia
563 2106 791 2164 diligentes
810 2142 821 2160 ‚
846 2107 1007 2150 futurae
1036 2107 1182 2165 gloriae
1205 2110 1508 2168 magnitudine
1525 2121 1568 2155 et
1589 2127 1706 2171 prae-

313 2178 499 2221 miorum
520 2176 835 2236 pollicitatione
858 2178 1098 2233 succendit,
1122 2178 1228 2222 dum
1250 2180 1512 2226 revelatione
1533 2182 1707 2242 sapien-

314 2248 383 2290 tiae
405 2248 451 2291 in
473 2246 736 2291 desiderium
752 2248 827 2292 Dei
840 2257 1089 2307 stupentem
1102 2248 1281 2293 suscitat
1295 2249 1584 2307 voluntatem,
1601 2252 1708 2298 dum

313 2316 473 2375 nobis(
492 2316 612 2376 quod
645 2326 693 2361 tu
717 2317 819 2361 alibi
845 2332 1001 2375 negare
1024 2333 1113 2362 non
1137 2319 1291 2362 metuis
1306 2354 1317 2374 ‚
1348 2323 1366 2378 )
1392 2322 1547 2366 suadet
1577 2338 1707 2367 omne

313 2386 433 2446 quod
468 2389 636 2431 bonum
662 2396 738 2431 est.
775 2405 795 2428 »
829 2387 945 2440 Quid
977 2387 1272 2443 manifestius,
1303 2390 1413 2435 nihil
1451 2392 1571 2437 aliud
1605 2407 1706 2436 eum

316 2458 458 2502 dicere
494 2459 675 2516 gratiam
695 2492 706 2513 ,
733 2473 819 2517 qua
843 2461 955 2502 Deus
986 2460 1029 2502 in
1055 2458 1181 2503 nobis
1204 2470 1407 2518 operatur
1440 2461 1552 2506 velle
1585 2462 1704 2523 quod

366 2549 373 2563 ¹
394 2543 488 2573 Rom.
515 2553 585 2582 xm,
621 2553 716 2574 io.—-
738 2550 748 2563 ³²
773 2543 818 2577 Id,
837 2555 870 2580 v,
892 2543 920 2575 5.
936 2561 976 2567 ἡ
992 2541 1005 2565 3
1023 2543 1136 2586 Philip.
1156 2554 1187 2578 ιι,
1214 2543 1263 2576 13.
