1784 3205
338 267 418 305 264
778 284 810 307 s.
850 280 1075 306 mmus'rtm
1111 280 1285 304 EPISCOPI

334 344 552 389 cernendo
587 347 642 389 ab
672 345 804 403 ipsius
837 345 1028 387 bonitate
1063 353 1254 397 naturae,
1288 358 1375 387 non
1416 359 1507 387 eam
1529 379 1539 397 ,
1574 346 1591 401 ζ
1623 345 1722 403 quia

334 414 492 459 falsum
521 424 606 469 est,
633 419 650 472 )
677 414 867 459 ostendit
901 429 1069 467 sanam,
1109 413 1184 458 sed
1215 415 1356 458 sanari
1393 429 1481 457 non
1516 414 1725 472 permittit

333 495 556 544 aegrotam.
586 488 639 528 Et
660 485 758 533 ideo
782 483 891 528 illud
913 484 1033 545 quod
1055 484 1240 528 diximus
1257 519 1268 538 ,
1299 504 1319 526 a
1344 483 1464 543 quod
1487 483 1724 527 adulterio-

333 571 428 599 rum
444 556 633 613 culpam,
662 555 825 598 bonum
842 555 961 615 quod
979 554 1078 599 inde
1095 555 1300 605 nascitur,
1322 555 1367 598 id
1381 563 1460 609 est,
1483 555 1616 598 homo
1633 569 1722 599 non

332 635 473 685 potest
509 640 734 680 excusare,
769 644 788 666 »
816 642 966 671 verum
1002 641 1091 669 esse
1120 624 1321 669 concedit
1351 644 1358 669 :
1393 634 1436 669 et
1463 626 1569 680 hoc,
1607 626 1725 669 unde

331 696 450 739 nulla
473 695 585 738 inter
609 711 687 740 nos
709 696 892 756 quaestio
911 706 990 749 est,
1017 697 1145 740 etiam
1164 694 1450 740 similitudine
1473 695 1605 739 fueris
1629 695 1724 739 fur-

332 766 464 809 tivum
486 766 677 810 triticum
700 767 967 820 seminantis,
985 766 1039 810 de
1057 781 1145 825 quo
1164 767 1278 810 hona
1291 767 1445 824 utique
1464 765 1609 809 messis
1627 780 1725 810 nas-

327 835 461 889 citur,
484 837 637 880 astruit
661 845 704 880 et
726 838 955 881 confirmat
972 845 1022 880 ut
1049 845 1204 895 potest.
1231 835 1347 880 Illud
1367 844 1512 879 autem
1538 834 1724 880 alterum

328 905 449 964 quod
477 905 688 959 diximus,
719 926 738 948 u
762 907 1024 965 Nuptiarum
1048 906 1213 950 bonum
1234 904 1349 949 malo
1373 905 1571 964 originali
1602 905 1721 965 quod

326 975 430 1018 inde
454 976 658 1030 trahitur,
683 991 773 1020 non
800 986 941 1035 potest
962 976 1174 1028 accusari,
1201 994 1221 1016 »
1247 990 1338 1019 non
1368 974 1460 1018 vult
1481 976 1725 1018 consentire

326 1045 445 1104 quod
465 1060 614 1089 verum
638 1046 691 1090 sit
719 1066 727 1091 :
749 1048 850 1106 quia
869 1047 902 1090 si
926 1047 1208 1098 consenserit,
1236 1061 1325 1090 non
1351 1044 1608 1102 Pelagianus
1630 1045 1724 1087 hae-

325 1117 500 1170 reticus,
527 1117 599 1160 sed
626 1118 894 1161 Christianus
912 1117 1149 1162 catholicus
1172 1117 1268 1161 erit.
1300 1136 1318 1158 «
1343 1120 1542 1170 Prorsus,
1561 1116 1720 1175 inquit,

325 1189 357 1231 si
381 1188 543 1231 malum
569 1190 622 1231 de
651 1190 814 1248 nuptiis
837 1190 1050 1243 trahitur,
1083 1189 1272 1233 accusari
1296 1197 1505 1247 possunt,
1532 1188 1724 1232 excusari

327 1274 414 1303 non
437 1269 639 1317 possunt3
669 1270 711 1304 et
740 1262 785 1303 in
816 1260 979 1304 diaboli
996 1263 1093 1319 jure
1123 1275 1232 1319 opus
1258 1275 1408 1303 earum
1440 1258 1724 1318 fructumque

324 1330 550 1374 constituis
576 1349 584 1373 2
606 1330 707 1389 quia
729 1331 870 1374 omnis
899 1345 1025 1373 causa
1056 1329 1183 1383 mali,
1220 1345 1368 1388 expers
1391 1330 1497 1373 boni
1515 1337 1594 1372 est.
1622 1347 1641 1370 »
1669 1332 1724 1373 Et

324 1400 378 1444 ad
400 1400 483 1443 hoc
501 1409 655 1443 caetera
678 1400 831 1445 attexit
850 1435 860 1455 ,
884 1410 933 1444 ut
948 1401 1104 1459 probet
1122 1415 1296 1444 causam
1323 1399 1425 1443 mali
1449 1400 1614 1444 bonum
1634 1415 1722 1443 esse

329 1486 417 1514 non
440 1485 590 1529 posse,
626 1480 668 1514 et
698 1471 796 1515 ideo
827 1473 1017 1529 nuptias,
1050 1471 1152 1530 quia
1191 1471 1356 1514 bonum
1387 1480 1516 1525 sunt,
1548 1485 1722 1515 causam

326 1541 429 1585 mali
452 1557 539 1585 non
559 1557 671 1598 esse,
703 1558 750 1585 ac
776 1557 852 1600 per
875 1543 958 1586 hoc
989 1542 1042 1585 de
1063 1541 1143 1586 illis
1162 1551 1452 1601 peccatorem,
1474 1543 1549 1601 qui
1567 1557 1721 1586 neces-

292 1632 304 1648 χι
326 1610 486 1654 sarium
512 1613 669 1656 habeat
681 1612 954 1666 salvatorem,
981 1612 1098 1655 nasci
1114 1613 1292 1656 omnino
1315 1627 1405 1656 non
1428 1627 1551 1671 posse
1572 1631 1580 1656 :
1601 1612 1721 1671 quasi

327 1696 404 1725 nos
428 1682 602 1740 nuptias
625 1697 797 1726 causam
821 1681 1016 1726 dicamus
1039 1696 1127 1725 esse
1151 1682 1344 1740 peccati,
1370 1682 1568 1741 quamvis
1589 1682 1722 1726 homo

326 1752 403 1811 qui
423 1767 472 1795 ex
503 1751 587 1797 illis
621 1755 834 1808 nascitur,
860 1769 949 1797 non
971 1762 1172 1797 nascatur
1196 1755 1287 1796 sine
1320 1762 1514 1812 peccato.
1548 1753 1722 1811 Nuptiae

327 1823 536 1867 institutae
570 1832 672 1867 sunt
707 1839 834 1868 causa
863 1825 1120 1881 generandi,
1152 1839 1242 1867 non
1275 1823 1483 1882 peccandi
1509 1832 1720 1882 :propter

327 1894 447 1954 quod
465 1894 534 1938 illa
560 1904 661 1941 esta
686 1896 871 1940 Domino
896 1895 1144 1939 benedictio
1166 1896 1432 1954 nuptiarum.
1463 1913 1482 1937 «
1511 1895 1717 1950 Crescite,

330 1982 351 2005 »
368 1974 411 2008 et
430 1956 800 2031 multiplicamini,
818 1976 860 2009 et
878 1965 1040 2024 replete
1060 1969 1259 2009 terram2.
1284 1984 1302 2006 »
1324 1968 1555 2009 Peccatum
1574 1974 1719 2009 autern

328 2035 449 2093 quod
464 2034 566 2077 inde
585 2051 608 2078 a
629 2036 906 2079 nascentibus
921 2036 1123 2090 trahitur,
1144 2051 1234 2079 non
1253 2034 1308 2080 ad
1322 2035 1494 2095 nuptias
1513 2037 1716 2095 pertinet,

329 2103 403 2148 sed
427 2106 480 2147 ad
496 2105 659 2148 malum
684 2107 804 2165 quod
826 2105 983 2150 accidit
1007 2106 1279 2161 hominibus,
1305 2122 1492 2166 quorum
1516 2108 1718 2167 conjunc-

329 2176 446 2219 tione
467 2185 569 2219 sunt
593 2177 773 2235 nuptiae.
798 2179 905 2221 Nam
934 2175 1096 2219 malum
1121 2176 1339 2235 pudendae
1360 2177 1554 2222 libidinis
1575 2187 1619 2222 et
1641 2193 1720 2237 po-

330 2254 411 2289 test
430 2260 518 2289 esse
540 2247 631 2289 sine
652 2247 830 2305 nuptiis,
856 2256 899 2290 et
922 2256 1163 2306 potuerunt
1185 2262 1274 2290 esse
1301 2248 1466 2307 nuptiae
1488 2249 1578 2292 sine
1604 2248 1681 2293 illo
1707 2268 1715 2294 :

331 2314 386 2358 ad
406 2314 702 2360 conditionem
732 2326 877 2360 autem
898 2317 1087 2376 pertinet
1104 2318 1294 2376 corporis
1309 2353 1320 2373 ,
1346 2333 1434 2362 non
1460 2318 1559 2363 vitae
1579 2318 1715 2374 illius,

288 2416 296 2420 2
331 2386 407 2429 sed
436 2387 584 2430 mortis
604 2387 753 2446 hujus,
788 2397 838 2432 ut
866 2403 983 2432 nunc
1006 2402 1096 2432 non
1119 2388 1283 2446 possint
1314 2403 1404 2432 esse
1431 2389 1597 2448 nuptiae
1628 2390 1719 2434 sine

331 2454 429 2510 illo,
448 2457 643 2514 quamvis
672 2458 814 2516 ipsum
837 2459 969 2517 possit
989 2473 1077 2503 esse
1101 2460 1191 2503 sine
1212 2457 1311 2504 illis.
1337 2462 1444 2505 Nam
1459 2461 1613 2520 utique
1627 2461 1718 2504 sine
1781 2499 1784 2503 ⁴

330 2525 497 2584 nuptiis
515 2536 578 2571 est
597 2527 801 2586 pudenda
814 2530 953 2575 carnis
970 2530 1339 2589 concupiscentia,
1362 2530 1541 2590 quando
1554 2529 1716 2576 adulte-

380 2616 389 2632 ¹
410 2611 489 2644 Gen.
511 2621 534 2652 1,
553 2611 606 2644 28,
