<?xml version="1.0" encoding="UTF-8"?>
<!DOCTYPE html PUBLIC "-//W3C//DTD XHTML 1.0 Transitional//EN"
    "http://www.w3.org/TR/xhtml1/DTD/xhtml1-transitional.dtd">
<html xmlns="http://www.w3.org/1999/xhtml" xml:lang="en" lang="en">
 <head>
  <title>
</title>
<meta http-equiv="Content-Type" content="text/html;charset=utf-8" />
  <meta name='ocr-system' content='tesseract 3.04.00' />
  <meta name='ocr-capabilities' content='ocr_page ocr_carea ocr_par ocr_line ocrx_word'/>
</head>
<body>
  <div class='ocr_page' id='page_1' title='image "./operaomniaaccura34auguuoft_0075.png"; bbox 0 0 1804 3205; ppageno 0'>
   <div class='ocr_carea' id='block_1_1' title="bbox 42 233 1440 2478">
    <p class='ocr_par' dir='ltr' id='par_1_1' title="bbox 50 233 1435 559">
     <span class='ocr_line' id='line_1_1' title="bbox 527 233 1433 270; baseline 0.012 -11"><span class='ocrx_word' id='word_1_1' title='bbox 527 233 579 260; x_wconf 71' lang='lat' dir='ltr'>nn</span> <span class='ocrx_word' id='word_1_2' title='bbox 611 234 752 262; x_wconf 71' lang='lat' dir='ltr'><strong>GESTIS</strong></span> <span class='ocrx_word' id='word_1_3' title='bbox 779 234 964 263; x_wconf 64' lang='lat' dir='ltr'>mulien.</span> <span class='ocrx_word' id='word_1_4' title='bbox 1377 233 1433 270; x_wconf 84' lang='lat'>65</span> 
     </span>
     <span class='ocr_line' id='line_1_2' title="bbox 51 295 1435 362; baseline 0.011 -25"><span class='ocrx_word' id='word_1_5' title='bbox 51 303 263 354; x_wconf 82' lang='lat' dir='ltr'>repugnat</span> <span class='ocrx_word' id='word_1_6' title='bbox 285 295 327 340; x_wconf 92' lang='lat' dir='ltr'>in</span> <span class='ocrx_word' id='word_1_7' title='bbox 349 296 569 353; x_wconf 81' lang='lat' dir='ltr'>membriS,</span> <span class='ocrx_word' id='word_1_8' title='bbox 597 308 639 343; x_wconf 84' lang='lat' dir='ltr'>et</span> <span class='ocrx_word' id='word_1_9' title='bbox 662 301 850 359; x_wconf 83' lang='lat' dir='ltr'>captivat</span> <span class='ocrx_word' id='word_1_10' title='bbox 872 303 954 346; x_wconf 90' lang='lat' dir='ltr'>sub</span> <span class='ocrx_word' id='word_1_11' title='bbox 976 301 1072 361; x_wconf 88' lang='lat' dir='ltr'>lege</span> <span class='ocrx_word' id='word_1_12' title='bbox 1093 305 1259 362; x_wconf 86' lang='lat' dir='ltr'>peceati</span> <span class='ocrx_word' id='word_1_13' title='bbox 1282 320 1305 349; x_wconf 86' lang='lat' dir='ltr'>a</span> <span class='ocrx_word' id='word_1_14' title='bbox 1330 323 1435 353; x_wconf 87' lang='lat' dir='ltr'>con-</span> 
     </span>
     <span class='ocr_line' id='line_1_3' title="bbox 50 365 1434 437; baseline 0.01 -29"><span class='ocrx_word' id='word_1_15' title='bbox 50 365 198 409; x_wconf 85' lang='lat' dir='ltr'>fitente</span> <span class='ocrx_word' id='word_1_16' title='bbox 222 366 500 424; x_wconf 77' lang='lat' dir='ltr'>exclamatur,</span> <span class='ocrx_word' id='word_1_17' title='bbox 525 377 568 413; x_wconf 93' lang='lat' dir='ltr'>et</span> <span class='ocrx_word' id='word_1_18' title='bbox 598 369 759 415; x_wconf 89' lang='lat' dir='ltr'>dicitur</span> <span class='ocrx_word' id='word_1_19' title='bbox 784 390 793 416; x_wconf 81' lang='lat'>2</span> <span class='ocrx_word' id='word_1_20' title='bbox 823 391 844 414; x_wconf 91' lang='lat'>«</span> <span class='ocrx_word' id='word_1_21' title='bbox 874 371 1029 416; x_wconf 80' lang='lat' dir='ltr'><strong>Infelix</strong></span> <span class='ocrx_word' id='word_1_22' title='bbox 1050 388 1130 433; x_wconf 88' lang='lat' dir='ltr'>ego</span> <span class='ocrx_word' id='word_1_23' title='bbox 1153 375 1284 420; x_wconf 90' lang='lat' dir='ltr'>homo</span> <span class='ocrx_word' id='word_1_24' title='bbox 1301 412 1311 431; x_wconf 95' lang='lat'>,</span> <span class='ocrx_word' id='word_1_25' title='bbox 1336 380 1434 437; x_wconf 86' lang='lat' dir='ltr'>quis</span> 
     </span>
     <span class='ocr_line' id='line_1_4' title="bbox 51 436 1434 507; baseline 0.012 -30"><span class='ocrx_word' id='word_1_26' title='bbox 51 453 71 476; x_wconf 90' lang='lat'>»</span> <span class='ocrx_word' id='word_1_27' title='bbox 108 451 175 480; x_wconf 88' lang='lat' dir='ltr'>me</span> <span class='ocrx_word' id='word_1_28' title='bbox 204 436 407 482; x_wconf 81' lang='lat' dir='ltr'>liberabit</span> <span class='ocrx_word' id='word_1_29' title='bbox 438 438 492 483; x_wconf 87' lang='lat' dir='ltr'>de</span> <span class='ocrx_word' id='word_1_30' title='bbox 520 455 701 499; x_wconf 84' lang='lat' dir='ltr'>corpore</span> <span class='ocrx_word' id='word_1_31' title='bbox 736 444 885 487; x_wconf 90' lang='lat' dir='ltr'>mortis</span> <span class='ocrx_word' id='word_1_32' title='bbox 914 444 1067 503; x_wconf 71' lang='lat' dir='ltr'>hujus?</span> <span class='ocrx_word' id='word_1_33' title='bbox 1089 446 1235 491; x_wconf 84' lang='lat' dir='ltr'>Gratia</span> <span class='ocrx_word' id='word_1_34' title='bbox 1260 447 1335 492; x_wconf 88' lang='lat' dir='ltr'>Dei</span> <span class='ocrx_word' id='word_1_35' title='bbox 1358 464 1434 507; x_wconf 89' lang='lat' dir='ltr'>per</span> 
     </span>
     <span class='ocr_line' id='line_1_5' title="bbox 50 509 1050 559; baseline 0.009 -11"><span class='ocrx_word' id='word_1_36' title='bbox 50 524 71 547; x_wconf 73' lang='lat' dir='ltr'>n</span> <span class='ocrx_word' id='word_1_37' title='bbox 106 509 255 552; x_wconf 70' lang='lat' dir='ltr'>,Iesum</span> <span class='ocrx_word' id='word_1_38' title='bbox 279 510 497 555; x_wconf 86' lang='lat' dir='ltr'>Christum</span> <span class='ocrx_word' id='word_1_39' title='bbox 522 513 756 557; x_wconf 85' lang='lat' dir='ltr'>Dominum</span> <span class='ocrx_word' id='word_1_40' title='bbox 782 518 1050 559; x_wconf 83' lang='lat' dir='ltr'>nostrum1.»</span> 
     </span>
    </p>

    <p class='ocr_par' dir='ltr' id='par_1_2' title="bbox 42 581 1440 1910">
     <span class='ocr_line' id='line_1_6' title="bbox 107 581 1438 646; baseline 0.011 -24"><span class='ocrx_word' id='word_1_41' title='bbox 107 581 226 623; x_wconf 84' lang='lat' dir='ltr'>xxl.</span> <span class='ocrx_word' id='word_1_42' title='bbox 250 582 346 625; x_wconf 92' lang='lat' dir='ltr'>Non</span> <span class='ocrx_word' id='word_1_43' title='bbox 365 596 465 639; x_wconf 85' lang='lat' dir='ltr'>ergo</span> <span class='ocrx_word' id='word_1_44' title='bbox 483 592 652 638; x_wconf 89' lang='lat' dir='ltr'>natura,</span> <span class='ocrx_word' id='word_1_45' title='bbox 682 601 781 644; x_wconf 80' lang='lat' dir='ltr'>quae</span> <span class='ocrx_word' id='word_1_46' title='bbox 804 586 886 629; x_wconf 89' lang='lat' dir='ltr'>sub</span> <span class='ocrx_word' id='word_1_47' title='bbox 909 597 1089 646; x_wconf 82' lang='lat' dir='ltr'>peccato</span> <span class='ocrx_word' id='word_1_48' title='bbox 1112 591 1373 636; x_wconf 86' lang='lat' dir='ltr'>venumdata</span> <span class='ocrx_word' id='word_1_49' title='bbox 1395 602 1438 636; x_wconf 89' lang='lat' dir='ltr'>ct</span> 
     </span>
     <span class='ocr_line' id='line_1_7' title="bbox 48 648 1440 717; baseline 0.012 -27"><span class='ocrx_word' id='word_1_50' title='bbox 48 648 150 692; x_wconf 92' lang='lat' dir='ltr'>vitio</span> <span class='ocrx_word' id='word_1_51' title='bbox 172 652 359 696; x_wconf 89' lang='lat' dir='ltr'>sauciata</span> <span class='ocrx_word' id='word_1_52' title='bbox 385 653 699 713; x_wconf 81' lang='lat' dir='ltr'>redemptorem</span> <span class='ocrx_word' id='word_1_53' title='bbox 723 656 1070 717; x_wconf 83' lang='lat' dir='ltr'>salvatoremque</span> <span class='ocrx_word' id='word_1_54' title='bbox 1093 659 1334 716; x_wconf 83' lang='lat' dir='ltr'>desiderat,</span> <span class='ocrx_word' id='word_1_55' title='bbox 1361 678 1440 707; x_wconf 87' lang='lat' dir='ltr'>nec</span> 
     </span>
     <span class='ocr_line' id='line_1_8' title="bbox 46 719 1439 789; baseline 0.01 -26"><span class='ocrx_word' id='word_1_56' title='bbox 46 719 150 778; x_wconf 87' lang='lat' dir='ltr'>legis</span> <span class='ocrx_word' id='word_1_57' title='bbox 172 724 350 767; x_wconf 86' lang='lat' dir='ltr'>scientia</span> <span class='ocrx_word' id='word_1_58' title='bbox 372 759 381 777; x_wconf 90' lang='lat'>,</span> <span class='ocrx_word' id='word_1_59' title='bbox 409 740 483 783; x_wconf 86' lang='lat' dir='ltr'>per</span> <span class='ocrx_word' id='word_1_60' title='bbox 505 741 634 784; x_wconf 67' lang='lat' dir='ltr'>(mam</span> <span class='ocrx_word' id='word_1_61' title='bbox 661 727 709 770; x_wconf 84' lang='lat' dir='ltr'>fit</span> <span class='ocrx_word' id='word_1_62' title='bbox 730 729 1095 787; x_wconf 78' lang='lat' dir='ltr'>concupiscentiae</span> <span class='ocrx_word' id='word_1_63' title='bbox 1117 732 1324 789; x_wconf 82' lang='lat' dir='ltr'>cognitio,</span> <span class='ocrx_word' id='word_1_64' title='bbox 1351 749 1439 777; x_wconf 87' lang='lat' dir='ltr'>non</span> 
     </span>
     <span class='ocr_line' id='line_1_9' title="bbox 46 790 1440 858; baseline 0.009 -25"><span class='ocrx_word' id='word_1_65' title='bbox 46 790 218 846; x_wconf 86' lang='lat' dir='ltr'>evictio,</span> <span class='ocrx_word' id='word_1_66' title='bbox 241 792 394 837; x_wconf 86' lang='lat' dir='ltr'>liberat</span> <span class='ocrx_word' id='word_1_67' title='bbox 413 809 435 837; x_wconf 90' lang='lat' dir='ltr'>a</span> <span class='ocrx_word' id='word_1_68' title='bbox 456 810 637 854; x_wconf 78' lang='lat' dir='ltr'>corpore</span> <span class='ocrx_word' id='word_1_69' title='bbox 659 798 810 841; x_wconf 91' lang='lat' dir='ltr'>mortis</span> <span class='ocrx_word' id='word_1_70' title='bbox 830 799 960 858; x_wconf 86' lang='lat' dir='ltr'>hujus</span> <span class='ocrx_word' id='word_1_71' title='bbox 981 819 989 844; x_wconf 89' lang='lat'>:</span> <span class='ocrx_word' id='word_1_72' title='bbox 1011 801 1084 844; x_wconf 91' lang='lat' dir='ltr'>sed</span> <span class='ocrx_word' id='word_1_73' title='bbox 1109 803 1242 858; x_wconf 86' lang='lat' dir='ltr'>gratia</span> <span class='ocrx_word' id='word_1_74' title='bbox 1266 803 1440 847; x_wconf 88' lang='lat' dir='ltr'>Domini</span> 
     </span>
     <span class='ocr_line' id='line_1_10' title="bbox 47 864 1439 918; baseline 0.009 -15"><span class='ocrx_word' id='word_1_75' title='bbox 47 876 121 918; x_wconf 82' lang='lat' dir='ltr'>per</span> <span class='ocrx_word' id='word_1_76' title='bbox 155 864 303 906; x_wconf 84' lang='lat' dir='ltr'>Jesum</span> <span class='ocrx_word' id='word_1_77' title='bbox 333 865 551 909; x_wconf 83' lang='lat' dir='ltr'>Christum</span> <span class='ocrx_word' id='word_1_78' title='bbox 586 868 818 911; x_wconf 84' lang='lat' dir='ltr'>Dominum</span> <span class='ocrx_word' id='word_1_79' title='bbox 852 879 1047 914; x_wconf 89' lang='lat' dir='ltr'>nostrum</span> <span class='ocrx_word' id='word_1_80' title='bbox 1073 874 1103 913; x_wconf 72' lang='lat'>².</span> <span class='ocrx_word' id='word_1_81' title='bbox 1147 874 1232 915; x_wconf 89' lang='lat' dir='ltr'>Ista</span> <span class='ocrx_word' id='word_1_82' title='bbox 1260 882 1323 916; x_wconf 89' lang='lat' dir='ltr'>est</span> <span class='ocrx_word' id='word_1_83' title='bbox 1350 888 1439 917; x_wconf 91' lang='lat' dir='ltr'>non</span> 
     </span>
     <span class='ocr_line' id='line_1_11' title="bbox 45 933 1440 998; baseline 0.007 -24"><span class='ocrx_word' id='word_1_84' title='bbox 45 939 199 975; x_wconf 86' lang='lat' dir='ltr'>natura</span> <span class='ocrx_word' id='word_1_85' title='bbox 233 933 434 988; x_wconf 87' lang='lat' dir='ltr'>moriens,</span> <span class='ocrx_word' id='word_1_86' title='bbox 467 950 547 979; x_wconf 87' lang='lat' dir='ltr'>nec</span> <span class='ocrx_word' id='word_1_87' title='bbox 581 935 722 980; x_wconf 86' lang='lat' dir='ltr'>littera</span> <span class='ocrx_word' id='word_1_88' title='bbox 755 938 972 991; x_wconf 83' lang='lat' dir='ltr'>occidens,</span> <span class='ocrx_word' id='word_1_89' title='bbox 1001 940 1076 982; x_wconf 87' lang='lat' dir='ltr'>sed</span> <span class='ocrx_word' id='word_1_90' title='bbox 1101 941 1274 998; x_wconf 88' lang='lat' dir='ltr'>spiritus</span> <span class='ocrx_word' id='word_1_91' title='bbox 1298 942 1440 986; x_wconf 86' lang='lat' dir='ltr'>vivifi-</span> 
     </span>
     <span class='ocr_line' id='line_1_12' title="bbox 44 1005 1439 1058; baseline 0.008 -13"><span class='ocrx_word' id='word_1_92' title='bbox 44 1016 160 1047; x_wconf 85' lang='lat' dir='ltr'>cans.</span> <span class='ocrx_word' id='word_1_93' title='bbox 187 1006 282 1048; x_wconf 79' lang='lat' dir='ltr'>Jam</span> <span class='ocrx_word' id='word_1_94' title='bbox 306 1005 420 1048; x_wconf 86' lang='lat' dir='ltr'>enim</span> <span class='ocrx_word' id='word_1_95' title='bbox 448 1006 636 1050; x_wconf 84' lang='lat' dir='ltr'>habebat</span> <span class='ocrx_word' id='word_1_96' title='bbox 657 1008 737 1051; x_wconf 86' lang='lat' dir='ltr'>iste</span> <span class='ocrx_word' id='word_1_97' title='bbox 759 1017 960 1052; x_wconf 84' lang='lat' dir='ltr'>naturam</span> <span class='ocrx_word' id='word_1_98' title='bbox 985 1025 1085 1054; x_wconf 88' lang='lat' dir='ltr'>cum</span> <span class='ocrx_word' id='word_1_99' title='bbox 1108 1011 1345 1057; x_wconf 87' lang='lat' dir='ltr'>voluntatis</span> <span class='ocrx_word' id='word_1_100' title='bbox 1368 1030 1439 1058; x_wconf 86' lang='lat' dir='ltr'>ar-</span> 
     </span>
     <span class='ocr_line' id='line_1_13' title="bbox 45 1072 1439 1139; baseline 0.009 -23"><span class='ocrx_word' id='word_1_101' title='bbox 45 1072 208 1131; x_wconf 64' lang='lat' dir='ltr'>lntd03</span> <span class='ocrx_word' id='word_1_102' title='bbox 241 1075 577 1121; x_wconf 74' lang='lat' dir='ltr'>nanicficebat:</span> <span class='ocrx_word' id='word_1_103' title='bbox 608 1078 1130 1139; x_wconf 81' lang='lat' dir='ltr'>«Velleadjaeetrnihi3</span> <span class='ocrx_word' id='word_1_104' title='bbox 1159 1103 1215 1127; x_wconf 75' lang='grc' dir='ltr'>ε»</span> <span class='ocrx_word' id='word_1_105' title='bbox 1248 1083 1323 1128; x_wconf 86' lang='lat' dir='ltr'>sed</span> <span class='ocrx_word' id='word_1_106' title='bbox 1349 1101 1439 1129; x_wconf 86' lang='lat' dir='ltr'>non</span> 
     </span>
     <span class='ocr_line' id='line_1_14' title="bbox 45 1144 1436 1212; baseline 0.01 -25"><span class='ocrx_word' id='word_1_107' title='bbox 45 1144 813 1205; x_wconf 42' lang='lat' dir='ltr'>habebatiunuranicunisanstaug</span> <span class='ocrx_word' id='word_1_108' title='bbox 845 1151 936 1195; x_wconf 51' lang='lat' dir='ltr'>fine</span> <span class='ocrx_word' id='word_1_109' title='bbox 964 1153 1092 1209; x_wconf 43' lang='lat' dir='ltr'>vuum</span> <span class='ocrx_word' id='word_1_110' title='bbox 1120 1155 1436 1212; x_wconf 51' lang='lat' dir='ltr'>nanithcebau</span> 
     </span>
     <span class='ocr_line' id='line_1_15' title="bbox 46 1215 1439 1281; baseline 0.009 -22"><span class='ocrx_word' id='word_1_111' title='bbox 46 1215 141 1259; x_wconf 89' lang='lat' dir='ltr'>Scio</span> <span class='ocrx_word' id='word_1_112' title='bbox 163 1217 283 1276; x_wconf 89' lang='lat' dir='ltr'>quod</span> <span class='ocrx_word' id='word_1_113' title='bbox 306 1233 394 1262; x_wconf 90' lang='lat' dir='ltr'>non</span> <span class='ocrx_word' id='word_1_114' title='bbox 417 1219 585 1263; x_wconf 88' lang='lat' dir='ltr'>habitat</span> <span class='ocrx_word' id='word_1_115' title='bbox 609 1221 650 1263; x_wconf 88' lang='lat' dir='ltr'>in</span> <span class='ocrx_word' id='word_1_116' title='bbox 675 1236 768 1275; x_wconf 88' lang='lat' dir='ltr'>me,</span> <span class='ocrx_word' id='word_1_117' title='bbox 796 1222 877 1266; x_wconf 92' lang='lat' dir='ltr'>hoc</span> <span class='ocrx_word' id='word_1_118' title='bbox 902 1232 980 1276; x_wconf 91' lang='lat' dir='ltr'>est,</span> <span class='ocrx_word' id='word_1_119' title='bbox 1007 1224 1053 1267; x_wconf 89' lang='lat' dir='ltr'>in</span> <span class='ocrx_word' id='word_1_120' title='bbox 1076 1239 1204 1269; x_wconf 88' lang='lat' dir='ltr'>carne</span> <span class='ocrx_word' id='word_1_121' title='bbox 1222 1241 1333 1281; x_wconf 87' lang='lat' dir='ltr'>mea,</span> <span class='ocrx_word' id='word_1_122' title='bbox 1356 1228 1439 1271; x_wconf 83' lang='lat' dir='ltr'>bo-</span> 
     </span>
     <span class='ocr_line' id='line_1_16' title="bbox 42 1288 1438 1351; baseline 0.008 -22"><span class='ocrx_word' id='word_1_123' title='bbox 42 1301 163 1330; x_wconf 88' lang='lat' dir='ltr'>num.</span> <span class='ocrx_word' id='word_1_124' title='bbox 195 1290 290 1331; x_wconf 89' lang='lat' dir='ltr'>Jam</span> <span class='ocrx_word' id='word_1_125' title='bbox 315 1288 505 1333; x_wconf 84' lang='lat' dir='ltr'>habebat</span> <span class='ocrx_word' id='word_1_126' title='bbox 532 1292 826 1348; x_wconf 88' lang='lat' dir='ltr'>cognitionem</span> <span class='ocrx_word' id='word_1_127' title='bbox 853 1292 959 1350; x_wconf 86' lang='lat' dir='ltr'>legis</span> <span class='ocrx_word' id='word_1_128' title='bbox 987 1303 1169 1351; x_wconf 70' lang='lat' dir='ltr'>sanctae,</span> <span class='ocrx_word' id='word_1_129' title='bbox 1197 1310 1299 1339; x_wconf 84' lang='lat' dir='ltr'>nam</span> <span class='ocrx_word' id='word_1_130' title='bbox 1317 1297 1438 1341; x_wconf 87' lang='lat' dir='ltr'>dice-</span> 
     </span>
     <span class='ocr_line' id='line_1_17' title="bbox 43 1357 1438 1421; baseline 0.007 -21"><span class='ocrx_word' id='word_1_131' title='bbox 43 1357 117 1401; x_wconf 86' lang='lat' dir='ltr'>bat</span> <span class='ocrx_word' id='word_1_132' title='bbox 139 1376 146 1401; x_wconf 90' lang='grc'>;</span> <span class='ocrx_word' id='word_1_133' title='bbox 169 1375 188 1398; x_wconf 89' lang='lat'>«</span> <span class='ocrx_word' id='word_1_134' title='bbox 216 1361 447 1403; x_wconf 85' lang='lat' dir='ltr'>Peccatum</span> <span class='ocrx_word' id='word_1_135' title='bbox 470 1375 558 1404; x_wconf 87' lang='lat' dir='ltr'>non</span> <span class='ocrx_word' id='word_1_136' title='bbox 581 1363 782 1419; x_wconf 81' lang='lat' dir='ltr'>cognovi,</span> <span class='ocrx_word' id='word_1_137' title='bbox 804 1362 884 1405; x_wconf 92' lang='lat' dir='ltr'>nisi</span> <span class='ocrx_word' id='word_1_138' title='bbox 906 1377 981 1421; x_wconf 86' lang='lat' dir='ltr'>per</span> <span class='ocrx_word' id='word_1_139' title='bbox 1002 1363 1194 1420; x_wconf 76' lang='lat' dir='ltr'>legem⁴z</span> <span class='ocrx_word' id='word_1_140' title='bbox 1214 1384 1234 1406; x_wconf 92' lang='lat'>»</span> <span class='ocrx_word' id='word_1_141' title='bbox 1251 1366 1325 1410; x_wconf 86' lang='lat' dir='ltr'>sed</span> <span class='ocrx_word' id='word_1_142' title='bbox 1348 1382 1438 1411; x_wconf 88' lang='lat' dir='ltr'>non</span> 
     </span>
     <span class='ocr_line' id='line_1_18' title="bbox 44 1426 1440 1492; baseline 0.008 -22"><span class='ocrx_word' id='word_1_143' title='bbox 44 1426 231 1471; x_wconf 83' lang='lat' dir='ltr'>habebat</span> <span class='ocrx_word' id='word_1_144' title='bbox 253 1428 363 1472; x_wconf 89' lang='lat' dir='ltr'>vires</span> <span class='ocrx_word' id='word_1_145' title='bbox 386 1429 565 1486; x_wconf 86' lang='lat' dir='ltr'>agendae</span> <span class='ocrx_word' id='word_1_146' title='bbox 590 1431 956 1491; x_wconf 80' lang='lat' dir='ltr'>perficiendaeque</span> <span class='ocrx_word' id='word_1_147' title='bbox 971 1433 1180 1492; x_wconf 73' lang='lat' dir='ltr'>justitiae,</span> <span class='ocrx_word' id='word_1_148' title='bbox 1200 1450 1300 1479; x_wconf 86' lang='lat' dir='ltr'>nam</span> <span class='ocrx_word' id='word_1_149' title='bbox 1319 1435 1440 1481; x_wconf 86' lang='lat' dir='ltr'>dice·</span> 
     </span>
     <span class='ocr_line' id='line_1_19' title="bbox 44 1497 1434 1564; baseline 0.005 -23"><span class='ocrx_word' id='word_1_150' title='bbox 44 1497 118 1541; x_wconf 88' lang='lat' dir='ltr'>bat</span> <span class='ocrx_word' id='word_1_151' title='bbox 143 1516 151 1541; x_wconf 90' lang='lat'>:</span> <span class='ocrx_word' id='word_1_152' title='bbox 181 1517 199 1539; x_wconf 88' lang='lat'>«</span> <span class='ocrx_word' id='word_1_153' title='bbox 225 1500 321 1542; x_wconf 93' lang='lat' dir='ltr'>Non</span> <span class='ocrx_word' id='word_1_154' title='bbox 343 1498 463 1557; x_wconf 90' lang='lat' dir='ltr'>quod</span> <span class='ocrx_word' id='word_1_155' title='bbox 486 1499 586 1544; x_wconf 84' lang='lat' dir='ltr'>volo</span> <span class='ocrx_word' id='word_1_156' title='bbox 606 1500 690 1544; x_wconf 88' lang='lat' dir='ltr'>hoc</span> <span class='ocrx_word' id='word_1_157' title='bbox 710 1516 806 1559; x_wconf 84' lang='lat' dir='ltr'>ago,</span> <span class='ocrx_word' id='word_1_158' title='bbox 827 1502 903 1545; x_wconf 89' lang='lat' dir='ltr'>sed</span> <span class='ocrx_word' id='word_1_159' title='bbox 921 1503 1042 1562; x_wconf 93' lang='lat' dir='ltr'>quod</span> <span class='ocrx_word' id='word_1_160' title='bbox 1061 1504 1134 1548; x_wconf 85' lang='lat' dir='ltr'>odi</span> <span class='ocrx_word' id='word_1_161' title='bbox 1151 1505 1234 1549; x_wconf 88' lang='lat' dir='ltr'>hoe</span> <span class='ocrx_word' id='word_1_162' title='bbox 1252 1505 1364 1551; x_wconf 86' lang='lat' dir='ltr'>facio</span> <span class='ocrx_word' id='word_1_163' title='bbox 1382 1528 1393 1564; x_wconf 78' lang='lat'><em>3</em></span> <span class='ocrx_word' id='word_1_164' title='bbox 1413 1524 1434 1549; x_wconf 88' lang='lat'>»</span> 
     </span>
     <span class='ocr_line' id='line_1_20' title="bbox 42 1569 1438 1622; baseline 0.008 -11"><span class='ocrx_word' id='word_1_165' title='bbox 42 1577 105 1612; x_wconf 89' lang='lat' dir='ltr'>et:</span> <span class='ocrx_word' id='word_1_166' title='bbox 127 1587 147 1610; x_wconf 92' lang='lat'>«</span> <span class='ocrx_word' id='word_1_167' title='bbox 171 1569 380 1613; x_wconf 88' lang='lat' dir='ltr'>Perficere</span> <span class='ocrx_word' id='word_1_168' title='bbox 399 1569 565 1614; x_wconf 89' lang='lat' dir='ltr'>bonum</span> <span class='ocrx_word' id='word_1_169' title='bbox 582 1586 671 1615; x_wconf 92' lang='lat' dir='ltr'>non</span> <span class='ocrx_word' id='word_1_170' title='bbox 689 1571 866 1617; x_wconf 90' lang='lat' dir='ltr'>invenio</span> <span class='ocrx_word' id='word_1_171' title='bbox 891 1574 951 1616; x_wconf 87' lang='lat'>⁵.»</span> <span class='ocrx_word' id='word_1_172' title='bbox 979 1574 1084 1619; x_wconf 88' lang='lat' dir='ltr'>ldeo</span> <span class='ocrx_word' id='word_1_173' title='bbox 1101 1591 1182 1620; x_wconf 86' lang='lat' dir='ltr'>nec</span> <span class='ocrx_word' id='word_1_174' title='bbox 1199 1576 1438 1622; x_wconf 86' lang='lat' dir='ltr'>voluntatis</span> 
     </span>
     <span class='ocr_line' id='line_1_21' title="bbox 42 1639 1438 1701; baseline 0.007 -19"><span class='ocrx_word' id='word_1_175' title='bbox 42 1639 286 1693; x_wconf 83' lang='lat' dir='ltr'>arbitrium,</span> <span class='ocrx_word' id='word_1_176' title='bbox 309 1655 388 1685; x_wconf 86' lang='lat' dir='ltr'>nee</span> <span class='ocrx_word' id='word_1_177' title='bbox 405 1640 511 1700; x_wconf 90' lang='lat' dir='ltr'>legis</span> <span class='ocrx_word' id='word_1_178' title='bbox 527 1651 814 1701; x_wconf 83' lang='lat' dir='ltr'>praeceptum,</span> <span class='ocrx_word' id='word_1_179' title='bbox 841 1643 960 1687; x_wconf 87' lang='lat' dir='ltr'>unde</span> <span class='ocrx_word' id='word_1_180' title='bbox 982 1644 1243 1690; x_wconf 84' lang='lat' dir='ltr'>liberaretur</span> <span class='ocrx_word' id='word_1_181' title='bbox 1264 1648 1319 1692; x_wconf 88' lang='lat' dir='ltr'>de</span> <span class='ocrx_word' id='word_1_182' title='bbox 1341 1664 1438 1694; x_wconf 87' lang='lat' dir='ltr'>cor-</span> 
     </span>
     <span class='ocr_line' id='line_1_22' title="bbox 43 1711 1436 1774; baseline 0.007 -20"><span class='ocrx_word' id='word_1_183' title='bbox 43 1725 146 1769; x_wconf 86' lang='lat' dir='ltr'>pore</span> <span class='ocrx_word' id='word_1_184' title='bbox 169 1711 318 1756; x_wconf 87' lang='lat' dir='ltr'>mortis</span> <span class='ocrx_word' id='word_1_185' title='bbox 341 1713 495 1771; x_wconf 71' lang='lat' dir='ltr'>hujus,</span> <span class='ocrx_word' id='word_1_186' title='bbox 516 1713 618 1772; x_wconf 85' lang='lat' dir='ltr'>quia</span> <span class='ocrx_word' id='word_1_187' title='bbox 636 1725 875 1773; x_wconf 84' lang='lat' dir='ltr'>utrumque</span> <span class='ocrx_word' id='word_1_188' title='bbox 891 1716 980 1774; x_wconf 87' lang='lat' dir='ltr'>jam</span> <span class='ocrx_word' id='word_1_189' title='bbox 1004 1716 1198 1762; x_wconf 88' lang='lat' dir='ltr'>habebat</span> <span class='ocrx_word' id='word_1_190' title='bbox 1214 1753 1225 1772; x_wconf 93' lang='lat'>,</span> <span class='ocrx_word' id='word_1_191' title='bbox 1252 1719 1369 1763; x_wconf 88' lang='lat' dir='ltr'>aliud</span> <span class='ocrx_word' id='word_1_192' title='bbox 1392 1721 1436 1764; x_wconf 92' lang='lat' dir='ltr'>in</span> 
     </span>
     <span class='ocr_line' id='line_1_23' title="bbox 44 1780 1436 1845; baseline 0.008 -22"><span class='ocrx_word' id='word_1_193' title='bbox 44 1789 219 1836; x_wconf 83' lang='lat' dir='ltr'>natura,</span> <span class='ocrx_word' id='word_1_194' title='bbox 247 1780 366 1825; x_wconf 90' lang='lat' dir='ltr'>aliud</span> <span class='ocrx_word' id='word_1_195' title='bbox 389 1782 433 1825; x_wconf 90' lang='lat' dir='ltr'>in</span> <span class='ocrx_word' id='word_1_196' title='bbox 455 1781 652 1826; x_wconf 87' lang='lat' dir='ltr'>doctrina</span> <span class='ocrx_word' id='word_1_197' title='bbox 681 1803 689 1827; x_wconf 77' lang='grc' dir='ltr'>ε</span> <span class='ocrx_word' id='word_1_198' title='bbox 716 1783 792 1827; x_wconf 89' lang='lat' dir='ltr'>sed</span> <span class='ocrx_word' id='word_1_199' title='bbox 815 1785 964 1843; x_wconf 87' lang='lat' dir='ltr'>gratiae</span> <span class='ocrx_word' id='word_1_200' title='bbox 990 1786 1062 1829; x_wconf 92' lang='lat' dir='ltr'>Dei</span> <span class='ocrx_word' id='word_1_201' title='bbox 1087 1787 1295 1845; x_wconf 83' lang='lat' dir='ltr'>poscebat</span> <span class='ocrx_word' id='word_1_202' title='bbox 1316 1792 1436 1834; x_wconf 79' lang='lat' dir='ltr'>auxi-</span> 
     </span>
     <span class='ocr_line' id='line_1_24' title="bbox 43 1850 1196 1910; baseline 0.005 -17"><span class='ocrx_word' id='word_1_203' title='bbox 43 1850 148 1894; x_wconf 90' lang='lat' dir='ltr'>lium</span> <span class='ocrx_word' id='word_1_204' title='bbox 167 1886 178 1905; x_wconf 89' lang='lat'>,</span> <span class='ocrx_word' id='word_1_205' title='bbox 203 1867 281 1910; x_wconf 89' lang='lat' dir='ltr'>per</span> <span class='ocrx_word' id='word_1_206' title='bbox 303 1854 450 1895; x_wconf 87' lang='lat' dir='ltr'>Jesum</span> <span class='ocrx_word' id='word_1_207' title='bbox 473 1853 696 1896; x_wconf 83' lang='lat' dir='ltr'>Christum</span> <span class='ocrx_word' id='word_1_208' title='bbox 721 1854 958 1897; x_wconf 90' lang='lat' dir='ltr'>Dominum</span> <span class='ocrx_word' id='word_1_209' title='bbox 982 1865 1196 1900; x_wconf 90' lang='lat' dir='ltr'>nostrum.</span> 
     </span>
    </p>

    <p class='ocr_par' dir='ltr' id='par_1_3' title="bbox 44 1923 1438 2478">
     <span class='ocr_line' id='line_1_25' title="bbox 102 1923 1436 1982; baseline 0.006 -18"><span class='ocrx_word' id='word_1_210' title='bbox 102 1923 244 1965; x_wconf 83' lang='lat' dir='ltr'><strong>XXII.</strong></span> <span class='ocrx_word' id='word_1_211' title='bbox 271 1925 392 1965; x_wconf 89' lang='lat' dir='ltr'>Hanc</span> <span class='ocrx_word' id='word_1_212' title='bbox 412 1923 560 1980; x_wconf 84' lang='lat' dir='ltr'>itaque</span> <span class='ocrx_word' id='word_1_213' title='bbox 582 1923 778 1979; x_wconf 83' lang='lat' dir='ltr'>gratiam,</span> <span class='ocrx_word' id='word_1_214' title='bbox 804 1939 935 1982; x_wconf 83' lang='lat' dir='ltr'>quam</span> <span class='ocrx_word' id='word_1_215' title='bbox 955 1924 999 1968; x_wconf 90' lang='lat' dir='ltr'>in</span> <span class='ocrx_word' id='word_1_216' title='bbox 1015 1926 1227 1970; x_wconf 84' lang='lat' dir='ltr'>catholiea</span> <span class='ocrx_word' id='word_1_217' title='bbox 1245 1927 1436 1972; x_wconf 85' lang='lat' dir='ltr'>Ecclesia</span> 
     </span>
     <span class='ocr_line' id='line_1_26' title="bbox 44 1992 1438 2054; baseline 0.006 -19"><span class='ocrx_word' id='word_1_218' title='bbox 44 1992 305 2036; x_wconf 89' lang='lat' dir='ltr'>notissimam</span> <span class='ocrx_word' id='word_1_219' title='bbox 330 2001 557 2046; x_wconf 82' lang='lat' dir='ltr'>noverant,</span> <span class='ocrx_word' id='word_1_220' title='bbox 583 1992 772 2051; x_wconf 80' lang='lat' dir='ltr'>episcopi</span> <span class='ocrx_word' id='word_1_221' title='bbox 789 1993 1071 2038; x_wconf 87' lang='lat' dir='ltr'>crediderunt</span> <span class='ocrx_word' id='word_1_222' title='bbox 1088 1996 1311 2054; x_wconf 83' lang='lat' dir='ltr'>Pelagium</span> <span class='ocrx_word' id='word_1_223' title='bbox 1330 2014 1438 2043; x_wconf 84' lang='lat' dir='ltr'>con-</span> 
     </span>
     <span class='ocr_line' id='line_1_27' title="bbox 45 2062 1436 2126; baseline 0.005 -19"><span class='ocrx_word' id='word_1_224' title='bbox 45 2063 172 2117; x_wconf 85' lang='lat' dir='ltr'>fiteri,</span> <span class='ocrx_word' id='word_1_225' title='bbox 198 2078 298 2106; x_wconf 90' lang='lat' dir='ltr'>cum</span> <span class='ocrx_word' id='word_1_226' title='bbox 317 2062 519 2106; x_wconf 87' lang='lat' dir='ltr'>audirent</span> <span class='ocrx_word' id='word_1_227' title='bbox 537 2077 637 2106; x_wconf 84' lang='lat' dir='ltr'>eum</span> <span class='ocrx_word' id='word_1_228' title='bbox 653 2062 811 2119; x_wconf 86' lang='lat' dir='ltr'>dicere,</span> <span class='ocrx_word' id='word_1_229' title='bbox 838 2065 1058 2109; x_wconf 85' lang='lat' dir='ltr'>hominem</span> <span class='ocrx_word' id='word_1_230' title='bbox 1079 2081 1102 2109; x_wconf 85' lang='lat' dir='ltr'>a</span> <span class='ocrx_word' id='word_1_231' title='bbox 1120 2069 1308 2126; x_wconf 84' lang='lat' dir='ltr'>peccatis</span> <span class='ocrx_word' id='word_1_232' title='bbox 1329 2085 1436 2114; x_wconf 91' lang='lat' dir='ltr'>con-</span> 
     </span>
     <span class='ocr_line' id='line_1_28' title="bbox 46 2132 1436 2198; baseline 0.006 -22"><span class='ocrx_word' id='word_1_233' title='bbox 46 2148 232 2187; x_wconf 88' lang='lat' dir='ltr'>versum,</span> <span class='ocrx_word' id='word_1_234' title='bbox 254 2132 429 2191; x_wconf 83' lang='lat' dir='ltr'>proprio</span> <span class='ocrx_word' id='word_1_235' title='bbox 444 2132 595 2176; x_wconf 87' lang='lat' dir='ltr'>labore</span> <span class='ocrx_word' id='word_1_236' title='bbox 613 2142 656 2177; x_wconf 83' lang='lat' dir='ltr'>et</span> <span class='ocrx_word' id='word_1_237' title='bbox 676 2134 750 2177; x_wconf 89' lang='lat' dir='ltr'>Dei</span> <span class='ocrx_word' id='word_1_238' title='bbox 768 2135 901 2193; x_wconf 84' lang='lat' dir='ltr'>gratia</span> <span class='ocrx_word' id='word_1_239' title='bbox 920 2150 1044 2194; x_wconf 88' lang='lat' dir='ltr'>posse</span> <span class='ocrx_word' id='word_1_240' title='bbox 1059 2152 1149 2181; x_wconf 87' lang='lat' dir='ltr'>esse</span> <span class='ocrx_word' id='word_1_241' title='bbox 1166 2138 1258 2182; x_wconf 91' lang='lat' dir='ltr'>sinc</span> <span class='ocrx_word' id='word_1_242' title='bbox 1279 2155 1436 2198; x_wconf 83' lang='lat' dir='ltr'>pecca-</span> 
     </span>
     <span class='ocr_line' id='line_1_29' title="bbox 46 2204 1436 2267; baseline 0.005 -19"><span class='ocrx_word' id='word_1_243' title='bbox 46 2214 104 2248; x_wconf 89' lang='lat' dir='ltr'>to.</span> <span class='ocrx_word' id='word_1_244' title='bbox 138 2221 156 2245; x_wconf 82' lang='grc'>»</span> <span class='ocrx_word' id='word_1_245' title='bbox 181 2207 274 2262; x_wconf 86' lang='lat' dir='ltr'>Ego</span> <span class='ocrx_word' id='word_1_246' title='bbox 297 2213 441 2248; x_wconf 88' lang='lat' dir='ltr'>autem</span> <span class='ocrx_word' id='word_1_247' title='bbox 464 2213 642 2263; x_wconf 87' lang='lat' dir='ltr'>propter</span> <span class='ocrx_word' id='word_1_248' title='bbox 662 2204 788 2249; x_wconf 89' lang='lat' dir='ltr'>illum</span> <span class='ocrx_word' id='word_1_249' title='bbox 811 2206 988 2261; x_wconf 89' lang='lat' dir='ltr'>librum,</span> <span class='ocrx_word' id='word_1_250' title='bbox 1015 2223 1147 2267; x_wconf 87' lang='lat' dir='ltr'>quem</span> <span class='ocrx_word' id='word_1_251' title='bbox 1171 2211 1280 2253; x_wconf 89' lang='lat' dir='ltr'>mihi</span> <span class='ocrx_word' id='word_1_252' title='bbox 1303 2212 1436 2255; x_wconf 82' lang='lat' dir='ltr'>refel-</span> 
     </span>
     <span class='ocr_line' id='line_1_30' title="bbox 44 2274 1432 2338; baseline 0.006 -20"><span class='ocrx_word' id='word_1_253' title='bbox 44 2274 224 2318; x_wconf 86' lang='lat' dir='ltr'>lendum</span> <span class='ocrx_word' id='word_1_254' title='bbox 244 2275 353 2319; x_wconf 90' lang='lat' dir='ltr'>servi</span> <span class='ocrx_word' id='word_1_255' title='bbox 377 2275 452 2318; x_wconf 84' lang='lat' dir='ltr'>Dei</span> <span class='ocrx_word' id='word_1_256' title='bbox 475 2274 714 2330; x_wconf 89' lang='lat' dir='ltr'>dederunt,</span> <span class='ocrx_word' id='word_1_257' title='bbox 741 2277 817 2336; x_wconf 88' lang='lat' dir='ltr'>qui</span> <span class='ocrx_word' id='word_1_258' title='bbox 839 2276 1041 2336; x_wconf 88' lang='lat' dir='ltr'>discipuli</span> <span class='ocrx_word' id='word_1_259' title='bbox 1067 2280 1082 2304; x_wconf 80' lang='lat'>⁰</span> <span class='ocrx_word' id='word_1_260' title='bbox 1106 2281 1197 2338; x_wconf 86' lang='lat' dir='ltr'>ejus</span> <span class='ocrx_word' id='word_1_261' title='bbox 1221 2279 1400 2326; x_wconf 87' lang='lat' dir='ltr'>fuerunt</span> <span class='ocrx_word' id='word_1_262' title='bbox 1422 2318 1432 2338; x_wconf 92' lang='lat'>,</span> 
     </span>
     <span class='ocr_line' id='line_1_31' title="bbox 46 2343 1436 2408; baseline 0.006 -21"><span class='ocrx_word' id='word_1_263' title='bbox 46 2353 89 2388; x_wconf 88' lang='lat' dir='ltr'>et</span> <span class='ocrx_word' id='word_1_264' title='bbox 113 2359 214 2388; x_wconf 91' lang='lat' dir='ltr'>cum</span> <span class='ocrx_word' id='word_1_265' title='bbox 241 2343 444 2388; x_wconf 87' lang='lat' dir='ltr'>eumdem</span> <span class='ocrx_word' id='word_1_266' title='bbox 470 2344 692 2404; x_wconf 84' lang='lat' dir='ltr'>Pelagium</span> <span class='ocrx_word' id='word_1_267' title='bbox 715 2345 841 2390; x_wconf 86' lang='lat' dir='ltr'>valde</span> <span class='ocrx_word' id='word_1_268' title='bbox 865 2346 1112 2406; x_wconf 82' lang='lat' dir='ltr'>diligerent,</span> <span class='ocrx_word' id='word_1_269' title='bbox 1138 2350 1229 2408; x_wconf 85' lang='lat' dir='ltr'>ejus</span> <span class='ocrx_word' id='word_1_270' title='bbox 1255 2366 1343 2395; x_wconf 89' lang='lat' dir='ltr'>esse</span> <span class='ocrx_word' id='word_1_271' title='bbox 1366 2352 1436 2396; x_wconf 90' lang='lat' dir='ltr'>di-</span> 
     </span>
     <span class='ocr_line' id='line_1_32' title="bbox 49 2415 1434 2478; baseline 0.006 -19"><span class='ocrx_word' id='word_1_272' title='bbox 49 2423 219 2470; x_wconf 83' lang='lat' dir='ltr'>xerunt,</span> <span class='ocrx_word' id='word_1_273' title='bbox 246 2415 322 2459; x_wconf 90' lang='lat' dir='ltr'>ubi</span> <span class='ocrx_word' id='word_1_274' title='bbox 343 2415 423 2459; x_wconf 88' lang='lat' dir='ltr'>hac</span> <span class='ocrx_word' id='word_1_275' title='bbox 443 2416 683 2475; x_wconf 83' lang='lat' dir='ltr'>quaestione</span> <span class='ocrx_word' id='word_1_276' title='bbox 705 2416 786 2461; x_wconf 91' lang='lat' dir='ltr'>sibi</span> <span class='ocrx_word' id='word_1_277' title='bbox 807 2418 1028 2477; x_wconf 86' lang='lat' dir='ltr'>proposita</span> <span class='ocrx_word' id='word_1_278' title='bbox 1049 2453 1059 2474; x_wconf 95' lang='lat'>,</span> <span class='ocrx_word' id='word_1_279' title='bbox 1085 2419 1185 2478; x_wconf 88' lang='lat' dir='ltr'>quia</span> <span class='ocrx_word' id='word_1_280' title='bbox 1210 2421 1293 2465; x_wconf 91' lang='lat' dir='ltr'>hoc</span> <span class='ocrx_word' id='word_1_281' title='bbox 1314 2422 1359 2466; x_wconf 87' lang='lat' dir='ltr'>in</span> <span class='ocrx_word' id='word_1_282' title='bbox 1383 2439 1434 2470; x_wconf 90' lang='lat' dir='ltr'>eo</span> 
     </span>
    </p>
   </div>
   <div class='ocr_carea' id='block_1_2' title="bbox 55 2516 1433 2608">
    <p class='ocr_par' dir='ltr' id='par_1_4' title="bbox 55 2516 1433 2608">
     <span class='ocr_line' id='line_1_33' title="bbox 97 2516 1433 2562; baseline 0.006 -11"><span class='ocrx_word' id='word_1_283' title='bbox 97 2526 105 2541; x_wconf 94' lang='lat'>¹</span> <span class='ocrx_word' id='word_1_284' title='bbox 126 2521 218 2551; x_wconf 86' lang='lat' dir='ltr'>Rom.</span> <span class='ocrx_word' id='word_1_285' title='bbox 240 2516 366 2559; x_wconf 70' lang='lat' dir='ltr'>v11‚24.</span> <span class='ocrx_word' id='word_1_286' title='bbox 386 2536 427 2542; x_wconf 92' lang='lat'><strong>—</strong></span> <span class='ocrx_word' id='word_1_287' title='bbox 441 2519 554 2551; x_wconf 76' lang='lat' dir='ltr'>21bid.</span> <span class='ocrx_word' id='word_1_288' title='bbox 577 2519 629 2554; x_wconf 81' lang='lat'>25.</span> <span class='ocrx_word' id='word_1_289' title='bbox 648 2538 688 2544; x_wconf 90' lang='lat'>—</span> <span class='ocrx_word' id='word_1_290' title='bbox 705 2518 718 2544; x_wconf 86' lang='lat'>3</span> <span class='ocrx_word' id='word_1_291' title='bbox 737 2520 819 2553; x_wconf 85' lang='lat' dir='ltr'>lbid.</span> <span class='ocrx_word' id='word_1_292' title='bbox 843 2520 973 2553; x_wconf 71' lang='lat'><strong>18.—4</strong></span> <span class='ocrx_word' id='word_1_293' title='bbox 993 2521 1075 2554; x_wconf 88' lang='lat' dir='ltr'>lbid.</span> <span class='ocrx_word' id='word_1_294' title='bbox 1099 2532 1129 2562; x_wconf 90' lang='lat'>7.</span> <span class='ocrx_word' id='word_1_295' title='bbox 1146 2539 1186 2546; x_wconf 93' lang='grc'>--</span> <span class='ocrx_word' id='word_1_296' title='bbox 1203 2522 1218 2546; x_wconf 83' lang='grc'>5</span> <span class='ocrx_word' id='word_1_297' title='bbox 1237 2525 1319 2558; x_wconf 88' lang='lat' dir='ltr'>Ibid.</span> <span class='ocrx_word' id='word_1_298' title='bbox 1345 2526 1382 2558; x_wconf 81' lang='lat'>15</span> <span class='ocrx_word' id='word_1_299' title='bbox 1402 2532 1433 2558; x_wconf 84' lang='lat' dir='ltr'>et</span> 
     </span>
     <span class='ocr_line' id='line_1_34' title="bbox 55 2574 577 2608; baseline -0.002 -1"><span class='ocrx_word' id='word_1_300' title='bbox 55 2577 104 2608; x_wconf 88' lang='lat'>18.</span> <span class='ocrx_word' id='word_1_301' title='bbox 119 2592 160 2598; x_wconf 97' lang='lat'><strong>—</strong></span> <span class='ocrx_word' id='word_1_302' title='bbox 172 2574 187 2597; x_wconf 78' lang='lat'>⁰</span> <span class='ocrx_word' id='word_1_303' title='bbox 204 2575 358 2607; x_wconf 76' lang='lat' dir='ltr'>&#39;rimastus</span> <span class='ocrx_word' id='word_1_304' title='bbox 377 2579 409 2608; x_wconf 87' lang='lat' dir='ltr'>et</span> <span class='ocrx_word' id='word_1_305' title='bbox 427 2575 577 2608; x_wconf 79' lang='lat' dir='ltr'>Jacobus.</span> 
     </span>
    </p>
   </div>
   <div class='ocr_carea' id='block_1_3' title="bbox 241 2635 1250 2672">
    <p class='ocr_par' dir='ltr' id='par_1_5' title="bbox 241 2635 1250 2672">
     <span class='ocr_line' id='line_1_35' title="bbox 241 2635 1250 2672; baseline 0.004 -4"><span class='ocrx_word' id='word_1_306' title='bbox 241 2639 354 2669; x_wconf 68' lang='lat' dir='ltr'>CXLL</span> <span class='ocrx_word' id='word_1_307' title='bbox 1226 2635 1250 2672; x_wconf 78' lang='lat'>5</span> 
     </span>
    </p>
   </div>
  </div>
 </body>
</html>
