1804 3205
498 253 550 279 nn
578 253 718 279 ausvis
751 251 935 278 rameii.
1358 239 1409 275 57

27 329 199 380 accepta
224 319 515 378 responsione,
537 317 738 375 Synodus
756 316 863 360 dixit
883 335 891 360 ε
912 317 1098 374 «Neque
1120 314 1201 358 hoc
1222 314 1410 359 alienum

27 402 89 437 est
111 408 133 436 a
159 390 242 435 fide
264 391 564 435 ecclesiastica.

84 466 202 507 xlv.
239 462 566 522 Numquidnam
587 476 689 518 ergo
713 459 863 503 fratres
884 468 1076 512 nostros,
1103 467 1152 502 ut
1179 458 1309 502 etiam
1332 458 1414 502 hoc

26 537 136 579 inter
151 544 306 578 caetera
332 535 592 592 objicerent,
624 534 715 576 sinc
743 547 868 575 causa
892 531 1023 575 verba
1052 530 1128 574 ista
1154 532 1415 574 moverunt?

25 609 121 651 Non
146 606 298 664 utique
323 624 332 649 :
355 604 428 648 sed
447 604 610 647 Veteris
632 603 892 646 Testamenti
916 616 1075 646 nomen
1086 601 1225 645 modis
1240 601 1414 644 duobus

25 676 110 722 dici
132 677 256 730 solet,
289 692 378 720 uno
408 674 539 720 modo
561 674 800 719 secundum
823 673 1069 717 divinarum
1095 673 1412 731 Scripturarum

26 749 342 801 auctoritatem,
371 746 453 791 alio
472 745 712 790 secundum
727 744 937 803 loquendi
953 743 1290 802 vulgatissimam
1307 758 1415 787 con-

24 817 315 862 suetudinem.
345 817 501 861 Paulus
530 831 719 875 namque
749 815 967 873 apostolus
995 814 1102 858 dicit
1127 813 1180 857 ad
1204 814 1376 858 Galatas
1405 832 1412 856 :

29 909 48 930 «
76 890 211 933 Dicite,
233 889 365 941 mihi,
392 888 556 947 inquit,
578 888 659 930 sub
683 887 779 945 lege
803 886 996 930 volentes
1020 900 1109 928 esse
1125 919 1135 938 ‚
1162 884 1301 942 legem
1327 899 1415 928 non

28 979 48 1002 »
73 959 281 1004 audistis?
306 960 524 1018 Scriptum
549 967 612 1002 cst
633 958 766 1010 enim,
792 956 913 1016 quod
939 957 1155 1000 Abraham
1179 955 1290 998 duos
1308 953 1418 998 filios

31 1050 50 1072 >2
74 1032 243 1085 habuit,
267 1046 404 1074 unum
428 1030 483 1074 de
509 1029 681 1083 ancilia,
712 1027 897 1072 alterum
918 1027 972 1071 de
994 1027 1131 1070 libera
1161 1046 1170 1071 ι
1195 1041 1295 1086 quae
1318 1035 1419 1070 sunt

28 1121 48 1143 »
73 1103 117 1147 in
141 1102 358 1160 allegoria.
390 1104 490 1145 llaec
509 1101 622 1144 enim
642 1110 743 1143 sunt
761 1099 850 1143 duo
870 1107 1145 1152 testamenta,
1167 1113 1303 1141 unum
1320 1098 1419 1156 qui-

31 1194 47 1213 »
73 1174 173 1217 dem
192 1174 236 1216 in
259 1173 509 1217 servitutem
535 1186 760 1230 generans,
787 1169 907 1230 quod
935 1179 1000 1213 est
1024 1173 1150 1228 Agar.
1176 1170 1274 1213 Sina
1294 1183 1420 1212 mons

28 1262 47 1285 »
76 1254 139 1289 est
165 1245 211 1288 in
237 1244 407 1297 Arabia,
435 1259 532 1303 quse
554 1245 786 1303 conjuncta
811 1251 874 1285 est
894 1242 947 1295 ei,
972 1257 1071 1301 quae
1094 1255 1213 1284 nune
1231 1248 1319 1292 est,
1346 1242 1421 1282 Je-

28 1334 48 1356 »
76 1315 276 1368 rusalem,
299 1315 429 1359 servit
448 1315 563 1358 enim
587 1329 688 1358 cum
708 1312 804 1357 filiis
820 1313 906 1355 suis
935 1331 942 1355 z
968 1327 1069 1371 quae
1086 1320 1230 1354 autem
1250 1325 1418 1354 sursum

28 1404 48 1426 »
74 1395 136 1430 est
156 1385 411 1439 Jerusalem,
434 1385 569 1428 libera
593 1394 672 1438 est,
698 1399 797 1442 quae
821 1392 882 1426 est
906 1391 1042 1425 mater
1066 1391 1227 1425 nostra.
1258 1400 1276 1421 »
1308 1384 1420 1425 Cum

25 1472 129 1515 ergo
148 1459 284 1500 Vetus
304 1459 632 1499 Testamentum
653 1456 706 1498 ad
743 1455 993 1498 servitutem
1031 1452 1270 1510 pertineat,
1305 1451 1422 1494 unde

25 1529 153 1571 etiam
185 1527 349 1571 dictum
383 1536 446 1570 est
476 1546 483 1570 :
514 1546 533 1567 «
565 1527 678 1586 Ejicc
711 1524 912 1568 ancillam
946 1533 985 1566 et
1015 1523 1152 1567 filium
1188 1524 1298 1582 ejus,
1334 1537 1423 1566 non

28 1617 47 1639 »
73 1599 188 1641 enim
217 1598 354 1641 haeres
377 1598 460 1641 erit
481 1597 595 1641 silius
625 1595 791 1640 ancillae
820 1610 918 1638 cum
954 1594 1044 1638 filio
1069 1609 1165 1637 meo
1195 1595 1372 1649 Isaae13
1401 1612 1420 1634 »

25 1683 208 1727 regnum
234 1677 378 1712 autem
410 1667 622 1712 coelorum
648 1665 702 1710 ad
725 1666 970 1709 libertatem
998 1685 1006 1709 :
1037 1666 1260 1724 quomodo
1294 1664 1423 1706 etiam

26 1753 210 1797 reguum
244 1737 457 1783 coelorum
492 1737 546 1782 ad
583 1740 716 1781 Vetus
746 1737 935 1796 pertinet
964 1737 1321 1779 Testamentum?
1341 1734 1423 1779 Sed

26 1811 250 1870 quoniam,
273 1819 321 1853 ut
344 1809 448 1863 dixi,
474 1810 604 1853 etiam
628 1809 688 1852 sie
712 1807 900 1852 solemus
929 1806 1074 1866 loqui,
1106 1817 1152 1850 ut
1184 1807 1425 1864 Scripturas

27 1896 176 1926 omnes
194 1880 319 1939 Legis
337 1890 379 1924 et
393 1880 726 1939 Prophetarum,
740 1894 838 1937 quae
857 1887 956 1921 ante
974 1878 1321 1920 incarnationem
1341 1879 1425 1919 Do-

26 1951 134 1995 mini
149 1951 419 2004 ministratae,
438 1950 695 1994 auctoritate
711 1948 917 1992 canonica
935 1947 1233 1999 continentur,
1249 1946 1425 1989 nomine

30 2022 292 2066 Testamenti
306 2022 472 2065 Veteris
495 2035 822 2078 nuneupemus3
849 2018 945 2078 quis
964 2016 1425 2062 ecelesiasticislitteris

28 2105 100 2136 vet
125 2090 400 2135 mediocriter
431 2090 628 2134 eruditus
660 2091 847 2147 ignorat,
876 2089 933 2131 ita
962 2088 1194 2145 Scripturis
1217 2086 1298 2131 illis
1321 2102 1425 2146 pro-

28 2163 142 2207 mitti
159 2162 348 2221 potuisse
373 2175 557 2219 regnum
584 2160 820 2212 coelorum,
857 2159 967 2202 sicut
992 2157 1123 2201 etiam
1149 2156 1260 2200 illud
1280 2160 1427 2201 Testa-

29 2242 228 2277 mentum
241 2235 411 2276 Novum
421 2267 431 2286 ,
444 2232 498 2275 ad
512 2231 630 2291 quod
645 2231 834 2289 pertinet
849 2243 1032 2286 regnum
1046 2227 1256 2273 coelorum
1269 2231 1285 2272 P
1299 2230 1428 2273 Certe

32 2305 145 2347 enim
167 2302 312 2346 inillis
332 2303 504 2346 Litteris
526 2301 791 2361 apertissime
809 2301 1019 2359 scriptum
1044 2309 1128 2344 est:
1157 2319 1177 2341 «
1203 2302 1315 2344 Ecce
1337 2299 1427 2343 dies

36 2392 55 2414 η
81 2374 286 2425 veniunt,
321 2372 427 2416 dicit
456 2372 691 2422 Dominus,
722 2381 765 2415 et
784 2370 1100 2414 consummabo
1124 2369 1276 2413 domui
1301 2369 1430 2413 lsrael

36 2452 124 2486 »et
152 2442 304 2486 domui
327 2442 464 2487 Jacob
498 2451 807 2487 testamentum
841 2455 1029 2495 novum,
1064 2456 1154 2485 non
1187 2439 1427 2484 secundum

38 2533 56 2556 »
84 2523 389 2558 testamentum
410 2513 530 2573 quod
553 2513 745 2572 disposui
765 2513 959 2572 patribus
982 2527 1132 2557 eorum
1151 2547 1161 2566 ,
1186 2513 1230 2555 in
1251 2511 1320 2555 die
1343 2526 1429 2569 qua

86 2606 93 2620 ¹
119 2598 190 2631 Gal.
212 2599 398 2639 v1,21-32.
