1804 3205
311 215 473 245 comm
506 217 614 246 nun
645 219 776 248 nris-r.
813 219 1040 250 unnim.
1078 225 1157 254 Lrn.
1196 229 1242 254 11.
1384 211 1468 251 443

86 280 266 325 omnino
287 282 552 341 conscripsit.
582 283 662 328 Sed
684 300 783 329 cum
809 287 890 331 boc
911 287 1137 333 Coelestius
1159 291 1203 334 in
1225 305 1304 334 suo
1321 288 1471 333 libello

83 351 318 411 posuisset,
338 352 451 397 inter
470 353 541 399 illa
558 355 769 401 duntaxat
789 358 844 403 de
865 359 1026 419 quibus
1047 376 1091 404 se
1112 362 1255 405 adhuc
1270 360 1470 405 dubitare

83 430 127 466 et
147 423 303 468 instrui
327 424 438 469 velle
457 426 678 471 confessus
699 438 785 483 est,
811 429 856 473 in
874 430 1050 475 homine
1071 432 1265 476 acerrimi
1289 431 1466 489 ingenii,

83 492 159 553 qui
184 492 382 552 profecto
404 496 436 540 si
466 498 753 557 corrigeretur
782 499 977 559 plurimis
999 500 1247 560 profuisset,
1269 501 1470 546 voluntas

83 562 398 610 emendationis
422 600 433 621 ‚
465 582 553 612 non
583 568 743 614 falsitas
779 571 996 629 dogmatis
1028 572 1267 632 approbata
1297 581 1375 616 est.
1415 574 1470 615 Et

82 644 313 695 propterea
342 635 517 683 libellus
542 641 633 699 ejus
659 641 898 687 catholicus
920 643 1062 688 dictus
1080 652 1143 687 est
1161 678 1171 698 ,
1194 644 1296 703 quia
1321 652 1364 687 et
1386 643 1469 687 hoc

81 706 307 751 catholicae
322 709 478 753 mentis
495 719 572 765 est,
588 712 619 755 si
639 728 724 771 qua
745 711 855 758 forte
877 714 1001 758 aliter
1021 715 1147 774 sapit,
1166 730 1297 774 quam
1313 714 1469 758 veritas

81 777 236 836 exigit,
252 794 340 823 non
360 795 407 824 ea
429 782 660 826 certissime
677 782 858 828 desinire
878 819 889 839 ,
914 785 989 829 sed
1011 785 1178 830 detecta
1196 801 1244 829 ac
1262 785 1468 829 demons-

83 856 191 893 trata
216 865 431 908 respuere.
470 854 565 896 Non
585 854 700 897 enim
724 855 958 908 hcm-eucis,
984 855 1059 900 sed
1078 855 1300 900 catholicis
1328 859 1468 913 Apos-

81 919 195 964 tolus
226 920 514 980 loquebatur,
546 925 621 967 ubi
649 926 708 969 ait
745 945 753 970 :
794 930 1020 987 Quotquot
1046 942 1147 984 ergo
1182 927 1360 986 perfecti
1387 927 1469 970 hoc

78 992 295 1051 sapiamus
316 1028 326 1047 ,
351 1003 394 1038 et
414 995 449 1038 si
471 995 580 1054 quid
603 995 726 1040 aliter
745 998 890 1056 sapitis
908 1033 917 1048 ,
943 999 988 1042 id
1010 1014 1188 1058 quoque
1213 1002 1324 1041 Deus
1347 997 1469 1040 vobis

79 1062 302 1108 revelabit.
331 1067 422 1109 Hoc
452 1066 495 1108 in
521 1066 595 1110 illo
626 1067 791 1111 lactum
814 1083 904 1111 esse
933 1070 1170 1126 putabatur
1187 1102 1197 1122 ‚
1224 1067 1403 1126 quando
1425 1082 1469 1110 se

78 1132 230 1177 litteris
253 1134 390 1178 beatae
421 1136 640 1179 memoriae
667 1152 790 1195 papae
821 1139 1065 1182 Innocentii
1087 1173 1097 1191 ,
1128 1138 1288 1198 quibus
1309 1137 1364 1180 de
1388 1138 1468 1181 hac

79 1218 125 1247 re
160 1202 378 1249 dubitatio
409 1215 495 1250 tota
526 1205 695 1250 sublata
730 1216 794 1251 est
814 1242 824 1261 ,
859 1209 1103 1252 consentire
1138 1207 1374 1267 respondit.
1414 1210 1468 1252 Et

79 1273 162 1317 hoc
186 1283 234 1318 ut
259 1274 429 1334 plenius
453 1285 495 1319 et
518 1276 787 1321 manifestius
809 1278 852 1321 in
876 1278 949 1322 illo
968 1278 1111 1333 fleret,
1137 1279 1464 1337 expectabatur,

80 1345 276 1388 venturis
299 1361 348 1389 ex
368 1346 516 1390 Africa
532 1346 701 1402 litteris,
717 1348 761 1391 in
783 1364 868 1408 qua
891 1350 1109 1408 provincia
1132 1350 1222 1407 ejus
1245 1349 1468 1408 aliquanto

79 1413 291 1460 calliditas
339 1416 580 1462 evidentius
624 1419 888 1464 innotuerat.
925 1423 1033 1473 Quae
1082 1424 1262 1464 Romam
1313 1420 1468 1463 litterae

79 1496 361 1547 posteaquam
381 1498 611 1544 venerunt,
629 1490 674 1533 id
693 1491 983 1546 continentes,
1007 1507 1093 1535 non
1112 1492 1310 1535 sullicere
1328 1491 1468 1534 homi-

79 1557 211 1602 nibus
242 1559 505 1603 tardioribus
531 1569 573 1604 et
601 1560 922 1605 sollicitioribus
946 1597 956 1615 ,
988 1562 1108 1620 quod
1135 1577 1179 1605 se
1212 1560 1469 1619 generaliter

80 1629 326 1672 Innocentii
370 1630 559 1688 episcopi
599 1630 752 1674 litteris
790 1632 1033 1675 consentire
1076 1632 1294 1675 fatebatur
1337 1651 1347 1685 3
1393 1630 1468 1674 sed

80 1708 228 1758 aperte
259 1714 359 1743 eum
383 1699 542 1744 debere
574 1702 939 1746 anathematizare
965 1723 975 1759 3
1007 1718 1105 1761 quae
1138 1703 1182 1745 in
1212 1717 1290 1745 suo
1319 1700 1469 1745 libello

80 1785 213 1830 prava
234 1780 437 1829 posuerat
463 1792 474 1828 3
499 1786 554 1814 ne
570 1771 605 1814 si
629 1771 671 1815 id
695 1787 783 1816 non
809 1771 997 1826 fecisset,
1022 1771 1150 1816 multi
1169 1786 1319 1831 parum
1336 1771 1469 1815 intel-

79 1840 262 1900 ligentes
284 1843 417 1899 magis
439 1842 483 1885 in
501 1841 652 1886 libello
669 1843 760 1901 ejus
780 1842 852 1886 illa
874 1843 974 1886 fidei
989 1859 1154 1887 venena
1173 1859 1196 1887 a
1217 1843 1318 1886 sede
1331 1846 1469 1901 Apos-

81 1910 209 1956 tolica
227 1910 455 1956 crederent
472 1912 726 1971 approbata,
750 1922 977 1972 propterea
995 1914 1115 1973 quod
1138 1914 1193 1957 ab
1211 1911 1283 1956 illa
1301 1912 1467 1956 dictum

79 1990 187 2037 erat,
199 1997 299 2026 eum
316 1981 513 2027 libellum
527 1998 616 2027 esse
634 1984 916 2039 catholicum,
931 2001 1062 2044 quam
1078 1984 1324 2038 emendata,
1340 1999 1468 2042 prop-

80 2061 146 2097 ter
174 2051 286 2096 illud
306 2052 426 2113 quod
448 2068 493 2097 se
516 2069 640 2113 papae
664 2055 908 2099 Innocentii
929 2055 1083 2099 litteris
1106 2053 1350 2099 consentire
1379 2055 1468 2112 ipse

80 2122 394 2184 responderat:
420 2133 526 2170 tunc
556 2139 658 2183 ergo
690 2141 792 2170 cum
824 2128 915 2186 ejus
943 2127 1171 2185 praesentia
1193 2134 1465 2185 posceretur,

81 2203 132 2239 ut
152 2195 279 2240 certis
301 2211 350 2240 ac
372 2195 572 2241 dilucidis
600 2197 952 2256 responsionibus
972 2232 982 2248 ‚
1007 2197 1077 2242 vel
1099 2198 1255 2242 astutia
1282 2196 1468 2240 hominis

80 2264 151 2310 vel
164 2267 375 2311 correctio
394 2266 693 2321 dilucesceret,
719 2276 762 2311 et
778 2266 887 2311 nulli
910 2267 1113 2325 ambigua
1143 2275 1400 2320 remaneret,
1424 2281 1469 2310 se

82 2337 295 2382 subtraxit
307 2346 351 2382 et
368 2339 541 2397 negavit
558 2338 761 2382 examini.
779 2340 865 2382 Nec
887 2337 1180 2382 differendum
1197 2339 1287 2397 jam
1305 2336 1463 2392 fuerat,

82 2408 194 2452 sicut
215 2407 381 2453 factum
406 2418 485 2464 est,
511 2408 630 2469 quod
649 2408 740 2452 aliis
763 2409 998 2468 prodesset,
1024 2410 1058 2454 si
1081 2409 1261 2453 nimium
1290 2423 1467 2468 perver-

82 2493 229 2522 sorum
253 2479 500 2538 pertinaciae
522 2479 843 2539 dementiaeque
867 2495 955 2524 non
984 2489 1139 2538 posset.
1169 2478 1253 2524 Sed
1270 2479 1320 2533 si,
1346 2479 1467 2537 quod

84 2548 210 2603 absit,
230 2548 288 2594 ita
311 2558 416 2595 tunc
439 2549 588 2594 fuisset
610 2549 665 2595 de
687 2549 893 2595 Coelestio
915 2549 985 2595 vel
1004 2549 1176 2608 Pelagio
1197 2550 1241 2594 in
1268 2552 1463 2594 Romana
