1804 3205
323 217 373 243 οε
404 214 691 242 vznrzcnoue
723 211 920 239 Jt‘srirm
954 209 1147 236 nonusis.
1375 196 1426 233 27

48 285 146 328 bere
180 289 434 341 peccatum3
467 276 587 337 quod
616 277 649 320 si
676 275 885 327 dicerent,
922 289 966 318 se
999 273 1111 331 ipsos
1149 269 1428 328 deciperent,

45 364 89 398 et
105 354 258 398 veritas
291 352 333 395 in
369 350 427 393 eis
456 364 544 393 nou
575 356 683 391 esset
709 349 718 372 ¹
749 365 757 391 ε
784 360 912 405 porro
945 345 977 387 si
1001 343 1156 388 veritas
1191 343 1234 384 in
1257 342 1316 384 eis
1346 357 1433 385 non

47 434 155 470 esset
177 459 188 479 ,
221 423 487 467 inveniretur
525 421 567 463 in
612 434 686 463 ore
718 432 869 462 eorum
907 415 1198 460 mendacium.
1233 413 1363 465 Quod
1402 413 1434 456 si

50 505 226 556 propter
259 492 488 544 iuvidiam,
521 506 619 534 cum
651 498 792 534 essent
822 488 913 532 sine
950 494 1150 546 peccato,
1181 483 1435 527 dicerentse

48 582 136 612 non
165 581 254 609 csse
280 565 371 608 siue
400 572 595 622 peceat03
630 562 712 605 hoc
739 561 881 619 ipsum
911 567 1020 602 esset
1043 554 1343 608 mendacium,
1362 553 1436 597 sal-

47 652 231 696 sumque
269 644 378 679 esset
407 632 528 692 quod
558 632 723 676 dictum
755 640 818 675 ost
843 650 850 674 z
882 649 901 671 ιι
927 631 1022 673 Non
1049 636 1113 670 est
1139 627 1367 670 inventum
1394 625 1435 667 iu

57 730 70 749 »
114 724 188 754 ore
235 707 427 767 ipsorum
474 704 766 747 mendacium.
805 719 825 742 >›
866 700 969 745 Ideo
1004 714 1106 755 ergo
1147 698 1233 740 sine
1270 694 1437 739 macula

52 798 72 821 »
113 788 230 833 sunt,
266 796 285 818 »
323 777 424 835 quia
454 776 565 820 sicut
602 774 681 833 ipsi
717 772 975 816 dimiserunt
1015 767 1287 812 debitoribus
1324 766 1436 819 suis,

49 852 107 895 sic
142 848 223 894 illis
257 852 344 892 Deo
378 847 626 890 dimittente
654 843 853 888 mundati
877 850 992 885 sunt.
1028 842 1141 883 Ecce
1164 852 1257 891 nos,
1283 845 1331 880 ut
1363 851 1436 879 va-

50 921 210 966 luimus
233 954 244 975 ,
280 918 556 978 exposuimus
592 915 814 975 quomodo
856 910 1105 970 accipienda
1143 916 1283 952 essent
1320 906 1440 949 testi-

50 993 219 1046 monia,
252 1005 352 1049 quae
385 1003 463 1048 pro
493 1002 568 1031 sua
595 1000 723 1030 causa
755 981 1127 1029 commemoravit.
1167 982 1263 1038 Ipso
1298 986 1441 1022 autem

51 1060 273 1124 quomodo
312 1062 366 1105 sit
405 1057 708 1118 accipiendum
742 1055 863 1115 quod
890 1053 1098 1112 scriptum
1123 1059 1211 1103 est,
1248 1049 1444 1093 «Omnis

56 1152 76 1176 »
104 1136 235 1179 homo
266 1130 452 1177 mendax
467 1134 501 1185 ¹2,
535 1148 555 1170 »
586 1129 765 1173 omnino
787 1142 875 1171 non
893 1124 1050 1181 solvit3
1075 1138 1155 1166 nec
1177 1120 1342 1166 solvere
1372 1134 1444 1178 po-

55 1206 176 1259 terit,
202 1204 282 1248 nisi
306 1210 501 1247 correcto
531 1214 698 1254 errore,
732 1213 821 1259 quo
843 1196 981 1242 credit
1005 1193 1226 1239 hominem
1247 1192 1337 1235 sine
1366 1189 1445 1234 ad-

50 1276 212 1337 jutorio
235 1275 384 1334 gratiae
403 1273 501 1327 Dei,
528 1287 602 1331 per
623 1268 759 1316 solam
784 1268 1003 1328 propriam
1026 1264 1298 1309 voluntatem
1322 1275 1446 1321 posse

55 1362 145 1392 esse
168 1359 379 1390 veracem.

115 1418 280 1461 XXXI.
306 1415 374 1460 Sic
389 1413 515 1458 aliam
537 1427 635 1471 quae
658 1410 856 1470 sequitur
878 1406 1163 1467 quaestionem
1186 1401 1413 1461 proposuit
1433 1435 1443 1456 ‚

57 1505 138 1534 nec
171 1487 298 1533 solvit
329 1506 338 1532 2
380 1487 468 1530 imo
501 1498 602 1527 vero
644 1481 786 1535 auxit,
831 1489 875 1524 et
917 1476 1204 1521 difficiliorem
1239 1471 1447 1526 reddidit,

59 1558 345 1621 proponendo
368 1556 596 1601 adversum
620 1569 664 1598 se
687 1551 906 1613 prolatum
936 1546 1232 1593 testimonium
1259 1563 1267 1588 ε
1303 1562 1323 1586 «
1355 1546 1452 1589 Non

62 1650 84 1675 n
110 1641 174 1676 est
201 1630 277 1690 qui
298 1628 428 1673 faciat
455 1627 621 1672 bonum
639 1660 650 1679 ‚
677 1639 768 1668 non
798 1631 862 1666 est
889 1635 1028 1680 usque
1054 1618 1109 1662 ad
1132 1631 1268 1661 unum
1292 1615 1306 1641 3
1329 1634 1337 1659 2
1363 1632 1384 1655 »
1411 1623 1453 1658 et

62 1703 186 1763 quasi
214 1699 429 1746 contraria
461 1696 706 1742 testimonia
739 1691 993 1745 referendo,
1023 1689 1185 1750 quibus
1208 1684 1454 1730 ostenderet

64 1788 152 1818 esse
168 1771 366 1816 homines
383 1769 460 1828 qui
475 1766 642 1812 faciunt
663 1765 845 1809 bonum.
873 1761 1001 1816 Quod
1024 1759 1202 1820 quidem
1226 1754 1416 1801 ostendit
1443 1773 1451 1797 ;

63 1841 139 1888 sed
160 1841 280 1887 aliud
298 1849 378 1894 est,
396 1854 486 1884 non
508 1838 650 1882 facere
667 1836 859 1889 honum3
879 1831 1014 1886 aliud,
1032 1845 1121 1874 non
1143 1843 1232 1872 esse
1250 1827 1341 1871 sine
1356 1839 1457 1883 pec·

64 1923 161 1960 cato
181 1914 311 1958 etiam
330 1912 365 1956 si
379 1912 512 1955 homo
535 1908 667 1953 faciat
688 1905 826 1950 multa
840 1905 969 1948 bona.
996 1904 1270 1959 Quapropter
1292 1912 1341 1940 ea
1368 1905 1456 1939 tes-

64 1986 244 2032 timonia
265 1999 363 2044 quae
385 1982 549 2042 posuit,
572 1995 662 2024 non
689 1986 791 2023 sunt
815 1984 968 2020 contra
993 1972 1105 2016 illud
1133 1968 1254 2030 quod
1277 1968 1452 2021 dieitur,

65 2074 156 2103 non
182 2071 272 2101 esse
296 2056 342 2100 in
362 2055 442 2098 hac
463 2053 551 2097 vita
583 2051 808 2095 hominem
835 2047 926 2091 sine
957 2052 1152 2104 peccato.
1181 2045 1277 2101 Ipse
1312 2048 1456 2083 autem

67 2145 157 2175 non
184 2125 374 2173 ostendit
402 2121 778 2185 quemadmodum
815 2120 981 2163 dictum
1015 2116 1068 2159 sit
1094 2134 1102 2159 ;
1133 2133 1151 2155 «
1177 2115 1274 2158 Non
1297 2119 1360 2155 est
1382 2110 1458 2170 qui

70 2219 91 2242 »
116 2199 247 2244 faciat
267 2198 452 2250 bonum,
488 2209 578 2238 non
604 2202 668 2237 est
690 2205 827 2250 usque
856 2189 911 2233 ad
933 2201 1087 2231 unum.
1111 2185 1183 2228 Ait
1213 2183 1351 2235 enim,
1389 2181 1457 2223 in-

72 2289 93 2312 »
118 2270 242 2330 quit,
270 2275 444 2312 sanctus
474 2263 635 2318 David,
664 2265 795 2322 Spera
819 2261 863 2304 in
883 2257 1091 2309 Domin0‚
1125 2263 1169 2298 et
1197 2252 1264 2297 sac
1288 2250 1459 2296 honita-

74 2359 95 2383 »
123 2350 210 2385 tem
229 2340 261 2383 ⁴.
286 2356 306 2379 n
336 2339 428 2381 Hoc
453 2343 721 2395 praeceptum
743 2340 828 2385 est,
856 2345 944 2374 non
967 2328 1132 2372 factum
1153 2344 1161 2369 :
1198 2322 1319 2384 quod
1347 2336 1461 2381 prae-

74 2419 250 2471 ceptum
263 2423 352 2453 non
367 2407 519 2466 utique
537 2404 755 2450 faciebant
776 2401 830 2446 de
848 2399 1008 2461 quibus
1026 2397 1195 2442 dictum
1213 2403 1291 2450 est,
1319 2412 1339 2435 «
1367 2394 1460 2438 Non

125 2521 134 2535 ¹
159 2524 172 2545 1
195 2514 334 2552 Joan.1‚
355 2510 386 2543 8.
408 2527 449 2533 —-
466 2516 479 2532 ²
499 2507 580 2541 Psal.
600 2518 672 2548 cxv,
692 2515 723 2539 2.
744 2522 785 2528 —
802 2502 815 2527 3
837 2503 884 2536 Id.
904 2513 973 2541 xm,
996 2501 1024 2534 3.
1045 2518 1086 2523 —
1104 2499 1119 2529 4
1140 2499 1186 2531 Id.
1207 2508 1316 2535 xxxvu,
1342 2496 1371 2528 3.
