1804 3205
279 219 333 245 DE
367 214 506 246 AMMA
535 217 586 245 ET
620 217 717 246 EJLS
751 215 948 257 omerus,
986 218 1067 245 Lm.
1106 218 1164 245 iv.
1340 205 1418 245 381

25 286 213 340 Christo,
234 286 361 330 sicuti
390 286 578 330 instituit
597 295 646 330 ut
665 294 962 341 renascantur,
987 293 1222 344 antequam
1244 298 1426 343 corpore

26 358 293 413 moriantur,
320 373 429 418 quos
455 356 782 417 praedestinavit
804 356 858 401 ad
877 365 1083 401 aeternam
1107 356 1239 400 vitam
1260 355 1427 399 miseri-

26 428 304 475 cordissimus
322 430 457 489 gratia
476 429 656 488 largitor
683 448 691 473 2
718 428 791 488 qui
811 437 874 473 est
897 437 940 473 et
963 427 1046 473 illis
1065 442 1174 488 quos
1200 425 1429 486 praedesti-

30 501 148 545 navit
162 500 217 544 ad
232 509 439 545 [eternam
455 509 656 555 mortem,
670 500 934 559 justissimus
952 498 1154 559 supplicii
1172 497 1428 557 retributor,

29 586 118 617 non
147 571 286 621 solum
314 581 492 632 propter
520 571 616 626 illa,
649 586 748 632 quae
782 569 977 616 volentes
1007 570 1244 631 adjiciunt,
1276 584 1430 615 verum

29 644 157 688 etiam
183 644 216 687 si
240 642 429 688 infantes
458 643 567 687 nihil
590 643 813 702 adjiciant,
837 653 1016 703 propter
1042 641 1251 702 originale
1274 657 1430 702 pecca-

25 724 136 760 tum.
166 717 270 759 Haec
294 724 358 758 est
382 714 427 758 in
455 713 528 759 illa
551 714 793 774 quaestione
815 713 1012 759 definitio
1035 729 1130 758 mea
1148 749 1159 770 ,
1185 722 1235 758 ut
1258 713 1431 759 occulta

29 801 160 846 opera
184 787 263 831 Dei
284 787 476 831 habeant
495 801 622 831 suum
645 794 882 841 secretum,
904 786 1019 831 salva
1043 784 1129 831 fide
1146 800 1257 831 mea.

81 860 227 902 XVII.
255 860 382 903 Nunc
400 859 515 918 jam,
542 867 758 918 quantum
782 857 994 902 Dominus
1015 856 1181 902 donare
1205 856 1428 917 dignatur,

26 928 156 974 etiam
180 928 235 973 ad
253 928 379 973 illiud
402 929 544 974 debeo
569 928 854 988 respondere,
877 928 953 972 ubi
976 927 1031 972 de
1054 928 1196 973 anima
1220 927 1427 988 loquens,

26 1016 175 1046 meum
198 1016 360 1046 nomen
374 1001 537 1045 iterasti
552 1035 562 1055 ,
590 1010 723 1060 atque
740 999 880 1044 dixisti
911 1019 920 1044 ;
940 1002 1039 1045 Non
1054 1000 1187 1054 enim,
1207 999 1319 1044 sicut
1336 1001 1431 1043 Au-

26 1074 224 1132 gustinus
246 1073 531 1133 peritissimus
548 1073 778 1132 episeopus
797 1072 1045 1131 profitetur,
1066 1073 1368 1131 incorpoream
1387 1079 1431 1114 et

26 1144 224 1190 eamdem
243 1145 444 1205 spiritum
467 1159 558 1189 esse
577 1143 884 1204 permittimus.
915 1161 935 1185 »
964 1142 1089 1187 Prius
1110 1143 1259 1202 itaque
1280 1151 1430 1186 utrum

27 1216 172 1261 anima
201 1216 482 1275 incorporea,
506 1215 619 1259 sicut
649 1230 731 1274 ego
753 1213 866 1269 dixi,
898 1230 953 1258 an
979 1229 1209 1273 corporea,
1241 1214 1354 1258 sicut
1381 1222 1432 1257 tu

27 1288 312 1333 existimanda
336 1288 406 1342 sit,
428 1287 717 1347 disputemus.
745 1286 910 1330 Deinde
933 1295 1083 1331 utrum
1099 1286 1228 1330 etiam
1251 1286 1343 1346 ipsa
1361 1299 1430 1330 se-

27 1359 226 1406 cundum
266 1360 509 1419 Scripturas
554 1368 721 1403 nostras
770 1358 941 1403 dicatur
982 1358 1189 1418 spiritus,
1232 1356 1431 1417 quamvis

29 1433 160 1477 ctiam
184 1431 357 1492 proprie
380 1431 555 1490 spiritus
580 1439 885 1489 nuncupetur,
906 1445 995 1475 non
1014 1430 1235 1484 universa,
1261 1428 1337 1473 sed
1359 1427 1433 1472 ali·

29 1503 136 1565 quid
165 1505 273 1564 ejus.
302 1506 364 1547 Ae
396 1502 589 1562 primum
623 1502 732 1547 scire
760 1501 944 1556 vellem,
981 1517 1139 1561 corpus
1169 1501 1278 1561 quid
1316 1514 1430 1553 esse,

29 1575 225 1620 definias,
256 1574 298 1619 Si
320 1574 436 1618 enim
460 1590 549 1619 non
572 1583 635 1618 est
656 1588 838 1632 eorpus,
859 1573 941 1617 uisi
964 1573 1084 1633 quod
1104 1571 1312 1616 membris
1334 1585 1433 1615 car-

30 1645 203 1691 nalibus
229 1654 422 1703 constat3
451 1661 530 1690 nee
561 1654 674 1689 terra
698 1644 781 1688 erit
812 1659 987 1703 corpus,
1025 1658 1106 1687 nee
1133 1641 1289 1687 eaelum
1308 1676 1318 1696 ,
1353 1655 1435 1684 nec

30 1717 161 1778 lapis,
182 1732 262 1762 nec
288 1733 425 1778 aqua,
450 1732 530 1761 nee
560 1715 716 1770 sidera,
755 1730 836 1759 nec
868 1714 903 1758 si
930 1713 1038 1773 quid
1068 1711 1320 1772 hujusmodi
1351 1719 1430 1755 est.

34 1789 77 1835 Si
106 1798 253 1833 autem
288 1803 447 1848 corpus
485 1796 550 1831 est
587 1785 807 1846 quidquid
840 1784 1079 1843 majoribus
1110 1792 1153 1827 et
1187 1782 1436 1827 minoribus

33 1861 119 1906 suis
148 1860 344 1920 partibus
374 1860 537 1919 majora
566 1866 609 1902 et
642 1857 812 1901 minora
830 1857 966 1915 spatia
997 1855 1197 1900 locorum
1223 1853 1433 1900 obtinen-

33 1932 152 1978 tibus
183 1939 376 1989 constat,
403 1945 585 1990 corpora
616 1938 718 1974 sunt
755 1929 883 1973 etiam
916 1928 995 1972 ista
1024 1943 1124 1987 quae
1162 1940 1433 1972 commemo-

35 2005 126 2050 ravi
147 2024 155 2049 ε
182 2018 340 2063 eorpus
363 2012 427 2047 est
457 2005 553 2057 aer,
586 2015 744 2058 eorpus
765 2009 828 2044 est
848 1999 923 2043 lux
942 1999 1020 2043 ista
1041 1998 1243 2053 visibilis,
1270 2006 1314 2042 et
1335 2012 1434 2042 om-

35 2075 124 2131 nia,
160 2076 271 2120 sieut
299 2074 405 2119 dicit
433 2072 692 2133 Apostolus,
716 2086 899 2131 corpora
937 2069 1129 2115 coelestia
1148 2105 1158 2125 ,
1185 2078 1229 2114 et
1253 2083 1437 2129 corpora

37 2147 257 2193 terrestria
274 2149 302 2190 ¹.

94 2219 259 2262 XVIII.
289 2216 374 2262 Sed
399 2225 549 2260 utrum
578 2214 747 2275 aliquid
769 2213 856 2258 tale
878 2213 931 2257 sit
953 2213 1097 2257 anima
1116 2248 1126 2268 ,
1152 2208 1439 2271 scrupulosis·-

39 2290 144 2335 sime
167 2304 216 2333 ac
233 2288 512 2332 subtilissime
539 2286 764 2346 quaeritur.
791 2286 1105 2328 Verumtamen
1124 2292 1195 2337 tu,
1222 2282 1342 2327 unde
1359 2281 1440 2327 tibi

38 2361 225 2407 maxime
255 2358 471 2420 gratulor,
499 2362 639 2403 Deum
660 2371 816 2416 corpus
842 2371 931 2400 non
959 2370 1049 2399 esse
1076 2355 1322 2400 confirmas.
1352 2354 1438 2400 Sed

40 2449 109 2478 me
138 2447 284 2477 rursus
307 2431 541 2476 sollicitum
569 2429 698 2482 facis,
737 2427 815 2471 ubi
852 2426 958 2471 dicis
988 2445 995 2471 :
1026 2444 1045 2468 «
1073 2427 1117 2471 Si
1149 2427 1293 2470 anima
1322 2434 1441 2470 earet

42 2519 223 2565 corpore
241 2538 251 2559 ,
276 2511 327 2547 ut
344 2503 412 2558 sit,
434 2502 545 2547 sicut
564 2499 832 2561 quibusdam
854 2497 1018 2557 placet,
1039 2512 1168 2542 cassae
1186 2496 1411 2542 inanitatis
1426 2529 1437 2551 ‚

93 2598 99 2614 ¹
126 2602 138 2623 1
159 2593 231 2625 Cor.
253 2600 308 2631 xv,
327 2588 381 2631 40.
