1784 3205
329 218 413 256 310
764 228 798 254 s.
832 222 1064 254 Auensnm
1095 225 1277 255 Emscom

326 295 391 339 vir
425 307 502 352 per
538 291 784 346 mulierem,
821 291 907 336 sive
943 305 995 334 ex
1039 300 1161 350 patre
1207 299 1299 336 tota
1335 291 1521 336 hominis
1553 300 1708 336 natura

326 365 514 410 ducatur
535 379 634 423 quae
655 377 731 424 per
747 362 972 406 mulierem
995 363 1205 419 nascitur,
1225 363 1314 408 sive
1331 363 1420 408 sola
1441 379 1541 408 caro
1554 398 1566 419 ,
1590 361 1708 407 unde

330 435 472 481 adhuc
502 435 683 495 quaestio
713 440 775 478 e'st
802 452 812 478 ε
842 433 988 478 omnia
1021 441 1167 477 tamen
1200 448 1251 477 ex
1282 436 1395 489 Deo,
1433 433 1551 477 unde
1587 431 1710 477 nulla

329 507 514 567 quaestio
540 515 630 561 est,
670 505 716 549 id
738 513 826 559 est,
864 512 908 548 et
930 518 1085 563 corpus
1117 512 1159 548 et
1194 505 1337 548 anima
1367 512 1410 547 et
1441 504 1612 563 spiritus
1632 538 1643 558 ,
1669 512 1712 548 et

329 579 411 622 viri
444 586 488 621 et
509 576 714 620 mulieris.
740 578 796 619 Et
828 576 862 619 si
886 575 1001 619 enim
1035 590 1124 620 non
1153 589 1204 618 ex
1236 577 1327 618 Deo
1352 583 1453 618 nata
1477 574 1547 619 vel
1578 582 1713 619 tracta

331 657 433 693 sunt
453 682 465 702 ,
491 647 559 691 vel
593 655 826 691 manarunt
843 680 854 701 ,
880 646 939 690 ita
961 655 1011 690 ut
1040 647 1132 705 ejus
1153 654 1321 689 naturae
1344 645 1428 689 sint
1453 665 1465 703 3
1489 654 1635 690 tamen
1663 660 1714 689 ex

329 722 421 763 Deo
442 726 558 761 sunt,
579 721 617 762 A
639 733 727 778 quo
744 718 859 762 enim
876 725 1042 772 creata,
1067 716 1240 761 condita
1258 751 1268 772 ‚
1289 715 1403 761 facta
1421 724 1549 772 sunt,
1570 714 1714 760 abillo

330 789 494 833 habent
515 797 566 832 ut
588 789 688 832 sint.

390 860 601 902 XXVIII.
641 857 774 903 «Sed
807 857 1019 912 dicendo,
1054 857 1225 916 inquit,
1262 855 1517 915 Apostolus,
1552 864 1595 900 et
1628 855 1718 914 ipse

330 927 405 972 det
426 928 628 972 omnibus
648 928 783 972 vitam
804 936 847 971 et
870 928 1069 986 spiritum
1089 947 1100 985 3
1122 925 1281 971 deinde
1304 925 1507 970 addendo
1523 927 1536 951 ¹
1555 959 1566 981 ,
1590 924 1716 969 fecit-

333 1013 419 1058 que
456 1014 506 1042 ex
538 1014 628 1043 uno
664 998 874 1057 sanguine
907 1013 1037 1043 omne
1065 1013 1201 1057 genus
1233 998 1461 1042 hominum
1489 1016 1498 1042 :
1531 997 1719 1041 animam

333 1077 377 1112 et
409 1069 607 1126 spiritum
645 1068 911 1126 originaliter
943 1069 1094 1112 retulit
1118 1068 1172 1112 ad
1205 1078 1448 1123 auctorem,
1479 1082 1636 1127 corpus
1666 1066 1721 1111 ad

336 1138 573 1182 traducem.
604 1158 624 1180 n
660 1143 755 1184 Imo
793 1155 895 1184 vero
933 1139 1009 1198 qui
1043 1154 1133 1184 non
1170 1138 1266 1184 vult
1293 1148 1454 1183 temere
1480 1139 1720 1183 animarum

334 1225 493 1267 negare
521 1210 825 1268 propaginem,
869 1218 1103 1268 antequam
1138 1209 1304 1269 liquido
1344 1209 1533 1264 clareat,
1574 1218 1721 1253 utrum

334 1280 420 1333 ita,
460 1289 502 1324 et
534 1296 623 1324 non
660 1281 717 1324 ita
757 1281 839 1334 sit,
869 1279 1001 1323 habet
1036 1280 1156 1339 quod
1199 1280 1245 1322 in
1275 1280 1363 1324 istis
1398 1279 1540 1324 verbis
1579 1282 1720 1337 Apos-

334 1350 411 1394 toli
451 1350 687 1408 intelligat‚
727 1369 746 1392 «
779 1366 829 1394 ex
870 1365 960 1394 uno
1002 1365 1100 1393 eum
1141 1351 1354 1407 sanguine
1387 1367 1408 1390 »
1453 1349 1628 1404 dixisse,
1670 1364 1720 1393 ex

333 1436 423 1465 uno
440 1421 616 1465 homine
632 1456 644 1475 ,
671 1437 694 1464 a
715 1429 836 1479 parte
858 1429 1000 1465 totum
1022 1420 1293 1478 significante
1317 1419 1547 1464 locutionis
1568 1418 1716 1464 modo.

338 1493 383 1537 Si
405 1493 521 1535 enim
542 1492 622 1550 ipsi
644 1491 744 1535 licet
771 1491 1012 1550 intelligere
1033 1507 1054 1535 a
1072 1500 1194 1550 parte
1210 1500 1353 1536 totum
1375 1491 1495 1551 quod
1512 1491 1721 1550 scriptum

337 1571 423 1617 est,
463 1580 483 1603 «
509 1564 566 1606 Et
596 1561 737 1606 factus
760 1571 822 1606 est
851 1563 983 1607 homo
1005 1563 1050 1606 in
1073 1563 1261 1606 animam
1288 1563 1430 1607 vivam
1446 1564 1492 1621 ²3
1520 1581 1540 1604 »
1564 1571 1614 1606 ut
1633 1560 1721 1606 illic

338 1631 603 1689 intelligatur
626 1641 668 1676 et
689 1632 861 1691 spiritus
879 1667 890 1687 ‚
923 1632 977 1676 de
1002 1648 1091 1692 quo
1116 1633 1336 1691 Scriptura
1369 1633 1429 1676 ibi
1449 1633 1586 1677 tacuit
1611 1651 1620 1677 ε
1645 1647 1722 1676 cur

337 1702 427 1746 aliis
449 1717 539 1746 non
568 1701 694 1746 liceat
716 1703 774 1747 sic
807 1703 1000 1762 accipere
1021 1701 1141 1763 quod
1164 1702 1330 1746 dictum
1367 1711 1451 1757 est,
1490 1721 1509 1744 «
1549 1717 1599 1746 ex
1634 1717 1723 1746 uno

340 1791 360 1814 »
380 1772 616 1830 sanguine,
640 1791 659 1814 »
685 1782 735 1817 ut
756 1772 844 1818 illic
867 1782 909 1817 et
929 1774 1071 1817 anima
1096 1783 1138 1818 et
1162 1773 1335 1832 spiritus
1356 1773 1490 1832 possit
1510 1771 1719 1831 intelligi,

336 1845 545 1903 quoniam
567 1844 698 1888 homo
720 1844 982 1903 significatus
1004 1844 1180 1888 nomine
1205 1843 1446 1901 sanguinis,
1471 1859 1560 1887 non
1582 1842 1721 1886 solum

336 1923 507 1957 constat
535 1930 585 1957 ex
620 1930 824 1972 corpore,
860 1930 1011 1960 verum
1041 1916 1171 1959 etiam
1208 1930 1258 1957 ex
1296 1915 1439 1958 anima
1467 1923 1510 1958 et
1544 1913 1723 1973 spiritu?

339 1984 460 2029 Sicut
499 1984 615 2027 enim
654 1985 730 2043 qui
768 1986 1050 2043 propaginem
1092 1983 1289 2029 defendit
1327 1986 1594 2040 animarum,
1635 2000 1724 2029 non

338 2054 440 2096 hinc
478 2055 608 2097 istum
645 2053 777 2098 debet
815 2055 1087 2113 opprimere,
1133 2055 1236 2113 quia
1275 2054 1330 2098 de
1366 2055 1507 2114 primo
1547 2055 1724 2099 homine

339 2125 550 2183 scriptum
581 2134 667 2180 est,
692 2143 712 2167 «
739 2128 790 2169 In
812 2141 900 2185 quo
930 2140 1080 2170 omnes
1109 2127 1427 2184 peccaverunt3
1456 2146 1465 2172 ς
1490 2142 1581 2171 non
1608 2127 1724 2170 enim

340 2193 506 2237 dictum
534 2203 618 2250 est,
650 2195 696 2238 in
731 2211 819 2255 quo
850 2196 1046 2240 omnium
1077 2210 1176 2240 caro
1211 2197 1430 2254 peccavit,
1464 2196 1538 2240 sed
1575 2211 1724 2241 omnes

341 2263 510 2309 dictum
532 2274 615 2320 est,
640 2263 685 2308 id
706 2275 770 2310 est
785 2300 796 2320 ‚
821 2281 970 2311 omnes
988 2266 1186 2311 homines
1212 2285 1221 2311 ε
1247 2282 1347 2312 cum
1369 2267 1502 2312 homo
1523 2283 1613 2312 non
1634 2267 1724 2313 sola

342 2335 396 2378 sit
428 2351 527 2379 caro
552 2354 560 2380 :
587 2336 697 2380 sicut
732 2351 833 2394 ergo
865 2338 965 2381 hinc
996 2337 1075 2381 iste
1108 2352 1196 2382 non
1229 2337 1362 2382 debet
1383 2339 1598 2398 opprimi,
1622 2339 1723 2398 quia

342 2404 454 2449 forte
474 2405 533 2450 ita
553 2405 718 2451 dictum
739 2416 826 2463 est,
848 2422 997 2452 omnes
1014 2408 1232 2465 homines,
1256 2419 1306 2454 ut
1328 2409 1567 2454 secundum
1589 2409 1723 2455 solam

340 2490 514 2519 carnem
535 2476 881 2536 intelligerentur
901 2497 910 2524 :
932 2479 991 2522 sic
1011 2479 1090 2523 iste
1120 2494 1209 2524 non
1242 2480 1342 2525 hinc
1364 2479 1496 2525 debet
1526 2493 1722 2539 premere

393 2567 401 2582 ¹
424 2562 495 2593 Act.
517 2571 590 2601 xvii,
609 2562 662 2594 ⁴25.
680 2570 746 2585 ——2
766 2565 845 2596 Gen.
865 2575 900 2605 ιι,
921 2574 952 2606 7,
967 2579 1007 2587 --·
1022 2563 1035 2587 3
1053 2567 1145 2597 Rom.
1164 2575 1196 2601 v,
1220 2573 1270 2597 12.
