1804 3205
535 196 587 221 ms:
619 196 757 222 nasus
791 194 974 222 ηιΑαιι.
1386 186 1438 222 71

67 278 86 301 n
120 261 195 318 ipsi
227 274 303 304 nos
336 259 582 302 seducimus
603 294 613 312 ‚
647 270 688 302 ct
717 260 871 303 veritas
900 260 945 302 in
969 259 1091 303 nobis
1123 275 1209 303 non
1240 271 1302 303 est
1335 264 1341 286 ¹
1378 265 1395 305 ξ’
1421 280 1439 302 »

62 330 127 373 vel
149 329 371 388 quomodo
395 328 438 373 id
461 330 580 389 quod
600 345 692 373 eam
720 331 929 374 Dominus
947 329 1122 384 docuit,
1142 330 1280 374 orabit
1302 332 1440 375 Eccle-

60 400 136 453 sia,
158 419 177 440 «
203 401 376 443 Dimitte
398 399 523 443 nobis
542 399 686 443 debita
709 402 883 444 nostra²
910 419 919 445 :
946 418 965 440 »
988 400 1021 443 si
1043 400 1088 443 iu
1111 400 1193 444 hoc
1209 399 1369 445 saeculo
1383 412 1438 444 est

60 468 249 514 Ecclesia
267 469 358 513 sine
381 469 550 513 macula
569 478 611 513 et
634 472 762 527 ruga?
781 474 1000 515 Postremo
1024 470 1103 530 ipsi
1124 470 1179 513 dc
1200 486 1244 514 se
1262 471 1362 529 ipsis
1376 471 1444 514 in-

60 541 308 598 terrogandi
332 550 449 594 sunt,
476 551 623 584 utrum
657 556 794 585 necne
816 541 1034 586 fateantur
1056 541 1199 600 aliqua
1222 557 1265 585 se
1289 543 1446 585 liabcrc

58 620 250 669 peccata.
271 609 400 663 Quod
412 610 445 653 si
464 610 951 669 negabunl,diccndum
970 621 1033 656 est
1055 611 1259 670 eis,quod
1273 627 1316 655 sc
1333 613 1446 671 ipsos

56 681 291 740 decipiant,
317 690 360 726 et
383 683 538 726 veritas
561 683 605 726 in
628 683 687 726 eis
712 698 799 727 non
825 684 894 728 sit.
920 685 963 729 Si
988 693 1131 728 autem
1156 693 1380 743 peccatum
1404 699 1446 728 se

58 751 218 795 habere
240 751 513 806 fatebuntur,
534 753 643 811 quid
666 753 787 798 aliud
809 769 940 813 quam
960 755 1014 798 de
1038 770 1144 812 ruga
1169 770 1244 798 sua
1265 754 1332 798 vel
1354 770 1446 799 ma-

57 820 154 865 cula
190 821 459 866 fatebuntur.
499 825 595 867 Non
631 833 733 868 sunt
762 839 865 883 ergo
898 825 962 868 isti
996 824 1198 869 Ecclesiae
1227 825 1444 882 membra,

56 892 159 951 quia
181 892 254 936 illa
276 902 339 938 est
356 894 447 937 sine
469 893 640 938 macula
659 903 702 938 et
725 910 848 953 ruga,
872 895 1075 939 hiantem
1096 910 1196 939 cum
1214 893 1384 939 macula
1405 904 1441 939 et

57 977 178 1020 ruga.

113 1033 322 1076 XXVIII.
362 1031 445 1077 Sed
480 1031 536 1076 ad
565 1033 648 1077 hoc
680 1033 902 1093 objectum
930 1033 1127 1092 vigilanti
1157 1034 1447 1094 circumspec-

55 1103 173 1148 tione
193 1102 432 1162 respondit,
453 1118 584 1162 quam
613 1105 705 1148 sine
729 1103 864 1150 dubio
885 1104 1088 1149 catholici
1105 1105 1273 1165 judices
1295 1121 1439 1165 appro-

54 1175 284 1218 baverunt.
313 1193 334 1216 «
354 1174 528 1219 Dictum
547 1183 626 1228 est,
652 1175 811 1239 inquit,
837 1191 860 1220 a
884 1175 1026 1231 nobis,
1050 1175 1128 1220 sed
1149 1177 1207 1221 ita
1236 1177 1442 1237 quoniam

54 1244 225 1289 lavacro
243 1244 299 1288 ab
320 1245 440 1289 omni
464 1244 635 1289 macula
655 1254 698 1289 et
721 1260 826 1304 ruga
849 1255 1062 1305 purgatur
1079 1246 1288 1302 Ecclesia,
1313 1262 1442 1306 quam

49 1314 154 1360 velit
177 1316 236 1360 ita
264 1316 475 1360 Dominus
497 1330 766 1374 permanere.
796 1334 816 1357 »
841 1316 910 1361 Ad
935 1316 1057 1376 quod
1083 1316 1285 1374 Synodus
1308 1317 1442 1362 dixit:

55 1404 75 1427 «
101 1387 194 1429 Hoc
218 1394 262 1429 et
289 1385 413 1429 nobis
438 1384 596 1444 placet.
628 1403 647 1425 »
675 1386 779 1438 Quis
802 1386 918 1430 enim
941 1396 1138 1431 nostrum
1173 1396 1328 1444 negat,
1357 1401 1446 1431 om-

50 1458 171 1501 nium
196 1458 242 1500 in
270 1458 485 1516 baptismo
510 1466 685 1516 peccata
712 1456 896 1513 dimitti,
933 1467 976 1502 et
1001 1473 1151 1503 omnes
1178 1457 1328 1502 fideles
1352 1458 1444 1502 sine

49 1527 219 1572 macula
242 1538 281 1571 et
304 1541 409 1585 ruga
439 1526 494 1571 de
513 1526 684 1572 lavacro
712 1528 1051 1586 regenerationis
1075 1526 1335 1572 ascendere?
1354 1531 1444 1573 Aut

48 1598 118 1642 cui
132 1597 366 1642 christiano
384 1595 599 1642 catholico
620 1612 710 1642 non
733 1596 892 1656 placet,
918 1598 1040 1658 quod
1057 1606 1110 1642 -et
1133 1598 1320 1642 Domino
1343 1597 1440 1656 pla-

47 1676 132 1722 cet,
153 1666 286 1727 idque
304 1666 504 1711 futurum
518 1676 596 1722 est,
615 1676 665 1711 ut
682 1667 875 1712 Ecclesia
892 1677 1144 1727 permaneat
1158 1668 1248 1712 sine
1269 1666 1439 1711 macula

47 1746 90 1783 et
107 1753 212 1797 ruga
237 1740 254 1782 P
277 1738 644 1798 Quandoquidem
667 1737 711 1782 id
733 1753 851 1783 nunc
874 1739 1016 1797 agitur
1047 1739 1125 1783 Dei
1148 1738 1437 1782 misericordia

47 1818 91 1853 et
114 1810 309 1865 veritate,
336 1819 385 1854 ut
405 1809 460 1853 ad
483 1808 603 1853 illam
628 1808 960 1868 perfectionem,
988 1810 1064 1853 ubi
1087 1810 1178 1854 sine
1200 1809 1370 1853 macula
1393 1817 1436 1852 et

47 1895 155 1939 ruga
177 1881 222 1924 in
249 1889 463 1924 aeternum
495 1895 699 1924 mansura
731 1888 810 1934 est,
841 1889 988 1924 sancta
1014 1879 1205 1924 Ecclesia
1226 1879 1436 1938 perduca-

48 1950 121 1994 ἰῶ·
140 1949 215 1993 sed
227 1950 339 1993 inter
350 1948 587 2003 lavacrum,
601 1949 678 1993 ubi
693 1964 841 1993 omnes
854 1949 1084 2008 praeteritae
1102 1948 1284 1992 maculae.
1298 1963 1432 2006 rugae-

47 2035 133 2080 que
156 2020 387 2074 tolluntur,
404 2028 447 2064 et
468 2033 664 2077 regnum,
691 2019 766 2063 ubi
786 2020 877 2063 sine
901 2018 1070 2063 macula
1080 2028 1131 2062 ‘et
1148 2033 1254 2077 ruga
1279 2033 1427 2077 perpe·

49 2100 125 2135 tuo
147 2088 538 2134 manebitEcclesia
558 2124 569 2143 ‚
596 2098 767 2148 tempus
789 2089 874 2134 hoc
895 2089 1088 2133 medium
1113 2098 1177 2133 est
1198 2088 1427 2144 orationis,

45 2161 123 2205 ubi
151 2174 324 2205 necesse
352 2168 416 2204 est
442 2158 557 2204 dicat
584 2178 593 2204 :
622 2178 643 2201 «
672 2159 851 2204 Dimitte
880 2160 1006 2204 nobis
1037 2159 1184 2204 debita
1217 2168 1377 2203 nostra.
1406 2177 1426 2201 »

47 2235 228 2291 Propter
247 2231 330 2276 hoc
347 2231 567 2291 objectum
591 2238 655 2274 est
671 2245 744 2275 eos
762 2230 922 2286 dicere,
951 2249 972 2272 «
996 2231 1066 2275 hic
1088 2245 1177 2274 esse
1194 2229 1430 2274 Ecclesiam

47 2303 139 2347 sine
161 2301 330 2346 macula
347 2311 392 2346 et
417 2317 543 2360 ruga,
577 2309 726 2346 utrum
740 2302 755 2327 ³
778 2316 856 2360 per
874 2301 988 2345 hanc
1010 2300 1268 2344 sententiam
1298 2299 1430 2344 aude-

47 2382 145 2417 rent
160 2373 393 2432 prohibere
408 2373 667 2427 orationem,
691 2387 778 2432 qua
798 2372 954 2416 diebus
975 2380 1019 2416 et
1032 2371 1234 2416 noctibus
1255 2371 1427 2417 veniam

47 2451 324 2502 peccatorum
354 2444 446 2503 jam
476 2442 691 2502 baptizata
723 2442 805 2487 sibi
834 2443 973 2501 poscit
1003 2441 1209 2487 Ecclesia.
1246 2445 1308 2486 De
1339 2455 1428 2500 quo

96 2534 105 2548 ¹
127 2537 138 2558 1
163 2528 255 2559 Joan.
276 2536 351 2566 xix,
371 2533 424 2558 21.
442 2543 482 2550 -ω
497 2531 509 2548 ²
528 2526 647 2558 Matth.
668 2537 723 2566 xv,
746 2526 799 2557 32.
815 2543 856 2549 —
871 2524 884 2548 3
904 2527 1009 2558 Forte
1027 2530 1061 2557 ut
1080 2535 1154 2558 non.-
