1784 3205
359 241 433 278 178
796 254 825 278 s.
867 251 1093 278 ιυῦυεῐωι
1130 250 1304 278 zriscori

352 335 371 357 «
391 317 623 375 Appositus
645 325 707 360 est
730 316 784 359 ad
808 324 947 375 patres
967 316 1088 358 suos¹
1109 333 1117 358 ;
1147 332 1165 354 »
1191 314 1397 374 quoniam
1421 312 1625 372 deinceps
1651 314 1730 358 ho-

348 387 452 431 mini
483 386 601 431 nulla
632 387 811 431 tentatio
839 385 1114 441 formidatur,
1138 401 1238 445 quae
1266 384 1391 429 illum
1416 393 1584 443 separet
1605 400 1627 428 a
1655 399 1735 443 po-

348 457 452 516 pulo
472 474 567 513 suo,
592 458 626 502 si
645 456 832 517 populus
855 458 945 516 ejus
975 456 1065 515 ipse
1095 465 1159 500 est
1189 455 1378 515 populus
1404 454 1495 499 Dei.

405 530 610 572 XXXVI.
637 527 753 581 Quid
770 527 853 571 sibi
870 542 972 586 ergo
993 526 1102 581 vult,
1124 542 1202 585 pro
1226 526 1348 571 nullo
1373 525 1559 585 propriae
1580 523 1736 570 volun·

344 598 441 642 tatis
464 597 666 653 admisso,
684 607 804 642 tanta
820 596 1067 642 damnatio?
1087 599 1237 658 Neque
1257 597 1373 641 enim
1397 596 1510 641 sicut
1532 595 1737 640 nonnulli

342 668 584 713 secundum.
601 668 844 713 Platonicos
861 668 1114 727 opinantur,
1134 669 1218 712 hoc
1234 668 1578 727 uniuscujusque
1596 665 1738 710 infan-

344 739 394 783 tis
418 739 573 783 animae
596 738 812 794 redditur,
839 738 959 798 quod
982 747 1082 782 ante
1105 739 1230 782 istam
1254 738 1387 782 vitam
1413 752 1488 781 sua
1512 736 1738 782 voluntate

342 810 582 864 commisit,
617 826 717 854 cum
753 811 935 854 haberet
974 819 1074 853 ante
1107 811 1193 854 hoc
1230 824 1387 868 corpus
1415 807 1484 853 vel
1523 808 1635 852 bene
1668 806 1738 852 vel

348 880 457 923 male
492 879 679 924 liberum
705 878 878 925 vivendi
907 880 1133 939 arbitrium
1161 898 1168 923 z
1193 895 1296 923 curn
1328 877 1491 923 Paulus
1516 876 1737 938 apostolus

351 950 616 1010 apertissime
653 949 798 1005 dicat,
836 950 1036 994 nondum
1067 959 1190 994 natos
1226 948 1333 993 nihil
1371 949 1504 1007 egisse
1533 949 1638 993 boni
1670 946 1740 993 vel

351 1020 498 1064 mali2.
533 1020 657 1065 Unde
690 1035 793 1079 ergo
824 1029 939 1064 recte
970 1019 1112 1064 infans
1145 1019 1216 1064 illa
1250 1019 1493 1079 perditione
1527 1019 1738 1078 punitur3

350 1091 429 1134 nisi
452 1091 554 1150 quia
578 1090 766 1150 pertinet
788 1089 842 1135 ad
865 1105 1045 1134 massam
1069 1091 1346 1150 perditionis,
1372 1099 1414 1134 et
1434 1090 1550 1150 juste
1576 1088 1739 1134 intelli-

351 1161 467 1219 gitur
489 1177 539 1205 ex
562 1160 701 1206 Adam
724 1170 872 1215 natus,
904 1161 1072 1220 antiqui
1099 1160 1232 1205 debiti
1261 1160 1528 1220 obligatione
1559 1160 1742 1204 damna-

352 1239 441 1285 tus,
463 1231 543 1275 nisi
565 1231 667 1275 inde
686 1231 839 1285 fuerit,
866 1246 955 1275 non
981 1232 1223 1276 secundum
1244 1230 1464 1286 debitum,
1489 1229 1564 1274 sed
1587 1245 1742 1275 secun-

351 1300 457 1348 dum
483 1301 663 1360 gratiam
685 1301 919 1345 liberatus?
937 1303 1077 1354 Quam
1102 1301 1304 1360 gratiam,
1330 1301 1410 1345 nisi
1436 1300 1617 1359 gratiam
1639 1300 1739 1355 Dei,

355 1387 428 1430 per
451 1374 600 1416 Jesum
622 1371 844 1417 Christum
868 1371 1104 1416 Dominum
1133 1373 1360 1416 nostrum?
1380 1373 1520 1425 Quem
1544 1369 1742 1431 profecto

352 1442 463 1485 inter
498 1450 652 1486 caetera
691 1451 889 1486 veterum
926 1451 1194 1495 sacramenta
1238 1442 1369 1486 etiam
1406 1442 1498 1500 ipsa
1540 1440 1743 1501 praeputii

351 1512 620 1556 circumcisio
643 1512 933 1571 prophetavit.
955 1513 1051 1556 Dies
1075 1512 1191 1556 enim
1217 1521 1393 1557 octavus
1416 1520 1480 1556 est
1501 1511 1546 1555 in
1573 1511 1741 1556 hebdo-

354 1580 580 1626 madarum
603 1581 847 1626 recursibus
870 1581 961 1625 dies
984 1582 1256 1637 Dominicus,
1287 1597 1376 1641 quo
1402 1582 1635 1626 resurrexit
1657 1585 1743 1626 Do-

354 1653 495 1696 minus
515 1661 585 1696 :et
609 1660 730 1711 petra
752 1660 844 1696 erat
870 1652 1115 1710 Christus³⁵3
1143 1653 1262 1696 unde
1285 1652 1624 1697 circumcisionis
1644 1651 1741 1698 cul·
1775 1697 1780 1700 .

355 1723 483 1767 tellus
506 1724 723 1782 petrinus,
749 1733 791 1767 et
815 1739 914 1768 caro
937 1724 1189 1783 praeputii43
1214 1739 1371 1784 corpus
1393 1724 1572 1783 peccati.

414 1796 641 1838 XXXVII.
680 1794 859 1839 Mutatis
901 1794 1082 1853 proinde
1116 1796 1422 1850 sacramentis,
1463 1803 1745 1854 posteaquam

358 1865 474 1908 venit
507 1867 583 1924 qui
620 1865 680 1908 eis
711 1865 1035 1923 significabatur
1073 1881 1162 1909 esse
1191 1876 1431 1918 venturus,
1471 1881 1560 1910 non
1600 1874 1746 1909 tamen

358 1944 523 1979 mutato
551 1936 800 1980 mediatoris
823 1936 1004 1990 auxilio,
1032 1937 1108 1996 qui
1130 1938 1258 1982 etiam
1283 1938 1537 1998 priusquam
1560 1936 1746 1981 venisset

355 2006 400 2049 in
422 2021 551 2050 carne
571 2007 750 2066 antiqua
772 2022 848 2051 sua
871 2008 1066 2052 membra
1089 2008 1303 2053 liberabat
1326 2024 1414 2053 suae
1438 2007 1744 2053 incarnationis

356 2075 455 2131 fide,
474 2086 516 2121 et
534 2093 611 2121 nos
630 2093 728 2121 cum
748 2093 934 2121 essemus
950 2079 1109 2122 mortui
1128 2078 1296 2123 delictis
1311 2089 1354 2124 et
1376 2079 1591 2139 praeputio
1605 2078 1744 2124 carnis

354 2157 535 2204 nostrae,
564 2149 851 2193 convivificati
882 2164 1030 2193 sumus
1059 2150 1284 2205 Christ05,
1315 2152 1361 2197 in
1383 2167 1472 2210 quo
1502 2149 1743 2195 circumcisi

356 2233 505 2262 sumus
536 2219 863 2263 circumcisione
895 2235 983 2263 non
1018 2235 1150 2263 manu
1179 2220 1319 2275 facta,
1356 2236 1488 2280 quam
1525 2221 1742 2279 figurabat

355 2289 623 2334 circumcisio
647 2305 780 2334 manu
809 2288 965 2345 facta0,
990 2300 1038 2334 ut
1063 2301 1347 2335 evacuaretur
1370 2306 1526 2350 corpus
1550 2291 1736 2350 peccati,

353 2375 454 2407 cum
476 2375 565 2418 quo
587 2375 735 2404 sumus
757 2375 807 2403 ex
828 2359 969 2404 Adam
992 2360 1122 2405 nati7.
1139 2363 1362 2405 Damnatae
1382 2361 1558 2419 originis
1580 2375 1738 2420 propa·-

355 2430 469 2486 gatio
509 2445 585 2474 nos
620 2430 826 2481 damnat,
867 2431 946 2474 nisi
984 2430 1248 2475 mundemur
1283 2431 1565 2476 similitudine
1600 2432 1738 2476 carnis

406 2540 410 2552 ¹
441 2543 449 2562 ι
475 2532 564 2563 Mavl»
604 2544 638 2572 u,
659 2533 713 2573 69.
733 2549 768 2554 --
783 2539 795 2554 ²
819 2535 912 2565 lton».
933 2544 977 2571 ix,
1002 2544 1108 2565 11.—
1125 2533 1138 2554 ⁵
1167 2544 1176 2564 1
1198 2535 1268 2565 Gor.
1295 2544 1325 2572 x,
1341 2533 1372 2573 4.
1391 2532 1458 2559 -4
1482 2536 1573 2567 Rom.
1595 2544 1637 2572 vi,
1662 2534 1737 2566 6.-

353 2586 366 2610 ·”’
389 2588 492 2621 Gelos>
526 2600 560 2628 ιι,
591 2598 621 2621 ιι
655 2593 685 2620 ct
716 2589 763 2620 13.
781 2603 820 2612 -Δ
838 2591 852 2610 0
882 2591 969 2620 l'ioni.
992 2600 1035 2625 w,
1053 2590 1086 2619 (ἱ.
1105 2607 1144 2612 ——
1163 2590 1381 2629 71·,1.v11=‚3.
