1804 3205
523 224 576 252 DE
609 228 749 256 ursus
781 225 962 257 PELAGu.
1380 232 1427 267 81

56 274 146 317 hoec
176 288 310 318 unum
347 291 507 321 nomen
540 282 805 338 apostolatus
841 285 1130 344 amplectitur.
1175 293 1319 348 lpsum
1352 295 1433 352 igi-

55 351 122 386 tur
158 344 433 391 consulamus
468 367 476 392 :
513 349 654 407 ipsum
687 354 828 411 potius
865 356 1121 403 audiamus:
1148 359 1341 406 dieamus
1369 366 1430 419 ei,

52 415 207 459 Sancte
240 417 371 462 Paule
413 421 632 478 apostole,
674 424 868 484 Pelagius
902 431 1140 475 monachus
1181 432 1362 491 dignum
1396 444 1436 479 te

50 483 299 532 dieitluisse
317 523 326 540 ‚
347 491 422 549 qui
444 493 658 552 acciperes
690 511 838 541 omncs
864 501 1019 557 gratias
1054 504 1320 561 apostolatus
1344 507 1430 562 tui,

51 564 96 599 tu
119 556 208 615 ipse
231 559 337 618 quid
355 562 486 606 dicis?
509 567 604 609 Non
626 581 738 621 sum,
766 569 931 629 inquit⁷
963 573 1120 632 dignus
1140 577 1281 621 vocari
1305 594 1433 638 apos-

46 625 183 670 tolus?
212 631 377 685 lta-ne,
407 642 453 676 ut
478 633 671 680 deseram
700 638 909 684 honorem
944 643 1100 698 Paulo,
1129 646 1301 706 Pelagio
1338 665 1432 693 ma-

44 696 106 754 gis
142 698 197 742 de
234 700 384 746 Paulo.
408 704 584 750 credere
623 707 820 764 audebo,
864 729 995 772 quam
1038 716 1198 762 Paulo?
1232 721 1328 764 Non
1366 721 1431 766 fa·

42 767 152 812 ciam
179 787 188 814 ε
224 785 293 815 me
326 788 516 834 namque
551 779 692 836 potius
726 783 942 838 onerabo,
980 802 1111 845 quam
1145 788 1267 834 illum
1298 792 1434 837 hono·

43 838 171 894 rabo,
212 842 246 886 si
278 843 438 890 fecero.
479 849 718 894 Audiamus
758 854 908 909 etiam,
948 873 1026 900 cur
1064 875 1151 902 non
1185 861 1238 904 sit
1273 861 1431 921 dignus

43 911 185 954 vocari
204 914 437 972 Apostolus
471 937 479 961 z
508 920 618 971 Quia
650 934 900 979 persecutus
930 942 1049 982 sum,
1079 929 1237 989 inquit,
1276 934 1430 978 Eccle-

40 979 144 1024 siam
165 983 255 1027 Dei.
285 986 324 1030 Si
349 1002 521 1032 sensum
543 1005 839 1049 sequeremur,
855 998 951 1056 quis
974 1014 1059 1043 non
1074 1002 1201 1046 istum
1219 1019 1240 1047 a
1256 1006 1430 1053 Christo

39 1052 339 1099 damnandum
366 1070 559 1105 censeret
592 1063 734 1120 potius
773 1082 905 1125 quam
940 1073 1214 1118 vocandum?
1237 1078 1343 1128 Quis
1371 1079 1428 1123 ita

41 1121 192 1183 diligat
219 1126 546 1184 praedicatorem
564 1166 574 1185 ,
607 1142 656 1176 ut
687 1150 775 1178 non
811 1135 1047 1184 detestetur
1077 1152 1429 1202 persecutorem?

40 1195 214 1253 Optime
245 1212 347 1256 ergo
379 1200 469 1259 ipse
504 1212 635 1263 atque
675 1209 884 1253 veraciter
919 1231 926 1255 :
957 1214 1050 1257 Non
1089 1231 1211 1269 sum)
1254 1221 1424 1280 inquit,

42 1265 200 1324 dignus
221 1270 365 1313 vocari
388 1273 629 1330 apostolus,
663 1278 763 1335 quia
793 1293 1045 1338 persecutus
1068 1302 1161 1331 sum
1192 1290 1426 1336 Ecclesiam

45 1337 133 1380 Dei.
160 1340 341 1386 Faciens
371 1342 505 1401 igitur
541 1354 710 1390 tantum
734 1350 858 1405 mali,
888 1353 1005 1397 unde
1031 1358 1224 1402 meruisti
1252 1370 1425 1407 tantum

41 1406 172 1450 boni?
202 1410 397 1455 Audiant
429 1414 763 1472 respondentem
789 1435 939 1466 omnes
964 1436 1110 1480 gentes
1144 1446 1151 1471 :
1181 1429 1267 1473 Sed
1292 1432 1425 1489 gratia

40 1477 115 1519 Dei
137 1492 230 1521 sum
260 1479 305 1523 id
327 1482 447 1540 quod
479 1487 617 1527 sum¹.
643 1488 868 1547 Numquid
899 1490 1024 1536 aliter
1045 1505 1108 1539 est
1137 1499 1270 1555 gratia
1305 1516 1426 1546 com-

36 1546 260 1603 mendata,
281 1549 362 1594 nisi
378 1552 480 1610 quia
495 1563 556 1597 est
573 1554 755 1614 indigno
766 1558 896 1603 data?
915 1563 1116 1620 Etgratia
1134 1567 1240 1625 ejus,
1262 1569 1421 1630 inquit,

38 1613 84 1658 ‘m
105 1630 175 1660 me
194 1632 332 1663 vacua
349 1637 439 1666 non
458 1621 556 1667 fuit.
586 1627 679 1669 Hoc
703 1636 745 1670 et
770 1627 861 1673 aliis
886 1633 1102 1692 praecipit,
1129 1645 1179 1680 ut
1201 1639 1329 1683 etiam
1354 1657 1424 1685 ar-

38 1686 219 1732 bitrium
241 1690 477 1738 voluntatis
494 1695 715 1752 ostendat,
754 1699 831 1743 ubi
855 1701 943 1746 ait:
968 1722 986 1744 «
1014 1707 1316 1766 Praecipientes
1343 1727 1423 1756 au-

41 1777 61 1800 »
83 1768 171 1803 tem
191 1769 233 1804 et
247 1776 465 1821 rogamus,
482 1780 537 1808 ne
548 1766 592 1809 in
610 1782 796 1812 vacuum
810 1772 989 1828 gratiam
1011 1776 1086 1819 Dei
1100 1779 1378 1838 suscipiatis2.
1401 1802 1420 1823 »

43 1829 166 1874 Unde
188 1840 328 1875 autem
349 1833 506 1892 probat
525 1836 645 1895 quod
666 1839 799 1895 gratia
819 1841 908 1898 ejus
923 1842 969 1885 in
989 1859 1039 1887 eo
1050 1860 1187 1890 vacua
1211 1864 1297 1892 non
1319 1850 1419 1905 fuit,

37 1899 116 1943 nisi
139 1915 190 1944 ex
209 1916 261 1946 eo
283 1903 404 1962 quod
431 1906 649 1963 sequitur,
680 1926 698 1948 «
732 1908 816 1952 Sed
841 1910 937 1968 plus
958 1915 1161 1960 omnibus
1186 1917 1268 1963 illis
1296 1919 1423 1966 labo—

42 1987 62 2010 »
90 1971 237 2015 ravi-⁶³?
261 1990 281 2013 »
308 1974 497 2018 Proinde
525 1991 614 2019 non
643 1975 857 2022 laboravit
887 1990 933 2025 ut
963 1985 1142 2040 gratiam
1181 1989 1421 2050 acciperet,

38 2039 114 2084 sed
135 2043 302 2101 aceepit
329 2052 378 2087 ut
399 2042 618 2089 laboraret
646 2065 653 2090 :
680 2055 811 2106 atque
841 2049 923 2104 ita,
945 2052 1063 2096 unde
1088 2056 1142 2099 ad
1175 2060 1423 2117 accipienda

39 2109 187 2155 debita
209 2112 384 2170 praemia
402 2113 526 2158 fieret
547 2113 722 2173 dignus,
749 2119 928 2175 gratiam
951 2123 1080 2180 gratis
1103 2129 1425 2189 accepitindig-

39 2196 134 2225 nus,
159 2183 246 2226 Nec
264 2182 403 2241 ipsum
422 2199 524 2228 sane
538 2184 733 2230 laborem
751 2188 832 2231 sibi
850 2206 976 2235 ausus
995 2202 1056 2237 est
1076 2211 1290 2256 arrogare.
1311 2203 1423 2246 Cum

39 2252 152 2295 enim
175 2251 366 2308 dixisset,
403 2273 423 2297 «
457 2254 558 2299 Plus
581 2257 781 2302 omnibus
804 2259 886 2304 illis
910 2261 1133 2320 laboravi,
1169 2286 1188 2308 »
1215 2272 1425 2317 continuo

40 2322 243 2382 subjecit,
268 2343 288 2365 «
313 2326 411 2370 Non
431 2340 526 2384 ego,
552 2327 628 2370 sed
651 2329 785 2386 gratia
810 2331 885 2374 Dei
904 2347 1089 2379 meeum.
1122 2355 1140 2377 »
1163 2342 1200 2381 0
1218 2355 1423 2399 magnum

43 2393 190 2451 gratiae
218 2405 556 2454 praeceptorem‚
588 2398 902 2456 confessorem,
929 2404 1273 2462 praedieatorem.
1309 2413 1425 2466 Quid

41 2471 105 2506 est
126 2464 235 2508 hoc?
259 2483 278 2506 «
299 2465 401 2511 Plus
418 2466 630 2523 laboravi,
652 2484 741 2513 non
760 2474 866 2530 ego?
894 2490 913 2513 »
943 2474 1024 2518 Ubi
1059 2492 1149 2522 sese
1175 2482 1327 2527 extulit
1349 2484 1427 2527 ali-

92 2555 101 2570 ¹
123 2559 135 2581 1
157 2551 228 2582 Cor.
250 2560 305 2587 xv,
329 2558 377 2582 ιο.
394 2567 435 2574 --
450 2557 462 2573 ²
481 2561 499 2584 2
517 2554 589 2585 Cor.
609 2563 656 2591 vr,
681 2565 707 2585 1.
725 2571 765 2577 —
782 2553 795 2578 3
820 2567 830 2587 ι
849 2558 920 2589 Cor.
940 2568 994 2595 xv,
1019 2571 1068 2593 10.

228 2612 341 2642 CXLI.
1218 2620 1243 2658 6
