1804 3205
590 211 927 242 ANNO'IA'HONES.
1359 204 1439 242 467

461 355 713 396 ANNOTATw
731 355 796 412 (9)
817 368 913 415 pag.
945 358 1042 396 1321.

124 504 340 549 Libellum
368 510 518 551 Roma*
541 509 666 566 gostis
697 509 990 553 ecclesiasticis
1013 525 1035 553 a
1058 509 1263 553 Coelestio
1287 509 1448 567 allega-

30 610 40 616 .
64 585 154 620 tum
179 576 283 621 dicit
311 594 479 622 rursum
511 579 620 624 infra
643 596 739 640 cap.
766 600 877 624 xxm
893 616 903 636 ,
925 589 967 624 et
989 579 1064 623 lib.
1087 580 1141 623 de
1170 582 1350 624 l'cccato
1371 581 1453 624 ori-

65 645 220 706 ginali,
247 665 341 708 cap.
371 657 394 692 2
414 659 455 693 ct
476 658 499 692 ἴ»
523 660 565 694 ct
587 669 623 694 c.
652 652 777 695 Gesta
805 650 873 695 illa
903 649 1240 708 Coelestio,(ut
1259 652 1298 695 in
1321 651 1394 694 lib.
1423 671 1452 694 ιι

64 727 214 763 eontra
230 718 336 763 duas
348 721 558 778 Epistulas
581 721 910 781 pelagianorum
926 738 1020 782 cap.
1048 741 1094 765 ιιι
1113 724 1309 779 testatur)
1323 737 1451 782 prce-

64 799 195 834 sente
227 800 270 834 et
302 789 605 850 prcececletzte.
633 793 860 857 corgfecta
880 803 982 839 sunt
1010 794 1092 838 sub
1113 794 1281 839 Zosimo
1301 828 1311 848 ‚
1338 807 1452 837 anno

64 861 227 908 Christi
254 866 354 906 417.

434 1027 690 1072 Annorum
712 1028 808 1084 (10)
826 1040 926 1085 pag.
971 1030 1068 1070 148.

137 1183 235 1226 Non
265 1190 381 1226 extat
423 1183 506 1227 hoc
543 1198 653 1242 opus
680 1182 925 1238 Ambrosii,
945 1181 1087 1240 (liber
1108 1182 1153 1225 in
1182 1182 1333 1225 lsaiam
1358 1196 1457 1240 pro-

69 1252 274 1311 phetam)
295 1254 415 1314 quod
441 1269 611 1299 rursum
634 1255 738 1300 citat
761 1256 1027 1313 Augustinus
1045 1254 1089 1298 in
1108 1252 1184 1296 lib.
1202 1254 1256 1296 de
1277 1256 1458 1297 Peccato

69 1324 288 1382 originali,
312 1340 407 1385 cap.
431 1330 478 1369 41
513 1347 524 1383 3
545 1326 622 1370 lib.
645 1345 657 1369 1
690 1326 745 1370 de
768 1326 938 1385 Nuptiis
960 1334 1003 1369 et
1025 1326 1223 1384 Concup.
1245 1340 1338 1383 cap.
1367 1329 1421 1367 35
1446 1345 1457 1381 3

69 1394 147 1439 lib.
168 1415 192 1439 i
220 1406 372 1441 contra
395 1396 643 1452 Juhzmum,
671 1413 765 1456 cap.
794 1402 817 1440 4
841 1406 884 1441 et
906 1396 983 1440 lib.
1015 1415 1075 1451 11,
1101 1411 1196 1454 cap.
1226 1400 1249 1438 4
1268 1430 1278 1449 ,
1310 1404 1461 1439 contra

70 1466 178 1511 duas
204 1468 416 1526 Epistolas
444 1468 587 1526 Pelag.
626 1483 721 1526 cap.
765 1477 830 1511 11.
868 1467 1066 1512 Meminit
1099 1465 1293 1526 ejusdem
1321 1466 1461 1524 operis

71 1538 328 1583 Ambrosius
349 1539 439 1598 ipse
461 1538 538 1583 lib.
567 1558 598 1583 ιι
621 1539 666 1582 in
685 1542 864 1594 Lucam,
887 1554 931 1583 n.
956 1547 1008 1583 59.
1030 1537 1085 1583 ad
1101 1553 1197 1597 cap.
1215 1542 1258 1593 2,
1282 1544 1350 1581 19.

459 1693 715 1734 ANNOTAno
738 1691 830 1747 (11)
853 1703 951 1748 pag.
980 1693 1079 1731 152.

140 1844 345 1890 Paulinus
374 1844 464 1899 ille,
489 1854 596 1890 testo
624 1849 865 1890 Mercatore
889 1845 936 1888 in
964 1844 1310 1889 Commonitorio
1339 1859 1468 1903 super

80 1917 256 1960 nomine
278 1914 496 1968 coelestii,
523 1916 732 1959 diaconus
756 1915 973 1959 Ambrosii
997 1914 1333 1959 Mediolanensis
1357 1915 1469 1973 epis-

79 1987 178 2046 copi
192 1985 294 2040 fuit,
315 1996 358 2029 et
375 1986 475 2029 vitae
493 1985 606 2029 illius
625 2020 636 2040 ‚
658 1987 859 2029 hortante
882 1985 1143 2043 Augustino,
1168 1985 1367 2042 scriptor,
1393 1985 1469 2044 qui

81 2073 125 2102 se
157 2066 374 2107 versatum
404 2071 492 2100 esse
522 2056 566 2099 in
600 2056 745 2100 Africa
772 2065 980 2110 testatur,
1014 2064 1057 2099 et
1088 2056 1222 2099 vitam
1257 2056 1471 2114 scripsisse

83 2130 252 2172 Joanne
275 2126 484 2186 praefeeto
507 2125 711 2186 praetorio
727 2160 737 2180 ,
766 2125 811 2169 id
839 2134 901 2169 est
918 2160 928 2179 ‚
950 2140 1065 2169 anno
1088 2129 1170 2169 412
1199 2134 1274 2169 aut
1293 2130 1374 2168 413
1397 2133 1472 2169 aut

85 2203 184 2243 422.
211 2198 430 2243 Judicium
456 2213 583 2257 porro
606 2197 660 2241 de
688 2212 777 2257 quo
802 2197 959 2256 agitur,
985 2197 1248 2255 Carthagine
1273 2197 1472 2239 habitum

85 2268 171 2314 fuit
200 2269 282 2313 sub
311 2269 485 2312 initium
514 2268 616 2312 anni
651 2272 733 2311 412
764 2282 815 2310 ex
839 2266 1017 2326 epistola
1059 2265 1112 2310 ad
1142 2267 1471 2321 Innocentium,

87 2340 199 2384 inter
212 2339 547 2397 Augustinianas
567 2356 723 2393 chxv,
750 2353 793 2382 n.
819 2345 835 2380 1
859 2352 897 2380 e.
921 2344 961 2381 9.
989 2335 1150 2382 Confer
1167 2336 1244 2381 lib.
1266 2337 1321 2381 de
1338 2337 1474 2381 Gestis

91 2410 271 2470 Pelagii,
296 2425 391 2469 cap.
417 2416 487 2465 11,
508 2425 552 2453 n.
579 2415 649 2453 23.

1229 2602 1293 2641 30,
