1784 3205
355 223 437 261 302
778 237 811 261 s.
847 230 1077 262 AUGUSTINI
1108 232 1290 263 Enscom

352 303 477 357 ratio,
517 317 617 346 cum
648 302 693 347 in
715 303 865 347 Graeco
894 302 948 345 sit
967 302 1203 361 πνιήεᾳυοά
1229 303 1357 347 etiam
1393 301 1439 346 in
1470 301 1554 346 illis
1589 303 1729 348 verbis

353 373 580 432 Prophetae
599 372 653 418 de
669 374 828 434 quibus
849 387 966 417 nunc
984 371 1268 431 disputamus.
1295 375 1350 417 Et
1368 382 1483 417 certe
1502 374 1585 418 hoc
1605 373 1725 429 loco,

349 446 493 490 nescio
511 454 658 490 utrum
677 446 833 490 debeat
849 444 1040 489 dubitari
1061 445 1267 504 Spiritum
1278 454 1475 489 sanctum
1493 459 1581 488 esse
1597 445 1728 503 signi-

348 517 540 560 ficatum.
566 517 786 575 Agebatur
803 516 918 559 enim
936 515 990 558 de
1011 515 1241 573 sapientia,
1263 515 1381 558 unde
1402 515 1515 559 sitin
1536 515 1727 559 homini-

348 587 429 631 bus
450 606 459 632 :
480 587 590 641 Quia
612 603 701 632 nou
719 603 767 630 ex
791 601 972 631 numero
995 600 1225 641 annorum,
1251 584 1325 629 scd
1341 586 1538 645 Spiritus,
1563 585 1721 645 inquit,

347 667 410 702 est
441 659 486 701 in
510 658 780 715 hominibus,
804 657 1004 716 aspiratio
1028 666 1170 701 autem
1200 657 1505 716 omnipotentis
1534 666 1597 701 est
1624 671 1724 716 quae

345 727 498 786 docet,
517 738 566 772 ut
589 728 903 787 intelligeretur
924 727 999 772 ista
1018 727 1293 786 repetitione,
1319 743 1408 772 non
1431 743 1474 771 se
1495 726 1550 771 de
1571 727 1725 786 spiritu

344 797 530 842 hominis
551 797 726 853 dixisse,
752 797 871 858 quod
887 798 964 852 ait,
995 798 1176 856 Spiritus
1191 805 1254 840 est
1276 798 1320 840 in
1346 797 1612 841 hominibus.
1637 799 1727 840 Vo-

344 867 462 913 lebat
484 870 597 913 enim
615 868 841 914 ostendere
855 867 972 913 unde
999 869 1189 912 habeant
1212 867 1464 927 sapientiam
1478 903 1488 922 ,
1510 868 1611 927 quia
1638 882 1727 912 non

345 955 367 983 a
386 954 429 982 se
442 939 565 998 ipsis,
583 949 626 984 et
642 939 878 999 repetendo
895 938 940 982 id
956 939 1151 998 exposuit
1166 937 1313 982 dicens
1331 957 1340 984 ε
1361 957 1381 980 «
1399 938 1613 998 Aspiratio
1625 939 1727 981 Om-

348 1028 365 1049 »
382 1010 616 1068 nipotentis
634 1020 696 1054 est
718 1026 816 1070 quae
838 1009 980 1053 docet.
1002 1028 1021 1049 »
1042 1012 1150 1053 Item
1167 1008 1249 1053 alio
1262 1009 1359 1054 loco
1372 1009 1415 1052 in
1429 1008 1581 1054 eodem
1596 1008 1724 1062 libro,

343 1080 604 1136 intellectus,
624 1082 783 1140 inquit,
806 1081 1019 1125 labiorum
1038 1096 1231 1124 meorum
1251 1096 1358 1139 pura
1376 1080 1577 1138 intelligit
1598 1099 1607 1125 :
1636 1080 1727 1139 Spi-

343 1152 449 1194 ritus
471 1151 641 1195 divinus
664 1153 739 1210 qui
761 1151 864 1195 fecit
879 1167 947 1195 me
963 1186 973 1205 ,
995 1151 1193 1209 aspiratio
1216 1160 1360 1195 autem
1378 1150 1722 1210 Omnipoteutis,

342 1236 440 1279 quae
466 1220 594 1265 docet
616 1236 699 1264 me.
724 1224 781 1264 Et
799 1221 869 1265 hic
899 1220 1017 1280 quod
1041 1222 1120 1275 ait,
1142 1222 1364 1279 aspiratio,
1389 1221 1454 1265 vel
1474 1221 1722 1280 inspiratio,

342 1291 386 1333 in
414 1293 565 1335 Graeco
588 1301 651 1336 est
668 1300 758 1338 πνοή,
782 1291 859 1350 qui
885 1291 929 1334 in
953 1290 1033 1334 illis
1059 1292 1286 1349 Prophetae
1308 1292 1449 1335 verbis
1468 1291 1727 1350 interpreta-

341 1371 409 1406 tus
423 1371 486 1406 est
504 1363 672 1406 ssatus1.
691 1361 986 1415 Quamobrem
1009 1377 1110 1406 cum
1128 1370 1290 1405 temere
1310 1371 1494 1421 negetur
1509 1362 1563 1405 de
1581 1362 1724 1405 anima

340 1431 527 1476 hominis
548 1432 618 1476 vel
640 1431 695 1476 de
717 1432 870 1491 spiritu
890 1432 1076 1476 bominis
1096 1447 1185 1476 csse
1202 1431 1366 1476 dictum
1380 1467 1390 1487 ,
1416 1451 1435 1474 «
1459 1432 1543 1485 Qui
1564 1431 1725 1475 datssa-

343 1520 363 1543 »
382 1512 474 1546 tum
494 1504 657 1562 populo
679 1519 808 1562 super
827 1519 938 1557 eam,
963 1512 1005 1547 et
1028 1504 1223 1563 spiritum
1241 1503 1506 1548 calcantibus
1524 1505 1644 1547 eam²
1665 1519 1676 1546 .·
1699 1520 1719 1543 »

341 1575 537 1632 quamvis
560 1575 617 1618 ibi
635 1584 677 1618 et
694 1576 876 1633 Spiritus
894 1583 1065 1618 sanctus
1081 1575 1220 1619 multo
1239 1574 1488 1619 credibilius
1504 1574 1637 1633 possit
1652 1574 1723 1617 in·-

342 1645 472 1703 telligi
494 1665 503 1690 ;
524 1662 610 1706 qua
630 1646 804 1690 tandem
833 1646 998 1690 ratione
1026 1645 1205 1690 audebit
1226 1646 1381 1705 aliquis
1398 1645 1601 1700 defi-nire,
1627 1645 1721 1689 ani-

338 1730 452 1759 mam
484 1716 553 1761 vcl
581 1717 804 1775 spiritum,
839 1732 928 1775 quo
964 1725 1117 1760 natura
1153 1725 1296 1760 nostra
1328 1716 1434 1761 vivit
1448 1718 1480 1771 3,
1516 1717 1613 1760 loco
1645 1715 1719 1759 illo

338 1785 521 1830 voluisse
557 1787 796 1844 significare
828 1787 1118 1845 Prophetam?
1151 1788 1263 1830 Cum
1294 1785 1490 1845 profecto
1526 1786 1561 1829 si
1596 1800 1720 1844 aper-

337 1856 497 1900 tissime
513 1857 691 1911 diceret,
713 1876 732 1898 «
753 1857 837 1910 Qui
855 1856 930 1901 dat
956 1857 1144 1901 animam
1166 1856 1329 1916 populo
1350 1872 1479 1916 super
1495 1865 1670 1912 terram,
1694 1854 1726 1897 »'

337 1927 480 1972 adhuc
495 1927 779 1988 quaerendum
803 1937 927 1982 esset,
947 1936 1094 1972 utrum
1110 1943 1203 1971 eam
1222 1931 1334 1973 Deus
1357 1943 1408 1972 ex
1429 1928 1592 1985 origine
1603 1942 1717 1986 prae-

338 1999 561 2042 cendentis
593 1999 781 2058 generis,
805 1999 895 2057 ipse
924 1999 1021 2052 det,
1047 1998 1158 2042 sicut
1179 2013 1229 2043 ex
1251 1999 1414 2057 origine
1435 1997 1716 2057 praecedentis

339 2068 528 2126 generis,
545 2077 587 2111 et
605 2069 694 2126 ipse
714 2078 860 2113 tamen
877 2068 952 2111 dat
975 2083 1131 2126 corpus
1148 2103 1158 2122 ,
1184 2084 1273 2113 non
1295 2068 1435 2113 solum
1458 2067 1623 2112 homini
1641 2076 1717 2111 aut

337 2138 503 2196 pecori,
528 2138 603 2181 sed
626 2139 756 2182 etiam
778 2138 929 2182 semini
957 2138 1108 2192 tritici,
1136 2147 1211 2182 aut
1243 2139 1422 2197 alicujus
1455 2147 1713 2183 caeterorum

337 2209 560 2268 quomodo
580 2208 766 2253 voluerit
792 2227 801 2253 ε
827 2223 882 2252 an
909 2223 1011 2254 vero
1039 2223 1220 2267 novam,
1252 2208 1362 2253 sicut
1384 2209 1516 2253 homo
1548 2209 1713 2268 primus

338 2280 527 2337 accepit,
552 2279 757 2323 insufflet.

394 2353 494 2394 XX.
524 2353 634 2395 Sunt
655 2351 785 2395 etiam
812 2351 887 2411 qui
913 2351 1006 2394 haec
1026 2351 1158 2395 verba
1187 2351 1438 2410 prophetica
1470 2351 1529 2395 sic
1555 2348 1715 2393 intelli-

336 2430 455 2479 gant,
480 2429 529 2464 ut
551 2420 670 2480 quod
691 2421 776 2466 ait:
801 2440 820 2464 «
844 2420 972 2466 Dedit
988 2421 1142 2466 flatum
1163 2421 1325 2481 populo
1342 2436 1472 2480 super
1493 2435 1611 2475 eam,
1629 2439 1649 2463 »
1667 2420 1713 2464 id

385 2527 394 2543 ¹
412 2522 487 2563 Job,
506 2533 613 2563 xxxin,
643 2524 661 2554 3
675 2523 771 2564 juxta
789 2525 885 2557 Lxx.
900 2541 941 2547 —-
959 2530 970 2546 ²
1000 2523 1071 2556 lsai.
1099 2534 1159 2556 xm
1172 2545 1180 2562 ,
1195 2523 1228 2557 5.
1246 2540 1286 2546 -
1303 2521 1316 2546 3
1335 2524 1441 2556 Forte
1458 2523 1570 2563 deest,
1588 2535 1606 2557 a
1631 2527 1710 2565 Deo,

335 2589 397 2612 non
414 2589 455 2612 ox
470 2579 642 2622 propagine
658 2579 737 2613 dari.
