1804 3205
323 207 375 234 nr.
407 204 694 234 mnnc‘rrorm
726 205 922 233 susri'rrae
956 201 1150 231 nominis.
1379 192 1427 231 31

53 276 161 317 ltem
181 271 299 331 apud
319 272 594 317 Salomonem
612 290 620 316 :
640 290 660 314 «
681 274 796 316 Bona
814 278 877 314 est
895 269 1150 321 substantia,
1176 268 1244 311 cui
1264 282 1349 311 non
1372 278 1435 312 est

52 360 74 384 υ
109 351 336 402 peccatum
358 343 622 388 conscientia
647 345 675 386 ¹.
702 359 721 383 »
744 345 852 386 {tem
871 340 958 385 illic
985 359 993 385 :
1019 357 1034 379 «
1063 342 1221 384 Avertc
1245 346 1286 383 te
1311 354 1334 383 a
1356 340 1435 382 dc-

51 430 72 454 »
108 412 228 467 licto,
255 421 299 458 et
327 412 461 470 dirige
487 428 657 466 manus,
686 421 729 457 ct
752 413 806 456 ab
835 412 955 456 omni
983 410 1144 454 delicto
1177 409 1341 454 munda
1363 424 1438 454 cor

54 502 76 526 n
111 487 278 529 tuum2.
300 501 320 525 »
341 487 449 528 Item
468 485 512 528 in
528 483 719 543 Epistola
737 483 931 536 sommis,
954 500 974 524 «
996 482 1039 526 Si
1054 496 1128 526 cor
1145 490 1341 526 nostrum
1361 495 1438 525 nos

54 572 75 596 n
111 569 200 599 non
226 553 537 614 reprehendat,
556 553 759 598 fiduciam
778 554 989 598 habemus
1008 552 1062 596 ad
1078 555 1232 606 Deum,
1258 559 1300 595 ct
1322 567 1439 610 qum—

54 641 76 666 »
111 639 302 684 cumque
331 626 594 684 petierimus,
627 625 886 684 accipiemus
917 624 971 667 ab
1001 637 1052 666 eo
1081 625 1111 666 ³.
1156 642 1173 662 η
1203 625 1295 666 Hoc
1325 622 1439 665 enim

52 696 195 755 agitur
216 695 444 740 voluntate
461 731 472 751 ,
495 695 714 740 credendo
729 730 739 750 ‚
765 694 995 755 sperando,
1020 693 1258 752 diligendo,
1283 707 1440 752 corpus

51 765 299 825 castigando
319 801 330 822 ‚
359 765 655 824 eleemosynas
684 765 905 820 faciendo,
937 765 1114 824 injurias
1148 764 1438 823 ignoscendo,

52 838 262 882 instanter
283 836 465 892 orando,
490 845 533 881 et
555 836 808 896 proficiendi
827 836 936 879 vires
955 834 1190 895 precando,
1218 835 1442 879 veraciter·

52 922 139 967 que
154 907 342 952 dicendo
361 926 371 953 ι
397 926 417 950 «
436 908 612 952 Dimitte
631 908 771 961 nobis,
793 907 903 950 sicut
919 915 962 950 et
980 921 1057 950 nos
1074 905 1331 949 dimittimus
1349 925 1361 961 ·,
1381 913 1440 958 et,

55 997 75 1021 «
92 981 154 1025 Ne
166 979 323 1023 inferas
336 993 413 1023 uos
426 979 469 1023 in
483 979 791 1032 tentationem,
805 976 877 1022 sed
890 977 1022 1020 libera
1039 991 1116 1020 nos
1130 992 1152 1019 a
1168 976 1297 1020 malo.
1315 995 1332 1017 «
1351 978 1444 1020 Hoc

52 1065 227 1109 prorsus
251 1051 409 1110 agitur,
435 1060 483 1094 ut
506 1065 580 1095 cor
603 1049 858 1104 mundetur,
889 1057 932 1092 et
955 1057 1182 1107 peccatum
1206 1061 1335 1092 omne
1360 1047 1444 1091 tol-

52 1121 168 1166 latur
189 1142 200 1179 3
225 1131 267 1166 et
289 1121 409 1182 quod
432 1137 502 1165 rex
521 1124 664 1181 justus
685 1157 695 1173 ,
721 1135 820 1165 cum
843 1121 888 1164 in
911 1120 1069 1164 throno
1090 1119 1275 1172 sederit,
1301 1118 1444 1163 occul-

57 1202 150 1238 tum
173 1193 384 1237 invenerit
400 1193 632 1253 minusque
649 1192 909 1236 mundatum
929 1227 939 1246 ,
959 1193 1051 1250 ejus
1071 1190 1357 1234 misericordia
1375 1205 1443 1233 rc-

56 1264 254 1308 mittatur
273 1285 284 1322 3
303 1273 351 1308 ut
370 1266 461 1308 Deo
482 1263 673 1308 videndo
694 1272 835 1308 totum
853 1277 1005 1306 sanum
1024 1260 1329 1320 mundumque
1352 1262 1446 1303 red-

55 1334 185 1380 datur
206 1354 215 1380 :
240 1353 260 1377 «
281 1334 503 1380 Judicium
527 1336 641 1379 enim
663 1336 752 1378 sine
771 1332 1078 1385 misericordia,
1098 1330 1173 1374 sed
1188 1330 1249 1374 illi
1267 1331 1340 1390 qui
1358 1347 1447 1374 non

59 1424 79 1447 »
114 1405 219 1450 fecit
247 1405 600 1451 misericordiam.
642 1402 941 1464 Superexaltat
971 1410 1117 1446 autem
1156 1400 1446 1444 misericordia

57 1493 78 1517 »
108 1475 313 1536 judicio⁴.
341 1494 361 1517 »
387 1475 515 1529 Quod
533 1475 565 1519 si
589 1489 676 1519 non
704 1483 829 1527 esset,
854 1488 953 1533 quae
973 1487 1067 1531 spes
1085 1472 1217 1515 esset?
1239 1470 1449 1523 Quando-

53 1546 231 1608 quidem
258 1565 278 1589 «
301 1562 401 1592 cum
425 1561 496 1591 rex
512 1547 654 1606 justus
676 1544 835 1590 sederit
855 1545 901 1588 in
924 1544 1099 1597 throno,
1122 1543 1219 1602 quis
1243 1542 1449 1600 gloriabi-

57 1635 78 1659 »
113 1626 184 1662 tur
210 1625 376 1662 castum
409 1632 453 1661 se
481 1616 641 1660 habere
673 1631 763 1669 cor,
795 1624 869 1659 aut
899 1615 995 1674 quis
1026 1613 1285 1672 gloriabitur
1315 1627 1447 1656 mun-

57 1705 80 1730 »
113 1687 220 1732 dum
242 1702 286 1732 se
306 1701 397 1732 esse
414 1702 436 1730 a
454 1688 663 1746 peccato?
683 1704 704 1727 n
731 1688 854 1730 Tunc
875 1699 979 1744 ergo
1003 1699 1079 1743 per
1098 1685 1190 1743 ejus
1212 1683 1450 1728 misericora

57 1758 173 1802 diam
195 1758 300 1818 justi
318 1757 447 1817 plene
465 1756 745 1818 perfecteque
763 1756 982 1810 mundati,
1004 1754 1237 1813 fulgebunt
1255 1754 1299 1797 in
1316 1768 1451 1813 regno

60 1831 196 1875 Patris
209 1830 276 1875 sui
294 1830 404 1875 sicut
427 1830 492 1874 sol
513 1832 543 1874 ⁵.

114 1902 297 1945 XXXV.
335 1903 457 1944 Tunc
479 1899 606 1958 plene
627 1907 758 1957 atque
785 1897 977 1956 perfecte
1002 1895 1083 1938 erit
1115 1893 1321 1948 Ecclesia,
1360 1909 1450 1939 non

57 1971 220 2015 habens
247 1969 463 2014 maculam
487 1978 562 2013 aut
590 1982 742 2026 rugam
768 1975 843 2011 aut
868 1964 1031 2025 aliquid
1055 1964 1322 2025 hujusmodi,
1347 1965 1450 2024 quia

60 2049 165 2085 tunc
182 2040 311 2084 etiam
335 2039 416 2083 erit
436 2053 531 2083 vere
554 2037 738 2097 gloriosa
757 2039 789 2080 ⁶.
811 2038 923 2081 Cum
942 2035 1057 2079 enim
1079 2049 1167 2078 non
1185 2043 1357 2078 tantum
1374 2034 1448 2088 ait,

63 2119 112 2155 ut
133 2110 356 2155 exhiberet
381 2110 463 2154 sibi
490 2108 725 2154 Ecclesiam
753 2123 840 2152 non
868 2107 1104 2150 habentem
1132 2105 1348 2150 maculam
1377 2114 1453 2149 aut

61 2197 231 2241 rugam,
256 2181 331 2226 sed
357 2180 540 2236 addidit,
566 2180 826 2239 gloriosam:
852 2178 951 2222 satis
974 2177 1247 2235 significavit,
1274 2176 1452 2235 quando

63 2252 142 2297 erit
165 2253 256 2297 sine
277 2251 450 2296 macula
471 2260 514 2295 et
537 2266 643 2309 ruga
668 2258 744 2294 aut
764 2249 910 2307 aliquo
933 2248 1183 2307 hujusmodi
1209 2266 1218 2290 :
1243 2256 1350 2290 tunc
1371 2246 1454 2290 uti-

62 2339 148 2384 que
171 2322 348 2384 quando
371 2322 570 2382 gloriosa.
598 2323 696 2368 Non
717 2321 832 2365 enim
854 2318 987 2364 modo
1007 2319 1054 2362 in
1078 2318 1209 2362 tantis
1228 2317 1355 2362 malis
1371 2352 1383 2373 ,
1406 2319 1454 2361 in

62 2394 192 2439 tantis
213 2393 424 2440 scandalis
439 2427 451 2448 ,
476 2393 521 2437 in
544 2400 663 2437 tanta
685 2390 973 2451 permixtione
993 2389 1227 2434 hominum
1252 2387 1453 2447 pessimo-

110 2497 122 2517 '
137 2495 235 2529 Eccli.
255 2506 325 2536 xm,
345 2496 400 2528 30.
414 2510 456 2517 —-
471 2500 484 2517 ²
504 2494 551 2526 Id.
574 2502 706 2532 xxxviii,
729 2502 839 2525 10.-—
854 2490 868 2514 3
892 2501 901 2523 ι
925 2492 1014 2523 Joan.
1045 2490 1091 2527 ni,
1110 2498 1164 2523 21.
1186 2506 1227 2514 -
1244 2487 1259 2517 4
1279 2487 1393 2522 Jacob.
1413 2499 1452 2529 11,

69 2552 121 2586 13.
136 2570 178 2578 —
192 2550 207 2576 ⁵
225 2552 345 2586 Matth.
367 2562 434 2593 1111,
456 2550 510 2592 45.
525 2547 591 2575 ...6
609 2548 725 2591 Ephes.
745 2558 780 2589 v,
796 2555 851 2589 27.
