1784 3205
351 222 432 261 320
778 229 809 259 5.
848 229 1075 260 Aucus'nm
1110 230 1287 261 Erlseom

353 319 372 340 »
399 297 575 343 tradidit
593 299 790 357 spiritum
813 301 821 322 ¹
849 318 857 341 ;
882 316 901 338 »
922 298 998 341 ubi
1017 307 1060 341 et
1079 299 1219 341 anima
1240 312 1410 342 necesse
1430 306 1492 340 est
1512 297 1727 355 intelli-ga-

350 379 434 413 tur.
448 373 504 414 Et
519 378 754 429 utrumque
767 368 895 412 unius
907 383 995 412 esse
1011 368 1277 413 substantiae.
1298 372 1408 412 Puto
1423 367 1542 428 quod
1556 369 1730 427 istajam

348 441 525 485 sciebas.
555 441 597 485 Si
626 449 770 484 autem
794 440 1010 484 nesciebas
1032 475 1041 495 ,
1068 455 1155 484 non
1178 449 1220 484 te
1243 439 1407 499 aliquid
1430 440 1550 498 quod
1573 454 1731 497 magno

348 511 541 571 periculo
562 513 767 565 nescitur,
794 510 990 555 didicisse
1010 512 1128 555 scias.
1149 514 1204 554 Et
1226 511 1258 555 si
1279 510 1386 570 quid
1408 510 1509 554 hinc
1529 509 1731 554 subtilius

347 582 660 641 disputandum
683 591 761 636 est,
791 581 944 626 melius
973 598 1071 626 cum
1096 583 1189 641 ipso
1215 582 1372 640 agitur,
1399 582 1520 640 cujus
1536 582 1623 640 jam
1650 597 1730 625 110-

349 653 487 696 vimus
511 663 554 696 et
578 653 801 712 eloquium
830 672 838 696 :
866 662 1012 696 utrum
1037 668 1135 697 cum
1161 653 1319 696 dicitur
1341 652 1498 705 anima,
1523 653 1580 695 ita
1603 660 1651 694 ut
1673 652 1730 694 si-

348 724 439 766 mul
462 723 729 782 intelligatur
747 733 788 767 et
811 723 1005 782 spiritus,
1033 733 1270 781 utrumque
1291 722 1432 766 anima
1454 722 1531 776 sit,
1559 722 1730 780 spiritus

347 802 492 836 autem
522 794 685 852 aliquid
713 794 868 838 animae
896 794 964 848 sit,
1000 809 1070 848 an,
1105 794 1214 837 sicut
1246 794 1285 836 ei
1311 793 1449 837 visum
1477 801 1539 835 est
1561 808 1582 835 a
1612 802 1731 851 parte

348 872 486 907 totum
511 863 752 923 appelletur
774 865 857 908 1100
882 865 1056 908 1101111110
1080 883 1087 908 ;
1118 864 1205 907 sive
1229 864 1357 907 ctiam
1382 872 1618 921 utrumque
1640 862 1730 921 spi-

348 934 453 978 ritus
471 935 551 989 sit,
575 950 671 993 pars
692 950 794 979 vero
813 936 903 994 ejus
923 935 976 978 sit
994 951 1092 995 quae
1110 936 1281 994 proprie
1300 935 1458 978 dicitur
1480 935 1620 977 anima
1639 954 1649 990 3
1678 950 1730 977 an

347 1013 389 1048 et
410 1005 494 1049 hoc
517 1021 539 1048 a
562 1014 683 1064 parte
706 1015 847 1049 totum
868 1015 1062 1061 vocetur,
1089 1005 1265 1066 quando
1287 1006 1343 1049 ita
1365 1005 1523 1063 dicitur
1539 1005 1728 1064 spiritus,

348 1084 397 1118 ut
418 1075 547 1118 simul
569 1075 836 1134 intelligatur
858 1085 900 1120 et
924 1077 1066 1119 anima
1091 1095 1099 1120 :
1123 1077 1180 1119 510
1204 1076 1318 1120 enim
1342 1077 1440 1119 huic
1460 1075 1615 1134 placet.
1644 1078 1728 1118 Ve-

347 1159 443 1187 rum
462 1146 556 1199 ista,
577 1155 626 1189 ut
644 1146 747 1200 dixi,
771 1156 813 1190 et
834 1146 1051 1190 subtiliter
1075 1145 1360 1200 disseruntur,
1382 1155 1424 1189 et
1446 1145 1536 1189 sine
1555 1144 1645 1189 ullo
1662 1145 1730 1187 vel

346 1224 461 1258 certe
483 1216 573 1258 sine
595 1231 755 1274 magno
778 1216 972 1274 periculo
995 1217 1266 1260 nesciuntur.

404 1288 482 1328 tlt.
522 1289 719 1345 Itemque
749 1287 854 1331 alios
885 1302 975 1330 esse
1006 1287 1220 1345 corporis,
1262 1285 1366 1329 alios
1396 1294 1543 1329 autem
1576 1285 1731 1328 animae

344 1370 507 1410 sensus,
533 1356 665 1400 miror
686 1357 717 1399 si
740 1357 818 1400 iste
840 1366 882 1400 te
897 1356 1071 1413 docuit,
1093 1366 1135 1400 et
1152 1365 1200 1400 tu
1216 1356 1348 1399 homo
1366 1354 1411 1399 id
1430 1355 1567 1399 aetatis
1585 1364 1628 1399 et
1646 1356 1723 1399 ho-

346 1426 477 1480 noris,
505 1435 736 1486 antequam
761 1427 890 1471 istum
914 1426 1100 1481 audires,
1128 1441 1266 1470 unum
1302 1435 1432 1485 atque
1456 1425 1572 1469 idem
1600 1434 1731 1484 puta-

345 1496 420 1540 bas
441 1511 546 1550 esse,
573 1512 661 1556 quo
686 1496 835 1540 album
859 1497 1123 1557 nigrumque
1142 1495 1417 1551 discernitur,
1438 1495 1558 1556 quod
1580 1496 1728 1540 nobis·

345 1581 445 1609 cum
469 1565 616 1609 vident
638 1567 767 1610 etiam
794 1581 1005 1625 passeres,
1025 1576 1067 1610 et
1085 1582 1172 1627 quo
1190 1568 1354 1626 justum
1373 1576 1503 1626 atque
1521 1567 1728 1626 injustum

345 1635 625 1695 dijudicatur,
652 1636 772 1697 quod
793 1636 973 1681 videbat
990 1637 1161 1691 Tobias,
1182 1638 1311 1681 etiam
1329 1638 1467 1681 carnis
1484 1637 1727 1680 luminibus

347 1706 568 1764 perditis‘2.
600 1709 692 1750 Hoc
714 1707 746 1750 51
763 1708 821 1750 ita
840 1717 918 1761 est,
944 1707 1141 1766 profecto
1160 1706 1337 1767 quando
1360 1708 1563 1751 audiebas
1581 1706 1649 1751 vel
1662 1706 1728 1750 le-

344 1776 490 1833 gebas,
519 1796 538 1818 «
565 1776 768 1821 Illumina
791 1777 939 1821 oculos
956 1792 1090 1832 meos,
1110 1793 1164 1821 ne
1178 1792 1374 1836 unquam
1396 1776 1667 1821 obdormiam
1683 1777 1727 1819 in

346 1865 365 1887 »
388 1855 572 1890 mortem
587 1848 601 1872 ³
625 1866 634 1891 ι
663 1865 682 1887 »
710 1862 799 1891 11011
818 1847 898 1891 11151
920 1847 1060 1891 carnis
1072 1847 1220 1892 oculos
1235 1847 1471 1906 cogitabas.
1497 1850 1581 1890 Aut
1596 1847 1629 1891 si
1645 1848 1727 1890 1100

343 1918 578 1962 obscurum
599 1926 677 1972 est,
699 1927 816 1962 certe
838 1917 1017 1977 quando
1035 1917 1144 1962 illud
1161 1917 1353 1976 Apostoli
1377 1917 1610 1971 recolebas,
1633 1936 1652 1958 «
1674 1915 1728 1960 Il-

345 2005 366 2029 »
387 1987 622 2032 luminatos
649 1988 797 2033 oculos
832 1988 973 2032 cordis
1003 1989 1158 2033 vestri4
1194 2008 1201 2032 ε
1241 2007 1260 2030 »
1298 2003 1375 2033 1105
1399 1989 1480 2032 sub
1509 1988 1653 2032 fronte
1683 1996 1727 2030 et

342 2071 470 2114 supra
492 2058 649 2101 buccas
667 2072 741 2101 cor
761 2058 919 2102 habere
944 2058 1164 2102 credebas.
1185 2058 1308 2103 Absit
1329 2067 1377 2102 ut
1394 2057 1448 2102 de
1471 2066 1512 2101 te
1527 2058 1610 2102 hoc
1628 2072 1725 2101 sen-

346 2127 461 2170 tiam.
481 2129 632 2186 Neque
647 2128 731 2171 hoc
747 2136 789 2171 te
809 2127 939 2185 igitur
956 2129 1034 2172 iste
1050 2128 1213 2172 docuit.

400 2199 474 2240 IV.
511 2200 568 2241 At
587 2197 621 2241 si
650 2196 762 2241 forte
790 2207 889 2242 ante
920 2198 1049 2257 hujus
1074 2198 1338 2252 doctrinam,
1371 2213 1499 2257 quam
1524 2197 1656 2241 modo
1684 2206 1725 2241 te

341 2267 555 2311 invenisse
576 2266 749 2323 lactaris,
773 2268 927 2312 animae
942 2277 1140 2313 naturam
1161 2268 1236 2312 Dei
1254 2268 1437 2328 putabas
1459 2282 1549 2312 esse
1565 2268 1725 2326 portio-

341 2353 442 2382 nem
464 2358 472 2383 :
492 2340 576 2383 hoc
598 2339 728 2398 plane
753 2355 853 2384 cum
881 2340 1100 2385 horrendo
1123 2340 1315 2399 periculo
1337 2340 1496 2385 falsum
1525 2355 1613 2384 esse
1645 2355 1722 2383 ne-

341 2408 518 2452 sciebas.
540 2412 596 2453 Et
617 2410 650 2453 51
672 2410 726 2453 ab
747 2410 828 2454 isto
845 2409 1047 2466 didicisti,
1073 2410 1192 2470 quod
1213 2411 1353 2454 anima
1376 2411 1519 2470 portio
1542 2411 1618 2454 Dei
1635 2425 1722 2455 11011

341 2478 425 2536 sit,
450 2495 528 2538 age
548 2483 636 2524 Deo
657 2482 813 2538 gratias
840 2491 1024 2541 quantas
1050 2490 1197 2541 potes,
1223 2482 1341 2541 quod
1370 2497 1460 2526 non
1488 2490 1721 2541 antequam

389 2569 396 2584 ¹
419 2565 496 2595 Joan
536 2575 601 2605 xix,
621 2564 671 2596 30.
688 2581 729 2587 —-
746 2572 758 2589 ²
775 2565 891 2603 Tobiae,
913 2578 957 2599 iv.
972 2583 1013 2589 —
1031 2564 1043 2589 3
1060 2566 1139 2599 Psal.
1160 2565 1318 2608 Χ11,4.-
1332 2565 1348 2597 l,
1370 2566 1483 2607 Ephes,
1503 2577 1526 2606 ι,
1548 2565 1597 2598 18.
