1784 3205
320 261 400 301 196
758 267 790 297 s.
827 268 1057 296 Amisum
1092 268 1268 296 eviscovi

314 354 363 383 cx
382 336 586 382 membris
605 335 789 380 hominis
812 333 939 393 primi
959 334 1002 377 in
1024 333 1217 377 membra
1241 333 1500 377 transierant
1520 333 1695 388 Christi,

308 408 384 453 sed
400 406 595 452 infideles
612 414 809 466 parentes
833 404 887 447 de
910 402 1074 447 infideli
1096 402 1218 462 prole
1241 403 1506 462 glorientur,
1532 402 1698 447 etiamsi

310 488 427 525 tanta
450 479 500 523 sit
524 478 812 531 observantia,
840 485 887 520 ut
909 475 1151 519 secundum
1172 473 1509 519 matrimoniales
1527 474 1698 519 tabulas

309 566 399 595 non
429 550 509 594 nisi
542 549 777 593 liberorum
814 545 1183 606 procreandorum
1215 560 1342 590 causa
1371 544 1694 601 concumbant,

309 637 398 667 non
421 630 484 666 est
506 621 551 664 in
577 621 635 664 eis
656 635 754 664 vera
776 618 985 678 pudicitia
1002 616 1253 677 conjugalis.
1280 618 1393 661 Cum
1417 616 1532 660 enim
1564 615 1698 660 virtus

309 693 363 735 sit
403 690 612 750 pudicitia
634 725 644 745 ,
689 690 758 734 cui
800 690 955 733 vitium
993 688 1260 733 contrarium
1294 696 1358 731 est
1395 685 1695 746 impudicitia,

307 775 545 821 omnesque
576 761 757 804 virtutes
788 759 916 804 etiam
946 775 1045 819 quae
1073 774 1150 817 per
1184 772 1340 817 corpus
1372 766 1623 816 operantur,
1654 757 1700 800 in

310 832 453 876 animo
479 831 705 887 habitent,
735 829 957 891 quomodo
981 845 1082 874 vera
1109 829 1276 874 ratione
1306 828 1514 888 pudicum
1543 843 1699 888 corpus

310 903 525 957 asseritur,
567 900 805 961 quando‘a
843 917 945 945 vero
979 903 1068 945 Deo
1107 900 1198 960 ipsc
1239 900 1406 944 animus
1434 899 1700 944 fornicatur?

309 976 451 1026 Quam
480 961 811 1017 fornicationem
846 980 1018 1015 sanctus
1052 970 1124 1014 ille
1162 970 1356 1014 Psalmus
1393 979 1590 1025 accusat,
1622 969 1699 1014 ubi

308 1043 414 1088 dicit
444 1063 453 1088 ς
485 1062 504 1085 «
530 1046 643 1088 Ecce
667 1044 782 1086 enim
812 1044 888 1102 qui
912 1042 1041 1101 longe
1064 1057 1107 1085 se
1134 1041 1301 1086 faciunt
1328 1057 1350 1086 a
1378 1051 1442 1095 te,
1474 1041 1697 1101 peribunt,

310 1132 330 1155 »
357 1113 583 1173 perdidisti
608 1128 783 1158 omnem
805 1114 880 1173 qui
907 1112 1147 1157 fornicatur
1168 1112 1244 1157 abs
1269 1121 1313 1156 te
1330 1115 1359 1155 1.
1388 1130 1409 1153 κ)
1436 1115 1549 1156 Vera
1570 1111 1701 1170 igitur
1766 1159 1770 1161 μ

305 1185 541 1243 pudicitia,
574 1185 661 1228 sive
690 1184 948 1243 conjugalis,
981 1184 1068 1229 sive
1102 1183 1314 1238 vidualis,
1357 1184 1445 1228 sive
1482 1182 1700 1241 virginalis

306 1255 490 1299 dicenda
519 1270 607 1299 non
637 1264 722 1309 est,
755 1255 835 1298 nisi
863 1270 962 1315 quae
990 1270 1103 1299 verae
1133 1254 1234 1298 fidei
1266 1254 1553 1313 mancipatur.
1587 1255 1700 1299 Cum

307 1326 422 1369 enim
445 1334 563 1369 recto
583 1323 745 1384 judicio
778 1324 1034 1383 praeferatur
1058 1325 1219 1383 nuptiis
1250 1333 1414 1369 sacrata
1441 1324 1663 1383 virginitas
1685 1344 1696 1382 3

304 1396 401 1455 quis
434 1411 524 1439 non
558 1395 701 1439 sobria
731 1403 876 1438 mente
904 1395 1175 1439 Christianus
1214 1395 1344 1439 etiam
1382 1410 1472 1440 non
1507 1394 1699 1439 univiras

305 1467 569 1512 Christianas
593 1466 827 1511 catholicas
855 1476 1014 1526 nuptas
1030 1501 1040 1521 ,
1067 1482 1157 1511 non
1184 1467 1325 1511 solum
1347 1467 1599 1522 vestalibus,
1623 1465 1700 1511 sed

306 1538 437 1582 etiam
454 1537 667 1581 haereticis
684 1537 925 1594 virginibus
944 1538 1210 1596 anteponat?
1228 1540 1417 1581 Tantum
1436 1537 1551 1582 valet
1566 1536 1672 1582 fides
1685 1571 1696 1592 ‚

305 1608 359 1652 de
389 1625 475 1668 qua
504 1607 609 1652 dicit
637 1607 902 1667 Apostolus:
929 1627 946 1649 «
974 1608 1115 1651 Omne
1143 1607 1263 1668 quod
1292 1624 1382 1652 non
1419 1617 1482 1652 est
1517 1624 1569 1652 ex
1592 1607 1696 1662 fide,

265 1690 269 1692 ·
307 1698 326 1720 »
364 1688 590 1738 peccatum
614 1688 677 1723 est
695 1682 733 1723 2:
760 1697 778 1719 υ
810 1688 853 1722 et
881 1680 935 1722 de
963 1695 1050 1739 qua
1072 1679 1177 1723 item
1201 1679 1409 1738 scriptum
1439 1687 1503 1723 est
1524 1678 1579 1723 ad
1603 1681 1701 1723 Hae-

304 1751 469 1795 braeos:
494 1769 513 1792 «
540 1750 639 1795 Sine
662 1750 747 1793 fide.
762 1750 1027 1808 impossibile
1051 1759 1113 1794 est
1132 1748 1302 1809 placere
1324 1753 1412 1794 Deo
1436 1751 1466 1793 ³.
1496 1767 1516 1791 »

363 1825 437 1866 VI.
465 1825 573 1874 Quae
596 1836 696 1865 cum
720 1821 778 1865 ita
802 1821 913 1877 sint,
940 1820 1136 1880 profecto
1165 1830 1331 1876 errant,
1357 1821 1432 1881 qui
1455 1836 1555 1865 cum
1579 1821 1698 1865 vitu-

306 1902 481 1952 peratur
501 1891 639 1936 libido
656 1891 838 1936 carnalis
859 1927 869 1946 ,
891 1892 1089 1936 damnari
1107 1893 1281 1952 nuptias
1298 1893 1550 1952 opinantur,
1576 1892 1698 1952 quasi

306 1963 482 2007 morbus
503 1962 583 2006 iste
607 1962 662 2006 de
690 1962 913 2006 connubio
942 1963 1011 2017 sit,
1040 1978 1128 2008 non
1149 1963 1203 2007 de
1229 1973 1422 2022 peccato.
1454 1965 1610 2008 Nonne
1634 1962 1697 2006 illi

305 2035 510 2093 conjuges
533 2032 682 2091 primi,
708 2048 895 2092 quorum
925 2033 1097 2092 nuptias
1122 2033 1344 2078 benedixit
1371 2037 1484 2078 Deus
1510 2034 1657 2078 dicens
1684 2052 1695 2079 ε

310 2122 330 2144 «
365 2103 576 2157 Crescite,
597 2111 640 2146 et
658 2102 1026 2161 multiplicamini,
1048 2102 1156 2146 nudi
1175 2113 1320 2158 erant,
1341 2114 1384 2148 et
1402 2119 1491 2149 non
1507 2103 1697 2148 confun-

308 2190 328 2214 »
365 2172 646 2216 debantur4‘?
672 2189 691 2213 »
723 2173 812 2216 Cur
835 2187 937 2230 ergo
966 2187 1016 2215 ex
1043 2171 1126 2215 illis
1155 2173 1360 2217 membris
1381 2172 1579 2218 confusio
1600 2183 1698 2233 post

305 2253 550 2303 peccatum,
562 2243 650 2303 [nisi
666 2243 768 2302 quia
785 2243 923 2286 extitit
938 2242 1025 2286 illic
1042 2243 1246 2288 indecens
1264 2245 1594 2304 motus,'quem,
1615 2246 1697 2290 nisi

304 2314 503 2358 homines
524 2322 794 2372 peccassent,
821 2312 974 2372 procul
997 2312 1133 2358 dubio
1157 2316 1322 2374 nuptiae
1344 2331 1433 2360 non
1454 2316 1697 2360 haberent?

304 2387 373 2427 An
401 2383 530 2438 forte,
563 2384 673 2428 sicut
704 2382 882 2443 quidam
915 2383 1174 2439 existimant,
1207 2385 1310 2445 quia
1337 2385 1383 2430 id
1407 2385 1524 2446 quod
1543 2386 1697 2445 legunt

304 2469 458 2514 parum
479 2452 707 2511 diligenter
722 2452 972 2508 advertunt,
997 2455 1100 2498 caeci
1122 2455 1254 2499 creati
1276 2465 1400 2500 erant
1419 2457 1537 2517 prius
1554 2457 1695 2502 homi«

353 2563 363 2579 1
389 2555 588 2599 Psal.1.xxu‚
608 2564 663 2598 27.
679 2571 720 2579 —
737 2562 749 2580 ²
768 2557 858 2589 Rom.
879 2566 946 2598 xlv,
965 2557 1020 2590 23.
1038 2573 1079 2582 ·-
1097 2555 1110 2582 3
1128 2556 1228 2590 liebr.
1249 2568 1293 2599 11,
1312 2556 1347 2591 6.
1363 2556 1434 2589 -4
1458 2567 1477 2593 2
1496 2561 1576 2595 Gen.
1595 2570 1619 2602 ι,
1638 2562 1692 2593 28.

305 2609 372 2637 -3
391 2611 439 2647 Id.
459 2622 496 2654 n,
516 2611 571 2647 25.
