1784 3205
351 205 429 245 114
778 219 809 242 s.
847 214 1075 242 Aretsaffli
1109 213 1288 239 El’lscom

343 297 422 341 pro
452 281 590 326 libero
612 280 790 324 arbitrio
806 314 817 335 ‚
840 280 903 322 his
931 277 1109 322 omnino
1131 276 1273 321 verbis
1308 273 1535 333 diligenter
1553 289 1724 333 expres-

343 368 463 407 sum,
488 367 576 411 quo
599 351 680 395 tria
704 351 784 395 ista
799 385 809 405 ,
835 363 973 393 unum
995 347 1115 408 quod
1142 355 1206 391 est
1227 361 1349 405 posse
1364 380 1375 401 ‚
1400 345 1584 389 alterum
1605 344 1725 404 quod

342 432 405 468 est
427 422 537 467 velle
557 457 568 478 ‚
591 422 769 467 tertium
798 419 918 481 quod
947 427 1009 463 est
1037 433 1128 463 esse
1147 453 1159 472 ,
1184 416 1229 461 id
1253 426 1338 472 est,
1366 415 1692 476 possibilitatem
1711 450 1722 470 ,

341 494 611 539 voluntatem
629 529 640 549 ,
671 493 886 538 actionem
908 526 919 547 ,
959 499 1076 535 tanta
1103 489 1271 534 curavit
1301 488 1541 532 subtilitate
1569 486 1726 532 distin-

344 580 500 623 guere,
526 573 576 608 ut
592 563 962 624 quandocumque
983 560 1189 619 legimus,
1223 558 1291 604 vel
1321 559 1544 613 audimus,
1569 557 1728 602 divinae

344 636 490 693 gratiae
509 635 774 696 adjutorium
787 633 998 688 confiteri,
1019 641 1068 676 ut
1091 649 1114 676 a
1135 631 1247 675 malo
1261 630 1528 675 declinemus
1547 630 1730 674 bonum·

343 721 428 764 que
452 705 659 750 faciamus
680 741 691 760 ‚
715 707 802 750 sive
820 705 866 748 in
887 708 1000 762 Lege
1023 712 1153 762 atque
1176 702 1374 746 doctrina
1391 737 1401 756 ‚
1432 703 1519 745 sive
1550 700 1734 745 ubilibet

345 776 606 830 constituat,
636 777 817 820 sciamus
846 772 954 834 quid
986 772 1213 833 loquitur,
1245 789 1324 816 nec
1357 787 1548 816 erremus
1569 805 1580 826 ,
1612 770 1734 814 aliter

344 861 443 890 eum
478 845 765 905 intelligendo
799 859 932 905 quam
968 844 1113 887 sentit.
1144 843 1260 888 Scire
1295 843 1458 902 quippe
1491 841 1731 896 debemus,

343 916 464 976 quod
490 933 569 962 nec
595 917 866 962 voluntatem
891 924 1097 969 nostram,
1122 929 1200 957 nec
1243 913 1461 958 actionem
1491 911 1640 957 divino
1653 910 1732 956 ad-

338 989 482 1048 juvari
510 988 648 1034 credit
680 987 859 1043 auxilio,
893 987 968 1031 sed
1003 985 1139 1031 solam
1169 984 1499 1044 possibilitatem
1527 984 1733 1029 volunta-

346 1060 398 1103 tis
433 1069 563 1119 atque
593 1061 754 1119 operis,
785 1073 917 1118 quam
949 1057 1083 1102 solam
1122 1056 1166 1100 in
1194 1057 1257 1100 his
1288 1057 1427 1101 tribus
1464 1071 1541 1100 nos
1575 1056 1736 1099 habere

347 1130 535 1175 affirmat
558 1146 609 1174 ex
630 1134 718 1174 Deo
737 1165 747 1185 ‚
770 1139 979 1189 tanquam
1004 1129 1086 1173 hoc
1116 1128 1169 1171 sit
1198 1126 1420 1172 infirmum
1438 1162 1448 1182 ‚
1475 1126 1595 1187 quod
1622 1129 1736 1170 Deus

347 1200 437 1258 ipse
456 1201 599 1259 posuit
620 1202 665 1244 in
693 1209 877 1257 natura3
906 1207 1061 1244 caetera
1090 1214 1193 1243 vero
1220 1197 1309 1242 duo
1337 1215 1437 1259 quae
1469 1208 1615 1242 nostra
1645 1212 1738 1242 esse

351 1271 518 1325 voluit,
560 1271 618 1314 ita
655 1271 738 1314 sint
760 1272 910 1324 firma,
942 1279 985 1313 et
1009 1269 1134 1314 fortia
1153 1304 1164 1324 ‚
1191 1279 1234 1313 et
1266 1269 1347 1314 sibi
1377 1269 1658 1322 sufficientia,
1689 1276 1738 1312 ut

349 1341 471 1386 nullo
503 1342 728 1400 indigeant
749 1343 841 1401 ejus
864 1340 1026 1386 auxilio
1051 1362 1062 1398 3
1095 1350 1139 1385 et
1165 1341 1263 1385 ideo
1286 1357 1375 1385 non
1403 1340 1576 1400 adjuvet
1604 1349 1654 1384 ut
1666 1355 1737 1384 ve·

348 1411 498 1466 limus,
521 1427 610 1456 non
634 1413 810 1471 adjuvet
832 1420 881 1455 ut
902 1426 1080 1470 agamus
1096 1445 1106 1465 ‚
1132 1411 1207 1454 sed
1234 1410 1542 1455 tantummodo
1563 1410 1739 1470 adjuvet

351 1491 400 1534 ut
424 1481 533 1525 velle
570 1491 614 1526 et
645 1497 771 1542 agere
808 1481 1042 1526 valeamus.
1083 1483 1244 1526 Contra
1284 1490 1430 1525 autem
1463 1481 1697 1541 Apostolus
1727 1499 1736 1525 ι

356 1570 376 1594 «
405 1554 518 1597 Cum
539 1552 717 1608 timore,
747 1553 911 1612 inquit,
937 1560 1184 1596 ettremore
1213 1560 1398 1596 vestram
1421 1552 1613 1610 ipsorum
1635 1566 1739 1610 ope-

357 1641 377 1664 »
410 1624 564 1668 ramini
584 1623 768 1667 salutem
790 1626 820 1666 ¹.
848 1642 867 1665 »
891 1626 946 1668 Et
973 1632 1021 1668 ut
1046 1623 1203 1667 scirent
1223 1658 1233 1678 ‚
1259 1622 1361 1682 quia
1383 1638 1471 1667 non
1495 1632 1668 1667 tantum
1694 1622 1740 1665 in

352 1710 403 1739 eo
426 1696 547 1755 quod
570 1695 738 1754 operari
763 1695 954 1754 possint,
979 1695 1090 1752 (hoc
1113 1694 1229 1738 enim
1250 1695 1294 1738 in
1323 1703 1480 1738 natura
1502 1703 1546 1738 et
1566 1694 1611 1738 in
1635 1694 1741 1738 doc·

353 1766 465 1810 trina
489 1768 579 1826 jam
601 1775 857 1824 acceperant
882 1787 892 1823 3
917 1768 933 1823 )
963 1767 1038 1810 sed
1059 1766 1187 1810 etiam
1217 1766 1262 1809 in
1285 1781 1336 1810 eo
1356 1765 1476 1825 quod
1506 1775 1743 1825 operantur

354 1837 560 1882 divinitus
573 1837 852 1896 adjuvantur,
869 1853 958 1882 non
972 1838 1029 1882 ait
1046 1856 1085 1882 2«
1098 1841 1212 1881 Deus
1230 1846 1294 1882 est
1311 1839 1427 1881 enim
1444 1838 1521 1898 qui
1539 1847 1742 1898 operatur

358 1926 378 1949 »
399 1909 443 1952 in
464 1908 586 1952 vobis
604 1923 726 1967 posse
746 1943 756 1963 ‚
776 1917 984 1968 tanquam
1004 1908 1085 1968 ipsi
1099 1910 1189 1968 jam
1215 1917 1258 1952 et
1279 1908 1391 1953 velle
1413 1919 1456 1953 et
1477 1909 1645 1967 operari
1666 1922 1743 1967 per

358 1996 378 2019 »
400 1993 443 2022 se
471 1978 584 2036 ipsos
611 1979 862 2034 113116311ῐῖ,
894 1996 912 2020 »
940 1994 1019 2022 nec
1046 1980 1091 2022 in
1114 1979 1178 2022 his
1202 1979 1376 2023 duobus
1409 1978 1626 2038 adjutorio
1652 1979 1743 2038 ejus

356 2047 580 2107 indigeant
596 2049 695 2107 3sed
715 2049 774 2094 ait
792 2069 800 2094 ε
822 2053 971 2094 «Deus
987 2050 1103 2093 enim
1119 2059 1181 2093 est
1198 2050 1273 2109 qui
1286 2059 1490 2109 operatur
1507 2050 1553 2094 in
1567 2050 1688 2095 vobis
1701 2059 1744 2095 et

360 2118 502 2164 »velle
517 2130 559 2164 et
574 2121 803 2179 perficere3
820 2119 886 2164 vel
898 2120 1009 2164 sicut
1020 2121 1066 2163 in
1083 2119 1176 2164 aliis
1190 2129 1232 2164 et
1248 2121 1431 2164 maxime
1446 2122 1605 2166 Graecis
1627 2121 1744 2165 codi-

359 2209 379 2233 »
392 2191 513 2235 cibus
526 2191 700 2250 legitur,
713 2200 756 2236 et
767 2191 879 2235 vcllc
897 2200 938 2235 et
947 2192 1114 2250 operari
1125 2192 1155 2235 3.
1167 2190 1348 2236 »Videte
1361 2193 1394 2236 si
1417 2208 1505 2236 non
1514 2191 1746 2252 Apostolus

359 2262 506 2320 gratiae
535 2263 612 2305 Dei
636 2261 806 2307 futuros
838 2261 1103 2307 adversarios
1131 2271 1279 2306 sancto
1305 2263 1467 2321 Spiritu
1500 2272 1621 2306 tanto
1643 2272 1744 2307 ante

357 2330 581 2390 praevidit,
603 2341 646 2376 et
666 2333 760 2376 haec
783 2332 889 2387 duc,
915 2331 959 2375 id
978 2341 1056 2387 est,
1081 2340 1124 2375 et
1152 2331 1263 2376 velle
1280 2341 1322 2375 et
1338 2334 1521 2391 operari,
1547 2348 1646 2392 quae
1663 2333 1743 2377 iste

356 2403 416 2446 ita
452 2411 598 2446 nostra
631 2418 721 2447 esse
742 2404 909 2457 voluit,
937 2411 1146 2462 tanquam
1172 2404 1261 2462 ipsa
1284 2403 1443 2448 divinae
1474 2404 1622 2463 gratiae
1653 2419 1744 2449 non

358 2474 620 2534 adjuventur
638 2475 812 2520 auxilio.
840 2479 977 2519 Deum
1000 2476 1045 2518 in
1069 2475 1194 2519 nobis
1218 2474 1326 2519 dixit
1348 2477 1532 2535 operari.

409 2566 417 2579 ¹
441 2559 552 2600 Philip.
579 2569 613 2599 11,
639 2569 686 2590 12.
703 2577 737 2583 -
758 2568 769 2582 2
790 2561 869 2593 lbid.
895 2561 943 2593 13.
959 2579 998 2584 -—
1016 2559 1085 2592 3'1‘0
1109 2561 1246 2605 ἐνεργεῖν.
