<?xml version="1.0" encoding="UTF-8"?>
<!DOCTYPE html PUBLIC "-//W3C//DTD XHTML 1.0 Transitional//EN"
    "http://www.w3.org/TR/xhtml1/DTD/xhtml1-transitional.dtd">
<html xmlns="http://www.w3.org/1999/xhtml" xml:lang="en" lang="en">
 <head>
  <title>
</title>
<meta http-equiv="Content-Type" content="text/html;charset=utf-8" />
  <meta name='ocr-system' content='tesseract 3.04.00' />
  <meta name='ocr-capabilities' content='ocr_page ocr_carea ocr_par ocr_line ocrx_word'/>
</head>
<body>
  <div class='ocr_page' id='page_1' title='image "./operaomniaaccura34auguuoft/operaomniaaccura34auguuoft_0278.png"; bbox 0 0 1784 3205; ppageno 0'>
   <div class='ocr_carea' id='block_1_1' title="bbox 286 239 1237 278">
    <p class='ocr_par' dir='ltr' id='par_1_1' title="bbox 286 239 1237 278">
     <span class='ocr_line' id='line_1_1' title="bbox 286 239 1237 278; baseline 0 -1"><span class='ocrx_word' id='word_1_1' title='bbox 286 239 368 277; x_wconf 76' lang='lat'>268</span> <span class='ocrx_word' id='word_1_2' title='bbox 725 254 757 277; x_wconf 87' lang='lat' dir='ltr'>s.</span> <span class='ocrx_word' id='word_1_3' title='bbox 796 248 836 276; x_wconf 73' lang='lat' dir='ltr'>At</span> <span class='ocrx_word' id='word_1_4' title='bbox 853 250 1023 277; x_wconf 79' lang='lat' dir='ltr'>GUSTtNI</span> <span class='ocrx_word' id='word_1_5' title='bbox 1058 251 1237 278; x_wconf 63' lang='lat' dir='ltr'>eviscovi</span> 
     </span>
    </p>
   </div>
   <div class='ocr_carea' id='block_1_2' title="bbox 262 315 1672 2494">
    <p class='ocr_par' dir='ltr' id='par_1_2' title="bbox 234 315 1672 2494">
     <span class='ocr_line' id='line_1_2' title="bbox 282 315 1665 375; baseline -0.001 -16"><span class='ocrx_word' id='word_1_6' title='bbox 282 317 578 375; x_wconf 73' lang='lat' dir='ltr'><strong>deputaretur.</strong></span> <span class='ocrx_word' id='word_1_7' title='bbox 607 318 724 361; x_wconf 89' lang='lat' dir='ltr'>Sicut</span> <span class='ocrx_word' id='word_1_8' title='bbox 746 318 859 359; x_wconf 87' lang='lat' dir='ltr'>enim</span> <span class='ocrx_word' id='word_1_9' title='bbox 885 315 986 359; x_wconf 82' lang='lat' dir='ltr'>alibi</span> <span class='ocrx_word' id='word_1_10' title='bbox 1009 316 1113 361; x_wconf 91' lang='lat' dir='ltr'>dicit</span> <span class='ocrx_word' id='word_1_11' title='bbox 1135 336 1143 361; x_wconf 92' lang='lat'>:</span> <span class='ocrx_word' id='word_1_12' title='bbox 1167 337 1185 358; x_wconf 92' lang='lat'>«</span> <span class='ocrx_word' id='word_1_13' title='bbox 1214 320 1292 360; x_wconf 87' lang='lat' dir='ltr'>Per</span> <span class='ocrx_word' id='word_1_14' title='bbox 1314 316 1450 374; x_wconf 83' lang='lat' dir='ltr'>legem</span> <span class='ocrx_word' id='word_1_15' title='bbox 1477 316 1665 373; x_wconf 83' lang='lat' dir='ltr'>cognitio</span> 
     </span>
     <span class='ocr_line' id='line_1_3' title="bbox 286 387 1666 447; baseline -0.002 -15"><span class='ocrx_word' id='word_1_16' title='bbox 286 407 304 429; x_wconf 68' lang='grc' dir='ltr'>ιν</span> <span class='ocrx_word' id='word_1_17' title='bbox 331 389 538 447; x_wconf 80' lang='lat' dir='ltr'>peccati.¹</span> <span class='ocrx_word' id='word_1_18' title='bbox 570 409 583 427; x_wconf 90' lang='lat'>»</span> <span class='ocrx_word' id='word_1_19' title='bbox 615 388 698 433; x_wconf 88' lang='lat' dir='ltr'>Sed</span> <span class='ocrx_word' id='word_1_20' title='bbox 724 389 931 443; x_wconf 80' lang='lat' dir='ltr'>regnavit,</span> <span class='ocrx_word' id='word_1_21' title='bbox 957 388 1115 446; x_wconf 75' lang='lat' dir='ltr'>inquit,</span> <span class='ocrx_word' id='word_1_22' title='bbox 1143 403 1257 432; x_wconf 89' lang='lat' dir='ltr'>mors</span> <span class='ocrx_word' id='word_1_23' title='bbox 1275 389 1328 431; x_wconf 87' lang='lat' dir='ltr'>ab</span> <span class='ocrx_word' id='word_1_24' title='bbox 1358 387 1497 430; x_wconf 82' lang='lat' dir='ltr'>Adam</span> <span class='ocrx_word' id='word_1_25' title='bbox 1526 401 1666 445; x_wconf 85' lang='lat' dir='ltr'>usque</span> 
     </span>
     <span class='ocr_line' id='line_1_4' title="bbox 283 456 1662 518; baseline -0.002 -15"><span class='ocrx_word' id='word_1_26' title='bbox 283 458 337 503; x_wconf 81' lang='lat' dir='ltr'>ad</span> <span class='ocrx_word' id='word_1_27' title='bbox 354 462 534 517; x_wconf 76' lang='lat' dir='ltr'>Moysen</span> <span class='ocrx_word' id='word_1_28' title='bbox 553 463 570 485; x_wconf 75' lang='lat'>2</span> <span class='ocrx_word' id='word_1_29' title='bbox 588 479 596 504; x_wconf 91' lang='grc'>;</span> <span class='ocrx_word' id='word_1_30' title='bbox 617 460 699 503; x_wconf 91' lang='lat' dir='ltr'>hoc</span> <span class='ocrx_word' id='word_1_31' title='bbox 715 468 792 513; x_wconf 85' lang='lat' dir='ltr'>est,</span> <span class='ocrx_word' id='word_1_32' title='bbox 811 459 928 518; x_wconf 87' lang='lat' dir='ltr'>quod</span> <span class='ocrx_word' id='word_1_33' title='bbox 942 473 1070 516; x_wconf 84' lang='lat' dir='ltr'>supra</span> <span class='ocrx_word' id='word_1_34' title='bbox 1084 459 1264 512; x_wconf 77' lang='lat' dir='ltr'>dixerat,</span> <span class='ocrx_word' id='word_1_35' title='bbox 1283 473 1419 517; x_wconf 80' lang='lat' dir='ltr'>usque</span> <span class='ocrx_word' id='word_1_36' title='bbox 1432 457 1482 500; x_wconf 87' lang='lat' dir='ltr'>ad</span> <span class='ocrx_word' id='word_1_37' title='bbox 1499 456 1662 515; x_wconf 79' lang='lat' dir='ltr'>legem3</span> 
     </span>
     <span class='ocr_line' id='line_1_5' title="bbox 282 527 1664 589; baseline -0.001 -16"><span class='ocrx_word' id='word_1_38' title='bbox 282 545 371 573; x_wconf 88' lang='lat' dir='ltr'>non</span> <span class='ocrx_word' id='word_1_39' title='bbox 387 539 438 573; x_wconf 87' lang='lat' dir='ltr'>ut</span> <span class='ocrx_word' id='word_1_40' title='bbox 456 546 477 573; x_wconf 84' lang='lat' dir='ltr'>a</span> <span class='ocrx_word' id='word_1_41' title='bbox 494 533 645 588; x_wconf 82' lang='lat' dir='ltr'>Moyse</span> <span class='ocrx_word' id='word_1_42' title='bbox 663 531 864 589; x_wconf 79' lang='lat' dir='ltr'>deinceps</span> <span class='ocrx_word' id='word_1_43' title='bbox 882 545 969 574; x_wconf 92' lang='lat' dir='ltr'>non</span> <span class='ocrx_word' id='word_1_44' title='bbox 985 539 1095 573; x_wconf 86' lang='lat' dir='ltr'>esset</span> <span class='ocrx_word' id='word_1_45' title='bbox 1112 540 1356 588; x_wconf 75' lang='lat' dir='ltr'>peccatum,</span> <span class='ocrx_word' id='word_1_46' title='bbox 1377 528 1451 571; x_wconf 87' lang='lat' dir='ltr'>sed</span> <span class='ocrx_word' id='word_1_47' title='bbox 1469 527 1570 587; x_wconf 84' lang='lat' dir='ltr'>quia</span> <span class='ocrx_word' id='word_1_48' title='bbox 1587 542 1664 571; x_wconf 89' lang='lat' dir='ltr'>nec</span> 
     </span>
     <span class='ocr_line' id='line_1_6' title="bbox 281 597 1666 659; baseline -0.002 -16"><span class='ocrx_word' id='word_1_49' title='bbox 281 615 357 659; x_wconf 87' lang='lat' dir='ltr'>per</span> <span class='ocrx_word' id='word_1_50' title='bbox 384 604 550 645; x_wconf 82' lang='lat' dir='ltr'>Moi&#39;sen</span> <span class='ocrx_word' id='word_1_51' title='bbox 577 601 643 644; x_wconf 85' lang='lat' dir='ltr'>lex</span> <span class='ocrx_word' id='word_1_52' title='bbox 675 600 774 644; x_wconf 79' lang='lat' dir='ltr'>data</span> <span class='ocrx_word' id='word_1_53' title='bbox 803 616 983 659; x_wconf 80' lang='lat' dir='ltr'>regnum</span> <span class='ocrx_word' id='word_1_54' title='bbox 1011 600 1154 659; x_wconf 86' lang='lat' dir='ltr'>potuit</span> <span class='ocrx_word' id='word_1_55' title='bbox 1178 600 1326 643; x_wconf 89' lang='lat' dir='ltr'>mortis</span> <span class='ocrx_word' id='word_1_56' title='bbox 1354 597 1539 652; x_wconf 78' lang='lat' dir='ltr'>auferre,</span> <span class='ocrx_word' id='word_1_57' title='bbox 1567 613 1666 656; x_wconf 79' lang='lat' dir='ltr'>quae</span> 
     </span>
     <span class='ocr_line' id='line_1_7' title="bbox 281 669 1668 732; baseline -0.001 -19"><span class='ocrx_word' id='word_1_58' title='bbox 281 686 369 714; x_wconf 87' lang='lat' dir='ltr'>non</span> <span class='ocrx_word' id='word_1_59' title='bbox 393 681 544 729; x_wconf 84' lang='lat' dir='ltr'>regnat</span> <span class='ocrx_word' id='word_1_60' title='bbox 561 674 710 732; x_wconf 81' lang='lat' dir='ltr'>utique</span> <span class='ocrx_word' id='word_1_61' title='bbox 732 672 811 715; x_wconf 87' lang='lat' dir='ltr'>nisi</span> <span class='ocrx_word' id='word_1_62' title='bbox 837 687 911 731; x_wconf 91' lang='lat' dir='ltr'>per</span> <span class='ocrx_word' id='word_1_63' title='bbox 933 681 1176 730; x_wconf 84' lang='lat' dir='ltr'>peccatum.</span> <span class='ocrx_word' id='word_1_64' title='bbox 1203 674 1401 727; x_wconf 80' lang='lat' dir='ltr'>Regnum</span> <span class='ocrx_word' id='word_1_65' title='bbox 1427 684 1556 727; x_wconf 89' lang='lat' dir='ltr'>porro</span> <span class='ocrx_word' id='word_1_66' title='bbox 1578 669 1668 727; x_wconf 86' lang='lat' dir='ltr'>ejus</span> 
     </span>
     <span class='ocr_line' id='line_1_8' title="bbox 281 741 1670 800; baseline -0.001 -17"><span class='ocrx_word' id='word_1_67' title='bbox 281 752 358 795; x_wconf 76' lang='lat' dir='ltr'>est,</span> <span class='ocrx_word' id='word_1_68' title='bbox 384 751 432 784; x_wconf 85' lang='lat' dir='ltr'>ut</span> <span class='ocrx_word' id='word_1_69' title='bbox 456 743 675 786; x_wconf 89' lang='lat' dir='ltr'>hominem</span> <span class='ocrx_word' id='word_1_70' title='bbox 700 742 925 786; x_wconf 79' lang='lat' dir='ltr'>mortalem</span> <span class='ocrx_word' id='word_1_71' title='bbox 950 743 994 785; x_wconf 90' lang='lat' dir='ltr'>in</span> <span class='ocrx_word' id='word_1_72' title='bbox 1018 741 1253 785; x_wconf 88' lang='lat' dir='ltr'>secundam</span> <span class='ocrx_word' id='word_1_73' title='bbox 1275 742 1420 794; x_wconf 80' lang='lat' dir='ltr'>etiam,</span> <span class='ocrx_word' id='word_1_74' title='bbox 1443 755 1541 800; x_wconf 81' lang='lat' dir='ltr'>quae</span> <span class='ocrx_word' id='word_1_75' title='bbox 1561 754 1670 782; x_wconf 80' lang='lat' dir='ltr'>sem·</span> 
     </span>
     <span class='ocr_line' id='line_1_9' title="bbox 280 809 1668 871; baseline -0.001 -17"><span class='ocrx_word' id='word_1_76' title='bbox 280 812 447 870; x_wconf 85' lang='lat' dir='ltr'>piterna</span> <span class='ocrx_word' id='word_1_77' title='bbox 465 821 543 865; x_wconf 84' lang='lat' dir='ltr'>est,</span> <span class='ocrx_word' id='word_1_78' title='bbox 570 813 811 871; x_wconf 83' lang='lat' dir='ltr'>praecipitet</span> <span class='ocrx_word' id='word_1_79' title='bbox 834 821 1033 857; x_wconf 84' lang='lat' dir='ltr'>mortem.</span> <span class='ocrx_word' id='word_1_80' title='bbox 1064 812 1276 870; x_wconf 79' lang='lat' dir='ltr'>Regnavit</span> <span class='ocrx_word' id='word_1_81' title='bbox 1300 821 1443 855; x_wconf 77' lang='lat' dir='ltr'>autem</span> <span class='ocrx_word' id='word_1_82' title='bbox 1470 829 1478 855; x_wconf 92' lang='lat'>:</span> <span class='ocrx_word' id='word_1_83' title='bbox 1505 811 1550 853; x_wconf 92' lang='lat' dir='ltr'>in</span> <span class='ocrx_word' id='word_1_84' title='bbox 1576 809 1668 869; x_wconf 85' lang='lat' dir='ltr'>qui-</span> 
     </span>
     <span class='ocr_line' id='line_1_10' title="bbox 284 880 1669 944; baseline -0.001 -19"><span class='ocrx_word' id='word_1_85' title='bbox 284 884 392 925; x_wconf 81' lang='lat' dir='ltr'>bus?</span> <span class='ocrx_word' id='word_1_86' title='bbox 420 902 439 923; x_wconf 92' lang='lat'>«</span> <span class='ocrx_word' id='word_1_87' title='bbox 460 885 512 926; x_wconf 87' lang='lat' dir='ltr'>Et</span> <span class='ocrx_word' id='word_1_88' title='bbox 535 883 580 926; x_wconf 92' lang='lat' dir='ltr'>in</span> <span class='ocrx_word' id='word_1_89' title='bbox 602 883 681 937; x_wconf 76' lang='lat' dir='ltr'>his,</span> <span class='ocrx_word' id='word_1_90' title='bbox 709 883 866 944; x_wconf 81' lang='lat' dir='ltr'>inquit,</span> <span class='ocrx_word' id='word_1_91' title='bbox 892 884 966 943; x_wconf 84' lang='lat' dir='ltr'>qui</span> <span class='ocrx_word' id='word_1_92' title='bbox 990 899 1079 926; x_wconf 88' lang='lat' dir='ltr'>non</span> <span class='ocrx_word' id='word_1_93' title='bbox 1103 891 1393 941; x_wconf 80' lang='lat' dir='ltr'>peccaverunt</span> <span class='ocrx_word' id='word_1_94' title='bbox 1410 882 1454 924; x_wconf 90' lang='lat' dir='ltr'>in</span> <span class='ocrx_word' id='word_1_95' title='bbox 1472 880 1669 924; x_wconf 90' lang='lat' dir='ltr'>similitu-</span> 
     </span>
     <span class='ocr_line' id='line_1_11' title="bbox 283 952 1663 1014; baseline -0.001 -18"><span class='ocrx_word' id='word_1_96' title='bbox 283 971 303 994; x_wconf 92' lang='lat'>»</span> <span class='ocrx_word' id='word_1_97' title='bbox 330 953 474 996; x_wconf 87' lang='lat' dir='ltr'>dinem</span> <span class='ocrx_word' id='word_1_98' title='bbox 507 955 871 1012; x_wconf 82' lang='lat' dir='ltr'>praevaricationis</span> <span class='ocrx_word' id='word_1_99' title='bbox 901 953 1023 1008; x_wconf 77' lang='lat' dir='ltr'>Adae,</span> <span class='ocrx_word' id='word_1_100' title='bbox 1060 954 1135 1014; x_wconf 81' lang='lat' dir='ltr'>qui</span> <span class='ocrx_word' id='word_1_101' title='bbox 1168 963 1231 997; x_wconf 85' lang='lat' dir='ltr'>est</span> <span class='ocrx_word' id='word_1_102' title='bbox 1265 952 1404 997; x_wconf 87' lang='lat' dir='ltr'>forma</span> <span class='ocrx_word' id='word_1_103' title='bbox 1428 952 1565 996; x_wconf 78' lang='lat' dir='ltr'>futuri</span> <span class='ocrx_word' id='word_1_104' title='bbox 1585 953 1616 995; x_wconf 77' lang='lat'>3.</span> <span class='ocrx_word' id='word_1_105' title='bbox 1644 968 1663 991; x_wconf 75' lang='grc' dir='ltr'><strong>υ</strong></span> 
     </span>
     <span class='ocr_line' id='line_1_12' title="bbox 280 1023 1668 1084; baseline -0.002 -16"><span class='ocrx_word' id='word_1_106' title='bbox 280 1025 416 1083; x_wconf 89' lang='lat' dir='ltr'>Cujus</span> <span class='ocrx_word' id='word_1_107' title='bbox 434 1023 586 1077; x_wconf 72' lang='lat' dir='ltr'>futuri,</span> <span class='ocrx_word' id='word_1_108' title='bbox 608 1025 687 1068; x_wconf 90' lang='lat' dir='ltr'>nisi</span> <span class='ocrx_word' id='word_1_109' title='bbox 708 1026 898 1070; x_wconf 81' lang='lat' dir='ltr'>Christi?</span> <span class='ocrx_word' id='word_1_110' title='bbox 916 1028 972 1068; x_wconf 86' lang='lat' dir='ltr'>Et</span> <span class='ocrx_word' id='word_1_111' title='bbox 989 1024 1129 1084; x_wconf 84' lang='lat' dir='ltr'>qualis</span> <span class='ocrx_word' id='word_1_112' title='bbox 1151 1024 1284 1068; x_wconf 87' lang='lat' dir='ltr'>forma</span> <span class='ocrx_word' id='word_1_113' title='bbox 1310 1059 1320 1077; x_wconf 85' lang='lat'>‚</span> <span class='ocrx_word' id='word_1_114' title='bbox 1346 1024 1425 1067; x_wconf 90' lang='lat' dir='ltr'>nisi</span> <span class='ocrx_word' id='word_1_115' title='bbox 1448 1040 1471 1067; x_wconf 82' lang='lat' dir='ltr'>a</span> <span class='ocrx_word' id='word_1_116' title='bbox 1494 1033 1668 1068; x_wconf 86' lang='lat' dir='ltr'>contra-</span> 
     </span>
     <span class='ocr_line' id='line_1_13' title="bbox 279 1093 1668 1147; baseline 0 -10"><span class='ocrx_word' id='word_1_117' title='bbox 279 1095 379 1138; x_wconf 76' lang='lat' dir='ltr'>rio?</span> <span class='ocrx_word' id='word_1_118' title='bbox 411 1095 539 1147; x_wconf 86' lang='lat' dir='ltr'>Quod</span> <span class='ocrx_word' id='word_1_119' title='bbox 568 1096 668 1139; x_wconf 86' lang='lat' dir='ltr'>alibi</span> <span class='ocrx_word' id='word_1_120' title='bbox 699 1097 828 1139; x_wconf 85' lang='lat' dir='ltr'>etiam</span> <span class='ocrx_word' id='word_1_121' title='bbox 855 1096 1041 1139; x_wconf 86' lang='lat' dir='ltr'>breviter</span> <span class='ocrx_word' id='word_1_122' title='bbox 1076 1096 1209 1139; x_wconf 88' lang='lat' dir='ltr'>dicit:</span> <span class='ocrx_word' id='word_1_123' title='bbox 1233 1114 1250 1135; x_wconf 91' lang='lat'>«</span> <span class='ocrx_word' id='word_1_124' title='bbox 1291 1094 1411 1139; x_wconf 89' lang='lat' dir='ltr'>Sicut</span> <span class='ocrx_word' id='word_1_125' title='bbox 1445 1095 1491 1137; x_wconf 89' lang='lat' dir='ltr'>in</span> <span class='ocrx_word' id='word_1_126' title='bbox 1529 1093 1668 1138; x_wconf 88' lang='lat' dir='ltr'>Adam</span> 
     </span>
     <span class='ocr_line' id='line_1_14' title="bbox 283 1165 1668 1218; baseline 0.001 -12"><span class='ocrx_word' id='word_1_127' title='bbox 283 1184 302 1205; x_wconf 65' lang='grc' dir='ltr'>η</span> <span class='ocrx_word' id='word_1_128' title='bbox 330 1175 480 1209; x_wconf 82' lang='lat' dir='ltr'>omnes</span> <span class='ocrx_word' id='word_1_129' title='bbox 501 1168 765 1218; x_wconf 71' lang='lat' dir='ltr'>moriuntur,</span> <span class='ocrx_word' id='word_1_130' title='bbox 792 1168 849 1210; x_wconf 85' lang='lat' dir='ltr'>ita</span> <span class='ocrx_word' id='word_1_131' title='bbox 873 1176 915 1210; x_wconf 90' lang='lat' dir='ltr'>et</span> <span class='ocrx_word' id='word_1_132' title='bbox 938 1168 983 1210; x_wconf 89' lang='lat' dir='ltr'>in</span> <span class='ocrx_word' id='word_1_133' title='bbox 1012 1167 1184 1211; x_wconf 84' lang='lat' dir='ltr'>Christo</span> <span class='ocrx_word' id='word_1_134' title='bbox 1210 1181 1359 1210; x_wconf 86' lang='lat' dir='ltr'>omnes</span> <span class='ocrx_word' id='word_1_135' title='bbox 1381 1165 1668 1210; x_wconf 83' lang='lat' dir='ltr'>vivificabun-</span> 
     </span>
     <span class='ocr_line' id='line_1_15' title="bbox 283 1237 1669 1294; baseline 0 -15"><span class='ocrx_word' id='word_1_136' title='bbox 283 1254 302 1277; x_wconf 90' lang='lat'>»</span> <span class='ocrx_word' id='word_1_137' title='bbox 328 1245 400 1279; x_wconf 85' lang='lat' dir='ltr'>tur</span> <span class='ocrx_word' id='word_1_138' title='bbox 424 1238 454 1279; x_wconf 73' lang='lat'>4.</span> <span class='ocrx_word' id='word_1_139' title='bbox 486 1256 504 1277; x_wconf 90' lang='lat'>»</span> <span class='ocrx_word' id='word_1_140' title='bbox 535 1237 654 1281; x_wconf 81' lang='lat' dir='ltr'>Sicut</span> <span class='ocrx_word' id='word_1_141' title='bbox 683 1239 727 1280; x_wconf 90' lang='lat' dir='ltr'>in</span> <span class='ocrx_word' id='word_1_142' title='bbox 757 1237 833 1281; x_wconf 93' lang='lat' dir='ltr'>illo</span> <span class='ocrx_word' id='word_1_143' title='bbox 867 1237 975 1280; x_wconf 83' lang='lat' dir='ltr'>illud</span> <span class='ocrx_word' id='word_1_144' title='bbox 994 1272 1004 1291; x_wconf 84' lang='lat'><strong>‚</strong></span> <span class='ocrx_word' id='word_1_145' title='bbox 1038 1238 1094 1280; x_wconf 79' lang='lat' dir='ltr'>ita</span> <span class='ocrx_word' id='word_1_146' title='bbox 1125 1238 1169 1279; x_wconf 91' lang='lat' dir='ltr'>in</span> <span class='ocrx_word' id='word_1_147' title='bbox 1200 1238 1280 1280; x_wconf 91' lang='lat' dir='ltr'>isto</span> <span class='ocrx_word' id='word_1_148' title='bbox 1302 1237 1418 1279; x_wconf 89' lang='lat' dir='ltr'>istud</span> <span class='ocrx_word' id='word_1_149' title='bbox 1443 1252 1451 1276; x_wconf 89' lang='lat'>·.</span> <span class='ocrx_word' id='word_1_150' title='bbox 1479 1238 1569 1294; x_wconf 84' lang='lat' dir='ltr'>ipsa</span> <span class='ocrx_word' id='word_1_151' title='bbox 1606 1244 1669 1279; x_wconf 82' lang='lat' dir='ltr'>est</span> 
     </span>
     <span class='ocr_line' id='line_1_16' title="bbox 280 1306 1666 1365; baseline 0 -15"><span class='ocrx_word' id='word_1_152' title='bbox 280 1307 434 1350; x_wconf 86' lang='lat' dir='ltr'>forma.</span> <span class='ocrx_word' id='word_1_153' title='bbox 469 1308 551 1350; x_wconf 90' lang='lat' dir='ltr'>Sed</span> <span class='ocrx_word' id='word_1_154' title='bbox 574 1308 667 1350; x_wconf 79' lang='lat' dir='ltr'>haec</span> <span class='ocrx_word' id='word_1_155' title='bbox 697 1306 833 1351; x_wconf 82' lang='lat' dir='ltr'>forma</span> <span class='ocrx_word' id='word_1_156' title='bbox 858 1323 945 1351; x_wconf 91' lang='lat' dir='ltr'>non</span> <span class='ocrx_word' id='word_1_157' title='bbox 970 1308 1088 1350; x_wconf 88' lang='lat' dir='ltr'>omni</span> <span class='ocrx_word' id='word_1_158' title='bbox 1112 1323 1161 1350; x_wconf 80' lang='lat' dir='ltr'>ex</span> <span class='ocrx_word' id='word_1_159' title='bbox 1184 1316 1304 1365; x_wconf 84' lang='lat' dir='ltr'>parte</span> <span class='ocrx_word' id='word_1_160' title='bbox 1324 1306 1558 1350; x_wconf 82' lang='lat' dir='ltr'>conformis</span> <span class='ocrx_word' id='word_1_161' title='bbox 1583 1315 1666 1350; x_wconf 87' lang='lat' dir='ltr'>est:</span> 
     </span>
     <span class='ocr_line' id='line_1_17' title="bbox 280 1375 1672 1436; baseline 0 -17"><span class='ocrx_word' id='word_1_162' title='bbox 280 1376 398 1420; x_wconf 83' lang='lat' dir='ltr'>unde</span> <span class='ocrx_word' id='word_1_163' title='bbox 416 1378 516 1420; x_wconf 92' lang='lat' dir='ltr'>hinc</span> <span class='ocrx_word' id='word_1_164' title='bbox 527 1378 757 1436; x_wconf 79' lang='lat' dir='ltr'>Apostolus</span> <span class='ocrx_word' id='word_1_165' title='bbox 775 1387 947 1421; x_wconf 87' lang='lat' dir='ltr'>secutus</span> <span class='ocrx_word' id='word_1_166' title='bbox 963 1377 1158 1436; x_wconf 77' lang='lat' dir='ltr'>adjunxit</span> <span class='ocrx_word' id='word_1_167' title='bbox 1180 1397 1188 1421; x_wconf 91' lang='grc'>;</span> <span class='ocrx_word' id='word_1_168' title='bbox 1208 1377 1291 1420; x_wconf 89' lang='lat' dir='ltr'>Sed</span> <span class='ocrx_word' id='word_1_169' title='bbox 1316 1392 1402 1419; x_wconf 90' lang='lat' dir='ltr'>non</span> <span class='ocrx_word' id='word_1_170' title='bbox 1429 1395 1446 1416; x_wconf 75' lang='grc' dir='ltr'><em>α</em></span> <span class='ocrx_word' id='word_1_171' title='bbox 1466 1377 1575 1419; x_wconf 88' lang='lat' dir='ltr'>sicut</span> <span class='ocrx_word' id='word_1_172' title='bbox 1599 1375 1672 1419; x_wconf 86' lang='lat' dir='ltr'>de-</span> 
     </span>
     <span class='ocr_line' id='line_1_18' title="bbox 283 1445 1669 1499; baseline 0.001 -11"><span class='ocrx_word' id='word_1_173' title='bbox 283 1465 302 1487; x_wconf 87' lang='lat'>»</span> <span class='ocrx_word' id='word_1_174' title='bbox 330 1447 497 1499; x_wconf 78' lang='lat' dir='ltr'>lictum,</span> <span class='ocrx_word' id='word_1_175' title='bbox 518 1448 575 1491; x_wconf 82' lang='lat' dir='ltr'>ita</span> <span class='ocrx_word' id='word_1_176' title='bbox 595 1457 637 1491; x_wconf 92' lang='lat' dir='ltr'>et</span> <span class='ocrx_word' id='word_1_177' title='bbox 655 1447 878 1492; x_wconf 75' lang='lat' dir='ltr'>donatio.»</span> <span class='ocrx_word' id='word_1_178' title='bbox 895 1449 937 1492; x_wconf 91' lang='lat' dir='ltr'>Si</span> <span class='ocrx_word' id='word_1_179' title='bbox 958 1450 1073 1491; x_wconf 88' lang='lat' dir='ltr'>enim</span> <span class='ocrx_word' id='word_1_180' title='bbox 1093 1449 1149 1491; x_wconf 79' lang='lat' dir='ltr'>ol)</span> <span class='ocrx_word' id='word_1_181' title='bbox 1168 1448 1298 1491; x_wconf 89' lang='lat' dir='ltr'>unius</span> <span class='ocrx_word' id='word_1_182' title='bbox 1315 1446 1523 1490; x_wconf 86' lang='lat' dir='ltr'>delictum</span> <span class='ocrx_word' id='word_1_183' title='bbox 1543 1445 1669 1490; x_wconf 89' lang='lat' dir='ltr'>multi</span> 
     </span>
     <span class='ocr_line' id='line_1_19' title="bbox 283 1517 1671 1576; baseline 0.003 -18.864"><span class='ocrx_word' id='word_1_184' title='bbox 283 1535 302 1557; x_wconf 84' lang='lat'>»</span> <span class='ocrx_word' id='word_1_185' title='bbox 331 1519 490 1560; x_wconf 86' lang='lat' dir='ltr'>mortui</span> <span class='ocrx_word' id='word_1_186' title='bbox 514 1527 630 1571; x_wconf 76' lang='lat' dir='ltr'>sunt,</span> <span class='ocrx_word' id='word_1_187' title='bbox 658 1518 796 1561; x_wconf 88' lang='lat' dir='ltr'>multo</span> <span class='ocrx_word' id='word_1_188' title='bbox 819 1520 951 1576; x_wconf 84' lang='lat' dir='ltr'>magis</span> <span class='ocrx_word' id='word_1_189' title='bbox 974 1519 1108 1576; x_wconf 78' lang='lat' dir='ltr'>gratia</span> <span class='ocrx_word' id='word_1_190' title='bbox 1128 1520 1202 1561; x_wconf 88' lang='lat' dir='ltr'>Dei</span> <span class='ocrx_word' id='word_1_191' title='bbox 1226 1527 1267 1561; x_wconf 90' lang='lat' dir='ltr'>et</span> <span class='ocrx_word' id='word_1_192' title='bbox 1287 1517 1451 1562; x_wconf 86' lang='lat' dir='ltr'>donum</span> <span class='ocrx_word' id='word_1_193' title='bbox 1474 1517 1671 1574; x_wconf 84' lang='lat' dir='ltr'>ingratia</span> 
     </span>
     <span class='ocr_line' id='line_1_20' title="bbox 285 1585 1670 1639; baseline 0.002 -12"><span class='ocrx_word' id='word_1_194' title='bbox 285 1605 303 1626; x_wconf 75' lang='lat' dir='ltr'>n</span> <span class='ocrx_word' id='word_1_195' title='bbox 331 1588 459 1630; x_wconf 85' lang='lat' dir='ltr'>unius</span> <span class='ocrx_word' id='word_1_196' title='bbox 481 1588 664 1632; x_wconf 89' lang='lat' dir='ltr'>hominis</span> <span class='ocrx_word' id='word_1_197' title='bbox 681 1591 783 1632; x_wconf 86' lang='lat' dir='ltr'>Jesu</span> <span class='ocrx_word' id='word_1_198' title='bbox 799 1589 958 1632; x_wconf 79' lang='lat' dir='ltr'>Christi</span> <span class='ocrx_word' id='word_1_199' title='bbox 973 1589 1017 1631; x_wconf 90' lang='lat' dir='ltr'>in</span> <span class='ocrx_word' id='word_1_200' title='bbox 1037 1588 1196 1632; x_wconf 89' lang='lat' dir='ltr'>multos</span> <span class='ocrx_word' id='word_1_201' title='bbox 1211 1588 1490 1631; x_wconf 75' lang='lat' dir='ltr'>abundavit5.</span> <span class='ocrx_word' id='word_1_202' title='bbox 1514 1605 1533 1627; x_wconf 91' lang='lat'>»</span> <span class='ocrx_word' id='word_1_203' title='bbox 1553 1585 1670 1639; x_wconf 86' lang='lat' dir='ltr'>Quid</span> 
     </span>
     <span class='ocr_line' id='line_1_21' title="bbox 282 1657 1670 1718; baseline 0 -18"><span class='ocrx_word' id='word_1_204' title='bbox 282 1666 359 1711; x_wconf 76' lang='lat' dir='ltr'>est,</span> <span class='ocrx_word' id='word_1_205' title='bbox 379 1658 520 1701; x_wconf 85' lang='lat' dir='ltr'>inulto</span> <span class='ocrx_word' id='word_1_206' title='bbox 538 1660 671 1716; x_wconf 86' lang='lat' dir='ltr'>magis</span> <span class='ocrx_word' id='word_1_207' title='bbox 684 1659 936 1712; x_wconf 82' lang='lat' dir='ltr'>abundavit,</span> <span class='ocrx_word' id='word_1_208' title='bbox 955 1660 1032 1702; x_wconf 89' lang='lat' dir='ltr'>nisi</span> <span class='ocrx_word' id='word_1_209' title='bbox 1051 1660 1151 1718; x_wconf 85' lang='lat' dir='ltr'>quia</span> <span class='ocrx_word' id='word_1_210' title='bbox 1167 1674 1315 1702; x_wconf 87' lang='lat' dir='ltr'>omnes</span> <span class='ocrx_word' id='word_1_211' title='bbox 1334 1659 1409 1717; x_wconf 83' lang='lat' dir='ltr'>qni</span> <span class='ocrx_word' id='word_1_212' title='bbox 1428 1673 1500 1717; x_wconf 86' lang='lat' dir='ltr'>per</span> <span class='ocrx_word' id='word_1_213' title='bbox 1520 1657 1670 1702; x_wconf 88' lang='lat' dir='ltr'>Chris-</span> 
     </span>
     <span class='ocr_line' id='line_1_22' title="bbox 281 1728 1667 1788; baseline 0 -17"><span class='ocrx_word' id='word_1_214' title='bbox 281 1738 374 1772; x_wconf 87' lang='lat' dir='ltr'>tum</span> <span class='ocrx_word' id='word_1_215' title='bbox 404 1728 668 1784; x_wconf 74' lang='lat' dir='ltr'>liberantur,</span> <span class='ocrx_word' id='word_1_216' title='bbox 697 1729 993 1788; x_wconf 77' lang='lat' dir='ltr'>temporaliter</span> <span class='ocrx_word' id='word_1_217' title='bbox 1021 1739 1197 1788; x_wconf 82' lang='lat' dir='ltr'>propter</span> <span class='ocrx_word' id='word_1_218' title='bbox 1230 1728 1368 1772; x_wconf 84' lang='lat' dir='ltr'>Adam</span> <span class='ocrx_word' id='word_1_219' title='bbox 1398 1728 1667 1783; x_wconf 86' lang='lat' dir='ltr'>moriuntur,</span> 
     </span>
     <span class='ocr_line' id='line_1_23' title="bbox 282 1799 1670 1858; baseline 0.001 -17"><span class='ocrx_word' id='word_1_220' title='bbox 282 1808 458 1858; x_wconf 87' lang='lat' dir='ltr'>propter</span> <span class='ocrx_word' id='word_1_221' title='bbox 481 1800 621 1858; x_wconf 89' lang='lat' dir='ltr'>ipsum</span> <span class='ocrx_word' id='word_1_222' title='bbox 647 1810 789 1844; x_wconf 87' lang='lat' dir='ltr'>autem</span> <span class='ocrx_word' id='word_1_223' title='bbox 815 1802 1036 1844; x_wconf 84' lang='lat' dir='ltr'>Christum</span> <span class='ocrx_word' id='word_1_224' title='bbox 1056 1801 1142 1843; x_wconf 85' lang='lat' dir='ltr'>fine</span> <span class='ocrx_word' id='word_1_225' title='bbox 1157 1801 1246 1843; x_wconf 84' lang='lat' dir='ltr'>sine</span> <span class='ocrx_word' id='word_1_226' title='bbox 1264 1799 1419 1843; x_wconf 86' lang='lat' dir='ltr'>victuri</span> <span class='ocrx_word' id='word_1_227' title='bbox 1437 1801 1596 1842; x_wconf 72' lang='lat' dir='ltr'>suntP«</span> <span class='ocrx_word' id='word_1_228' title='bbox 1614 1801 1670 1843; x_wconf 88' lang='lat' dir='ltr'>Et</span> 
     </span>
     <span class='ocr_line' id='line_1_24' title="bbox 284 1870 1666 1931; baseline 0.002 -21"><span class='ocrx_word' id='word_1_229' title='bbox 284 1888 303 1910; x_wconf 86' lang='lat'>»</span> <span class='ocrx_word' id='word_1_230' title='bbox 322 1885 426 1923; x_wconf 86' lang='lat' dir='ltr'>non,</span> <span class='ocrx_word' id='word_1_231' title='bbox 439 1872 595 1930; x_wconf 77' lang='lat' dir='ltr'>inquit,</span> <span class='ocrx_word' id='word_1_232' title='bbox 607 1873 716 1916; x_wconf 89' lang='lat' dir='ltr'>sicut</span> <span class='ocrx_word' id='word_1_233' title='bbox 732 1888 807 1931; x_wconf 87' lang='lat' dir='ltr'>per</span> <span class='ocrx_word' id='word_1_234' title='bbox 822 1888 958 1915; x_wconf 84' lang='lat' dir='ltr'>unum</span> <span class='ocrx_word' id='word_1_235' title='bbox 972 1881 1242 1930; x_wconf 77' lang='lat' dir='ltr'>peccantem,</span> <span class='ocrx_word' id='word_1_236' title='bbox 1256 1872 1314 1914; x_wconf 84' lang='lat' dir='ltr'>ita</span> <span class='ocrx_word' id='word_1_237' title='bbox 1324 1879 1386 1914; x_wconf 88' lang='lat' dir='ltr'>est</span> <span class='ocrx_word' id='word_1_238' title='bbox 1397 1870 1631 1914; x_wconf 89' lang='lat' dir='ltr'>etdonum.</span> <span class='ocrx_word' id='word_1_239' title='bbox 1645 1888 1666 1911; x_wconf 86' lang='lat'>»</span> 
     </span>
     <span class='ocr_line' id='line_1_25' title="bbox 281 1940 1668 2001; baseline -0.001 -17"><span class='ocrx_word' id='word_1_240' title='bbox 281 1942 387 1984; x_wconf 87' lang='lat' dir='ltr'>Nam</span> <span class='ocrx_word' id='word_1_241' title='bbox 404 1941 617 1999; x_wconf 85' lang='lat' dir='ltr'>judicium</span> <span class='ocrx_word' id='word_1_242' title='bbox 643 1942 820 2001; x_wconf 86' lang='lat' dir='ltr'>quidem</span> <span class='ocrx_word' id='word_1_243' title='bbox 845 1958 894 1985; x_wconf 70' lang='lat' dir='ltr'>ex</span> <span class='ocrx_word' id='word_1_244' title='bbox 921 1957 1009 1986; x_wconf 82' lang='lat' dir='ltr'>uno</span> <span class='ocrx_word' id='word_1_245' title='bbox 1025 1943 1068 1985; x_wconf 92' lang='lat' dir='ltr'>in</span> <span class='ocrx_word' id='word_1_246' title='bbox 1085 1941 1510 1994; x_wconf 80' lang='lat' dir='ltr'>condemnationem,</span> <span class='ocrx_word' id='word_1_247' title='bbox 1532 1940 1668 1999; x_wconf 85' lang='lat' dir='ltr'>gratia</span> 
     </span>
     <span class='ocr_line' id='line_1_26' title="bbox 281 2011 1665 2071; baseline 0.001 -19"><span class='ocrx_word' id='word_1_248' title='bbox 281 2019 425 2053; x_wconf 88' lang='lat' dir='ltr'>autem</span> <span class='ocrx_word' id='word_1_249' title='bbox 451 2026 500 2053; x_wconf 84' lang='lat' dir='ltr'>ex</span> <span class='ocrx_word' id='word_1_250' title='bbox 523 2011 670 2055; x_wconf 89' lang='lat' dir='ltr'>multis</span> <span class='ocrx_word' id='word_1_251' title='bbox 691 2012 859 2055; x_wconf 88' lang='lat' dir='ltr'>delictis</span> <span class='ocrx_word' id='word_1_252' title='bbox 887 2013 931 2055; x_wconf 89' lang='lat' dir='ltr'>in</span> <span class='ocrx_word' id='word_1_253' title='bbox 950 2013 1321 2071; x_wconf 82' lang='lat' dir='ltr'>justificationem.</span> <span class='ocrx_word' id='word_1_254' title='bbox 1344 2014 1408 2055; x_wconf 85' lang='lat' dir='ltr'>Ex</span> <span class='ocrx_word' id='word_1_255' title='bbox 1432 2026 1521 2054; x_wconf 89' lang='lat' dir='ltr'>uno</span> <span class='ocrx_word' id='word_1_256' title='bbox 1546 2025 1665 2069; x_wconf 84' lang='lat' dir='ltr'>ergo,</span> 
     </span>
     <span class='ocr_line' id='line_1_27' title="bbox 262 2079 1668 2141; baseline 0.002 -20"><span class='ocrx_word' id='word_1_257' title='bbox 262 2109 268 2115; x_wconf 63' lang='grc'><strong>«</strong></span> <span class='ocrx_word' id='word_1_258' title='bbox 283 2079 405 2137; x_wconf 80' lang='lat' dir='ltr'>quid,</span> <span class='ocrx_word' id='word_1_259' title='bbox 421 2081 498 2123; x_wconf 88' lang='lat' dir='ltr'>nisi</span> <span class='ocrx_word' id='word_1_260' title='bbox 519 2080 707 2125; x_wconf 85' lang='lat' dir='ltr'>delicto?</span> <span class='ocrx_word' id='word_1_261' title='bbox 725 2083 825 2141; x_wconf 82' lang='lat' dir='ltr'>quia</span> <span class='ocrx_word' id='word_1_262' title='bbox 840 2082 1050 2140; x_wconf 84' lang='lat' dir='ltr'>sequitur,</span> <span class='ocrx_word' id='word_1_263' title='bbox 1064 2083 1198 2139; x_wconf 81' lang='lat' dir='ltr'>gratia</span> <span class='ocrx_word' id='word_1_264' title='bbox 1213 2091 1359 2125; x_wconf 83' lang='lat' dir='ltr'>autem</span> <span class='ocrx_word' id='word_1_265' title='bbox 1377 2097 1426 2124; x_wconf 85' lang='lat' dir='ltr'>ex</span> <span class='ocrx_word' id='word_1_266' title='bbox 1440 2080 1587 2124; x_wconf 88' lang='lat' dir='ltr'>multis</span> <span class='ocrx_word' id='word_1_267' title='bbox 1598 2080 1668 2124; x_wconf 88' lang='lat' dir='ltr'>de·</span> 
     </span>
     <span class='ocr_line' id='line_1_28' title="bbox 283 2149 1668 2211; baseline 0.002 -20"><span class='ocrx_word' id='word_1_268' title='bbox 283 2149 407 2193; x_wconf 77' lang='lat' dir='ltr'>lictis.</span> <span class='ocrx_word' id='word_1_269' title='bbox 429 2152 580 2194; x_wconf 84' lang='lat' dir='ltr'>Dicant</span> <span class='ocrx_word' id='word_1_270' title='bbox 595 2151 681 2205; x_wconf 81' lang='lat' dir='ltr'>isti,</span> <span class='ocrx_word' id='word_1_271' title='bbox 700 2152 923 2211; x_wconf 85' lang='lat' dir='ltr'>quomodo</span> <span class='ocrx_word' id='word_1_272' title='bbox 936 2167 984 2195; x_wconf 79' lang='lat' dir='ltr'>ex</span> <span class='ocrx_word' id='word_1_273' title='bbox 999 2167 1088 2195; x_wconf 88' lang='lat' dir='ltr'>uno</span> <span class='ocrx_word' id='word_1_274' title='bbox 1106 2151 1266 2195; x_wconf 85' lang='lat' dir='ltr'>delicto</span> <span class='ocrx_word' id='word_1_275' title='bbox 1285 2153 1327 2194; x_wconf 89' lang='lat' dir='ltr'>in</span> <span class='ocrx_word' id='word_1_276' title='bbox 1340 2151 1668 2195; x_wconf 86' lang='lat' dir='ltr'>condemnatio-</span> 
     </span>
     <span class='ocr_line' id='line_1_29' title="bbox 282 2221 1668 2280; baseline 0.001 -18"><span class='ocrx_word' id='word_1_277' title='bbox 282 2235 397 2274; x_wconf 81' lang='lat' dir='ltr'>nem,</span> <span class='ocrx_word' id='word_1_278' title='bbox 412 2221 490 2263; x_wconf 89' lang='lat' dir='ltr'>nisi</span> <span class='ocrx_word' id='word_1_279' title='bbox 508 2222 609 2280; x_wconf 77' lang='lat' dir='ltr'>quia</span> <span class='ocrx_word' id='word_1_280' title='bbox 623 2222 784 2265; x_wconf 77' lang='lat' dir='ltr'>suflicit</span> <span class='ocrx_word' id='word_1_281' title='bbox 802 2222 855 2266; x_wconf 85' lang='lat' dir='ltr'>ad</span> <span class='ocrx_word' id='word_1_282' title='bbox 865 2223 1271 2266; x_wconf 84' lang='lat' dir='ltr'>condemnationem</span> <span class='ocrx_word' id='word_1_283' title='bbox 1283 2222 1411 2265; x_wconf 82' lang='lat' dir='ltr'>etiam</span> <span class='ocrx_word' id='word_1_284' title='bbox 1423 2236 1561 2265; x_wconf 89' lang='lat' dir='ltr'>unum</span> <span class='ocrx_word' id='word_1_285' title='bbox 1578 2221 1668 2265; x_wconf 90' lang='lat' dir='ltr'>ori-</span> 
     </span>
     <span class='ocr_line' id='line_1_30' title="bbox 282 2290 1669 2352; baseline 0.002 -19"><span class='ocrx_word' id='word_1_286' title='bbox 282 2290 423 2347; x_wconf 83' lang='lat' dir='ltr'>ginale</span> <span class='ocrx_word' id='word_1_287' title='bbox 438 2301 681 2350; x_wconf 76' lang='lat' dir='ltr'>peccatum,</span> <span class='ocrx_word' id='word_1_288' title='bbox 694 2293 814 2352; x_wconf 83' lang='lat' dir='ltr'>quod</span> <span class='ocrx_word' id='word_1_289' title='bbox 834 2294 879 2337; x_wconf 90' lang='lat' dir='ltr'>in</span> <span class='ocrx_word' id='word_1_290' title='bbox 899 2309 1047 2337; x_wconf 86' lang='lat' dir='ltr'>omnes</span> <span class='ocrx_word' id='word_1_291' title='bbox 1064 2293 1259 2337; x_wconf 90' lang='lat' dir='ltr'>homines</span> <span class='ocrx_word' id='word_1_292' title='bbox 1277 2293 1547 2351; x_wconf 76' lang='lat' dir='ltr'>pertransiit?</span> <span class='ocrx_word' id='word_1_293' title='bbox 1565 2293 1669 2337; x_wconf 86' lang='lat' dir='ltr'>Gra-</span> 
     </span>
     <span class='ocr_line' id='line_1_31' title="bbox 282 2361 1668 2422; baseline 0.002 -19"><span class='ocrx_word' id='word_1_294' title='bbox 282 2361 338 2403; x_wconf 81' lang='lat' dir='ltr'>tia</span> <span class='ocrx_word' id='word_1_295' title='bbox 353 2376 454 2405; x_wconf 88' lang='lat' dir='ltr'>vero</span> <span class='ocrx_word' id='word_1_296' title='bbox 476 2361 575 2406; x_wconf 91' lang='lat' dir='ltr'>ideo</span> <span class='ocrx_word' id='word_1_297' title='bbox 597 2378 647 2406; x_wconf 83' lang='lat' dir='ltr'>ex</span> <span class='ocrx_word' id='word_1_298' title='bbox 670 2364 815 2407; x_wconf 88' lang='lat' dir='ltr'>multis</span> <span class='ocrx_word' id='word_1_299' title='bbox 835 2364 1002 2408; x_wconf 88' lang='lat' dir='ltr'>delictis</span> <span class='ocrx_word' id='word_1_300' title='bbox 1024 2365 1064 2407; x_wconf 92' lang='lat' dir='ltr'>in</span> <span class='ocrx_word' id='word_1_301' title='bbox 1079 2363 1562 2422; x_wconf 80' lang='lat' dir='ltr'>justificationem‚quia</span> <span class='ocrx_word' id='word_1_302' title='bbox 1578 2378 1668 2407; x_wconf 88' lang='lat' dir='ltr'>non</span> 
     </span>
     <span class='ocr_line' id='line_1_32' title="bbox 282 2430 1669 2494; baseline 0.001 -19"><span class='ocrx_word' id='word_1_303' title='bbox 282 2430 422 2476; x_wconf 87' lang='lat' dir='ltr'>solum</span> <span class='ocrx_word' id='word_1_304' title='bbox 458 2431 569 2477; x_wconf 85' lang='lat' dir='ltr'>illud.</span> <span class='ocrx_word' id='word_1_305' title='bbox 593 2449 731 2477; x_wconf 89' lang='lat' dir='ltr'>unum</span> <span class='ocrx_word' id='word_1_306' title='bbox 755 2435 898 2489; x_wconf 78' lang='lat' dir='ltr'>solvit,</span> <span class='ocrx_word' id='word_1_307' title='bbox 925 2433 1045 2494; x_wconf 85' lang='lat' dir='ltr'>quod</span> <span class='ocrx_word' id='word_1_308' title='bbox 1071 2433 1332 2492; x_wconf 85' lang='lat' dir='ltr'>originaliter</span> <span class='ocrx_word' id='word_1_309' title='bbox 1359 2434 1560 2487; x_wconf 85' lang='lat' dir='ltr'>trahitur,</span> <span class='ocrx_word' id='word_1_310' title='bbox 1593 2433 1669 2477; x_wconf 86' lang='lat' dir='ltr'>sed</span> 
     </span>
    </p>
   </div>
   <div class='ocr_carea' id='block_1_3' title="bbox 285 2536 1665 2631">
    <p class='ocr_par' dir='ltr' id='par_1_3' title="bbox 285 2536 1665 2631">
     <span class='ocr_line' id='line_1_33' title="bbox 331 2536 1665 2577; baseline 0.002 -12"><span class='ocrx_word' id='word_1_311' title='bbox 331 2542 340 2555; x_wconf 82' lang='lat'>¹</span> <span class='ocrx_word' id='word_1_312' title='bbox 364 2536 454 2566; x_wconf 82' lang='lat' dir='ltr'>Rom.</span> <span class='ocrx_word' id='word_1_313' title='bbox 476 2546 526 2571; x_wconf 80' lang='grc' dir='ltr'>ιιι,</span> <span class='ocrx_word' id='word_1_314' title='bbox 545 2545 598 2567; x_wconf 68' lang='lat'>20.</span> <span class='ocrx_word' id='word_1_315' title='bbox 626 2554 665 2560; x_wconf 77' lang='lat'>-—-</span> <span class='ocrx_word' id='word_1_316' title='bbox 683 2544 695 2558; x_wconf 67' lang='lat' dir='ltr'>a</span> <span class='ocrx_word' id='word_1_317' title='bbox 717 2538 808 2575; x_wconf 65' lang='lat' dir='ltr'>mv,</span> <span class='ocrx_word' id='word_1_318' title='bbox 837 2537 885 2577; x_wconf 61' lang='lat'>13..</span> <span class='ocrx_word' id='word_1_319' title='bbox 905 2555 940 2561; x_wconf 84' lang='lat'>-=</span> <span class='ocrx_word' id='word_1_320' title='bbox 960 2537 971 2558; x_wconf 47' lang='grc' dir='ltr'>’ί</span> <span class='ocrx_word' id='word_1_321' title='bbox 993 2537 1071 2569; x_wconf 75' lang='lat' dir='ltr'>ibid.</span> <span class='ocrx_word' id='word_1_322' title='bbox 1100 2537 1133 2577; x_wconf 66' lang='grc'>[4</span> <span class='ocrx_word' id='word_1_323' title='bbox 1158 2538 1262 2570; x_wconf 58' lang='lat'><strong><em>0115.</em></strong></span> <span class='ocrx_word' id='word_1_324' title='bbox 1279 2537 1369 2570; x_wconf 73' lang='lat' dir='ltr'>—soi</span> <span class='ocrx_word' id='word_1_325' title='bbox 1393 2540 1463 2569; x_wconf 85' lang='lat' dir='ltr'>Cor.</span> <span class='ocrx_word' id='word_1_326' title='bbox 1481 2546 1537 2577; x_wconf 77' lang='lat' dir='ltr'>xv,</span> <span class='ocrx_word' id='word_1_327' title='bbox 1555 2545 1608 2568; x_wconf 66' lang='lat'>22.</span> <span class='ocrx_word' id='word_1_328' title='bbox 1625 2553 1665 2560; x_wconf 91' lang='lat'>—</span> 
     </span>
     <span class='ocr_line' id='line_1_34' title="bbox 285 2588 536 2631; baseline 0.008 -9"><span class='ocrx_word' id='word_1_329' title='bbox 285 2588 405 2625; x_wconf 71' lang='lat' dir='ltr'>fiRom.</span> <span class='ocrx_word' id='word_1_330' title='bbox 429 2600 459 2631; x_wconf 90' lang='lat' dir='ltr'>v,</span> <span class='ocrx_word' id='word_1_331' title='bbox 487 2591 536 2624; x_wconf 83' lang='lat'>15.</span> 
     </span>
    </p>
   </div>
  </div>
 </body>
</html>
