1784 3205
344 205 422 243 142
779 223 811 247 s.
849 221 1078 249 „mensum
1112 223 1295 252 muscorr

340 281 569 337 tentatori,
593 282 668 327 sed
691 292 741 328 ut
763 283 930 329 facilius
952 288 1210 332 resistamus.
1236 290 1365 343 Quod
1386 299 1532 335 tamen
1561 291 1717 352 quale-

335 365 521 410 cumque
542 361 584 396 et
605 354 1059 416 quantulumcumque
1082 358 1364 418 adjutorium,
1390 377 1489 405 eum
1511 362 1718 407 credibile

335 430 398 465 cst
418 421 463 465 in
490 422 573 468 hoc
601 425 860 470 constituere
875 461 886 481 ,
910 427 1030 487 quod
1052 429 1175 473 nobis
1197 429 1373 475 additur
1397 433 1576 478 scientia
1595 449 1717 479 reve-

332 490 453 535 lante
477 494 638 551 Spiritu
660 511 737 554 per
757 495 998 542 doctrinam
1017 533 1027 554 ,
1054 516 1186 559 quam
1208 501 1275 545 vel
1299 517 1387 546 non
1403 518 1629 561 possumus
1648 506 1717 550 vel

332 562 509 607 difficile
533 565 692 609 habere
720 582 946 625 possumus
970 585 1046 629 per
1075 580 1290 616 naturam.
1322 575 1406 618 Ista
1429 584 1532 619 sunt
1548 592 1648 636 quae
1670 577 1716 620 in

330 630 459 685 libro,
480 649 612 693 quem
634 637 803 696 scripsit
824 639 878 682 ad
901 640 1111 697 virginem
1132 642 1306 698 Christi,
1328 643 1552 689 advertere
1574 647 1714 705 potui,

331 700 407 744 ubi
429 702 602 747 videtur
629 707 809 763 gratiam
835 710 1031 753 confiteri
1053 729 1062 755 :
1091 727 1191 771 quae
1214 711 1410 771 profecto
1432 715 1576 774 qualia
1605 716 1714 773 sint,

328 772 481 831 utique
503 775 694 819 cernitis.

384 844 517 886 XLV.
542 862 560 885 «
576 847 757 904 Legant,
776 847 933 908 inquit,
954 850 1084 894 ctiam
1104 866 1251 896 recens
1268 868 1414 898 meum
1433 856 1711 914 opusculum,

326 911 447 968 quod
466 927 543 970 pro
563 913 699 959 libero
725 932 864 976 nuper
886 919 1064 964 arbitrio
1086 921 1214 966 edere
1236 925 1450 983 compulsi
1470 941 1618 970 sumus
1637 947 1647 984 3
1671 936 1714 972 et

326 992 560 1038 agnoscent
593 1001 723 1044 quam
763 988 911 1047 inique
949 1005 1026 1034 nos
1061 993 1291 1050 negatione
1325 996 1471 1052 gratiae
1503 996 1713 1041 infamare

325 1052 547 1108 gestierint
566 1089 577 1106 ‚
602 1057 677 1116 qui
700 1072 777 1115 per
798 1067 939 1103 totum
963 1076 1073 1119 pene
1094 1063 1227 1121 ipsius
1257 1073 1422 1109 textum
1452 1069 1593 1125 operis
1614 1083 1714 1127 per-

322 1118 437 1165 fecte
469 1133 602 1184 atque
631 1127 797 1186 integre
829 1139 871 1174 et
897 1129 1082 1175 liberum
1114 1134 1341 1179 arbitrium
1375 1138 1637 1182 confitemur
1669 1147 1713 1182 et

323 1192 505 1248 gratiam
530 1196 559 1236 ¹.
589 1213 608 1236 »
635 1199 828 1248 Quatuor
847 1210 948 1244 sunt
973 1200 1074 1245 libri
1098 1206 1238 1262 operis
1260 1206 1390 1265 hujus
1407 1242 1417 1261 ,
1439 1217 1482 1251 et
1504 1209 1580 1252 hos
1602 1208 1706 1267 legi,

321 1268 362 1304 et
387 1276 438 1304 ex
459 1262 540 1307 illis
558 1267 719 1325 sumpsi
742 1284 841 1327 quae
864 1272 1091 1317 tractanda
1116 1283 1158 1318 et
1180 1275 1453 1322 discutienda
1474 1279 1704 1338 proposui,

319 1338 429 1385 et-ut
448 1335 571 1391 potui
593 1340 868 1394 pertractavi,
884 1350 1117 1401 antequam
1137 1344 1192 1388 ad
1209 1347 1300 1405 ejus
1319 1348 1391 1391 lias
1409 1348 1589 1405 litteras,
1604 1366 1704 1409 quae

318 1403 502 1446 Romam
526 1405 663 1449 missae
681 1417 798 1462 sunt,
825 1412 1083 1457 veniremus,
1112 1416 1195 1460 Sed
1216 1418 1259 1459 in
1284 1418 1347 1462 his
1364 1419 1493 1463 etiam
1514 1430 1703 1479 quatuor

317 1470 436 1516 libris
454 1491 746 1537 quaecumque
774 1495 852 1538 pro
873 1485 1007 1539 gratia
1031 1485 1204 1529 videtur
1220 1487 1378 1544 dicere,
1401 1492 1706 1550 quajuvamur

318 1552 366 1587 ut
386 1544 653 1592 declinemus
677 1565 699 1593 a
733 1552 848 1596 malo
872 1555 1128 1615 bonumque
1152 1558 1359 1604 faciamus
1380 1595 1390 1615 ,
1415 1561 1472 1605 ita
1495 1563 1629 1617 dicit,
1656 1573 1705 1607 ut

316 1615 439 1660 nullo
461 1620 592 1663 modo
610 1636 632 1663 a
655 1623 888 1668 verborum
913 1627 1193 1685 ambiguitate
1216 1631 1409 1676 discedat
1428 1667 1438 1688 ,
1458 1649 1587 1692 quam
1612 1633 1702 1678 dis-

313 1685 466 1744 cipulis
483 1689 542 1732 sic
560 1691 692 1748 possit
711 1708 941 1753 exponere,
961 1707 1009 1742 ut
1022 1699 1194 1743 nullum
1217 1701 1425 1746 auxilium
1443 1705 1591 1762 gratiae
1607 1721 1700 1750 cre-

312 1755 434 1811 dant,
459 1774 544 1818 qua
562 1771 729 1806 naturae
745 1766 1001 1821 possibilitas
1014 1769 1258 1829 adjuvetur,
1274 1773 1355 1816 nisi
1371 1774 1417 1818 in
1434 1778 1547 1833 Lege
1568 1785 1700 1836 atque

311 1826 510 1873 doctrina
537 1849 545 1874 :
572 1832 630 1875 ita
651 1842 699 1876 ut
722 1834 833 1893 ipsas
856 1853 1034 1898 quoque
1055 1843 1285 1897 orationes,
1300 1853 1348 1888 ut
1366 1844 1409 1888 in
1425 1847 1593 1905 scriptis
1612 1848 1699 1892 suis

310 1899 575 1954 apertissime
605 1903 813 1960 affirmat,
840 1908 895 1961 ad
917 1909 1024 1953 nihil
1046 1910 1165 1955 aliud
1183 1913 1452 1959 adhibendas
1467 1917 1694 1976 opinetur,

309 1966 390 2009 nisi
412 1977 461 2011 ut
482 1970 606 2014 nobis
631 1972 827 2019 doctrina
850 1978 980 2021 etiam
998 1979 1143 2025 divina
1167 1984 1426 2029 revelatione
1448 1988 1666 2045 aperiatur
1680 2023 1692 2044 ,

307 2050 396 2080 non
427 2047 476 2082 ut
497 2040 727 2098 adjuvetur
760 2061 878 2089 mens
901 2048 1108 2105 hominis,
1145 2062 1192 2096 ut
1224 2053 1269 2096 id
1293 2055 1412 2114 quod
1442 2057 1693 2102 faciendum

306 2120 394 2150 esse
416 2108 630 2166 didicerit,
651 2114 781 2158 etiam
802 2115 1034 2163 dilectione
1052 2129 1095 2164 et
1112 2123 1281 2167 actione
1301 2128 1508 2183 perficiat.
1536 2130 1604 2173 Ab
1618 2130 1693 2174 illo

306 2179 421 2221 enim
455 2196 534 2225 suo
565 2185 912 2233 manifestissimo
940 2190 1145 2249 dogmate
1175 2209 1264 2238 non
1292 2196 1455 2241 recedit
1483 2199 1688 2256 omnino,

306 2248 382 2291 ubi
401 2250 482 2294 tria
505 2250 577 2296 illa
600 2256 846 2310 constituit,
873 2261 1220 2319 possibilitatem,
1244 2265 1531 2324 voluntatem,
1554 2271 1691 2315 actio-

253 2354 256 2358 .
304 2332 403 2362 nem
421 2340 432 2364 2
447 2330 489 2364 et
502 2322 636 2367 solam
651 2327 997 2385 possibilitatem,
1016 2331 1121 2376 dicit
1142 2334 1290 2379 divino
1304 2336 1498 2396 adjuvari
1520 2355 1690 2400 semper

302 2389 460 2434 auxilio
484 2412 494 2448 3
521 2393 786 2441 voluntatem
810 2409 954 2444 autem
973 2411 1016 2445 et
1038 2404 1250 2448 actionem
1275 2406 1397 2452 nullo
1419 2410 1491 2453 Dei
1513 2410 1688 2470 adjuto-

300 2459 364 2504 rio
386 2461 599 2508 existimat
619 2466 826 2526 indigere.
848 2475 995 2530 Ipsum
1019 2489 1119 2520 vcro
1145 2476 1369 2533 auxilium,
1394 2496 1483 2540 quo
1500 2482 1685 2540 possibi-

352 2548 357 2563 ¹
384 2545 496 2589 Pelagii
512 2548 584 2581 libri
603 2561 631 2583 iv
651 2563 707 2593 pro
726 2554 825 2587 libero
844 2557 986 2590 arbitrio,
