1784 3205
337 221 418 261 208
776 230 808 258 s.
846 231 1074 259 morsum
1111 232 1289 259 EPISCOPI

335 297 531 351 fuerunt,
554 311 642 341 non
664 297 743 341 sibi
763 313 839 357 per
860 297 1148 351 connubium,
1174 296 1246 341 sed
1265 312 1338 356 per
1354 306 1551 355 stuprum
1579 299 1720 356 potius

335 378 649 413 convenerunt.
675 369 716 414 Si
749 378 892 413 autem
924 384 1012 413 non
1044 368 1174 413 ambo
1205 378 1306 412 sunt
1330 368 1433 412 tales
1453 402 1464 422 ,
1489 367 1628 412 audeo
1651 369 1721 413 di-

335 455 431 485 cere
448 475 458 493 ,
485 449 560 484 aut
582 440 652 484 illa
676 449 739 485 est
765 440 955 502 quodam
980 439 1112 486 modo
1141 441 1342 485 meretrix
1364 439 1521 495 mariti,
1547 449 1622 484 aut
1649 439 1721 484 ille

335 511 507 556 adulter
524 512 681 557 uxoris.

395 584 561 627 XVIII.
600 582 711 636 Quia
744 583 876 641 igitur
918 583 1082 642 nuptiae
1122 581 1225 626 tales
1262 596 1351 626 esse
1394 597 1481 627 non
1516 591 1719 641 possunt,

336 653 486 712 quales
498 653 741 712 primorum
756 653 1000 707 hominum,
1019 654 1052 696 si
1070 662 1296 712 peccatum
1314 668 1402 697 non
1422 652 1720 713 praecessisset,

335 738 424 768 esse
442 733 683 783 potuerunt
714 745 725 782 3
748 724 833 768 sint
856 723 962 768 tales
984 724 1135 784 quales
1156 733 1404 769 sanctorum
1429 734 1603 784 patrum
1627 723 1723 767 fue-

334 803 452 851 runt,
479 803 527 839 ut
551 793 757 856 ppdenda
780 795 920 840 carnis
942 796 1290 854 concupiscentia
1308 831 1319 850 ,
1342 811 1441 855 quae
1459 796 1503 839 in
1526 793 1723 854 paradiso

333 880 414 910 nee
438 875 538 910 ante
560 860 789 925 peccatum
814 864 912 919 fuit,
935 881 1014 910 nec
1034 875 1130 926 post
1154 875 1377 925 peccatum
1406 881 1496 910 esse
1518 865 1725 925 permissa

334 945 398 981 est
424 955 432 981 :
460 937 561 996 quia
582 952 754 982 necesse
777 946 841 981 est
861 938 904 982 in
926 952 1107 996 corpore
1135 938 1285 982 mortis
1303 938 1432 996 hujus
1461 947 1508 981 ut
1528 938 1602 993 sit,
1636 952 1725 981 non

335 1008 374 1051 ei
404 1008 642 1064 serviatur,
668 1008 745 1054 sed
776 1010 866 1068 ipsa
901 1009 1045 1069 potius
1080 1025 1169 1053 non
1200 1009 1280 1053 nisi
1309 1010 1363 1053 ad
1397 1007 1726 1069 propagandam

334 1079 499 1138 prolem
528 1080 688 1125 servire
708 1088 902 1139 cogatur.
933 1084 1021 1125 Aut
1049 1081 1150 1141 quia
1172 1081 1255 1125 hoe
1281 1090 1474 1140 tempus,
1496 1079 1616 1141 quod
1634 1082 1725 1139 jam

334 1165 424 1195 esse
449 1151 634 1196 diximus
662 1151 917 1196 continendi
940 1151 993 1195 ab
1017 1151 1217 1212 amplexu
1241 1154 1270 1207 ¹,
1307 1167 1394 1196 non
1424 1152 1558 1196 habet
1594 1151 1726 1210 hujus

333 1222 465 1265 ollicii
487 1222 784 1266 necessitatem
801 1257 812 1277 ,
839 1222 1061 1282 adjacente
1084 1222 1282 1283 undique
1296 1222 1499 1267 omnibus
1524 1221 1727 1281 gentibus

332 1300 453 1336 tanta
484 1291 707 1336 sterilitate
735 1291 1055 1352 gignendorum
1083 1292 1332 1351 spiritaliter
1360 1291 1549 1336 filiorum
1577 1312 1588 1350 3
1615 1290 1728 1335 illud

334 1363 480 1421 potius
493 1363 740 1408 excellentis
758 1364 1043 1408 continentiae
1058 1364 1238 1408 bonum.
1260 1364 1376 1417 «Qui
1392 1373 1532 1423 potest
1554 1378 1723 1423 capere,

341 1453 359 1473 ›»
383 1435 523 1493 capiat
547 1435 579 1477 ¹2.
609 1451 629 1475 »
656 1434 741 1488 Qui
758 1447 860 1478 vero
878 1434 923 1478 id
949 1449 1102 1494 capere
1121 1451 1210 1479 non
1234 1444 1375 1494 potest
1396 1469 1406 1491 ,
1437 1454 1457 1477 «
1485 1444 1528 1479 et
1546 1435 1579 1478 si
1602 1449 1726 1479 acce-

335 1505 447 1562 perit
470 1519 668 1558 uxorem,
694 1520 783 1550 non
807 1507 981 1564 peccat²³
1009 1525 1016 1550 :
1042 1523 1060 1547 »
1080 1515 1122 1549 et
1143 1506 1325 1550 foemina
1353 1525 1372 1548 «
1393 1506 1427 1550 si
1447 1521 1492 1550 se
1509 1521 1597 1550 non
1621 1521 1726 1550 con·

334 1593 355 1617 »
392 1577 517 1631 tinet,
551 1577 704 1621 nubat.
737 1578 908 1622 Bonum
938 1587 1002 1622 est
1034 1577 1148 1621 enim
1176 1577 1341 1622 homini
1379 1576 1605 1621 mulierem
1638 1592 1727 1622 non

334 1665 355 1688 »
392 1650 611 1707 tangere4.
642 1667 660 1689 »
688 1650 849 1693 Verum
874 1649 975 1709 quia
1004 1669 1023 1690 «
1052 1665 1140 1693 non
1164 1665 1314 1694 omnes
1337 1649 1519 1708 capiunt
1540 1648 1724 1693 verbum

336 1737 355 1760 »
391 1720 474 1764 hoe
491 1755 501 1773 ,
527 1719 602 1764 sed
626 1720 788 1780 quibus
815 1720 967 1764 datum
988 1729 1051 1765 est
1078 1741 1087 1777 3
1120 1729 1251 1765 restat
1268 1729 1318 1764 ut
1337 1729 1515 1780 propter
1538 1718 1726 1764 fornica-

337 1806 356 1829 »
394 1789 530 1833 tiones
561 1790 863 1850 unusquisque
885 1806 1005 1834 suam
1036 1806 1213 1835 uxorem
1238 1791 1418 1845 habeat,
1450 1798 1493 1833 et
1515 1805 1726 1849 unaquae-

335 1877 355 1900 »
391 1875 477 1919 que
499 1861 642 1905 virum
662 1876 789 1905 suum
805 1861 987 1906 habeat-5
1005 1880 1013 1906 :
1033 1879 1053 1901 »
1081 1877 1129 1905 ac
1150 1862 1184 1905 si
1203 1861 1429 1906 infirmitas
1448 1858 1726 1905 incontinen-
1780 1917 1784 1920 ι

295 1954 301 1960 2
335 1931 426 1985 tiae,
452 1947 507 1975 ne
522 1931 647 1976 cadat
666 1931 711 1976 in
728 1932 898 1975 ruinam
922 1932 1186 1991 flagitiorum
1204 1967 1214 1987 ,
1238 1932 1476 1991 excipiatur
1497 1933 1724 1977 honestate

333 2002 601 2060 nuptiarum.
629 2003 758 2055 Quod
782 2002 898 2046 enim
921 2003 979 2046 ait
1001 2002 1234 2061 Apostolus
1255 2004 1309 2047 de
1329 2002 1542 2047 foeminis:
1568 2022 1587 2045 «
1613 2002 1724 2047 Volo

335 2087 355 2110 »
380 2071 513 2129 igitur
529 2072 723 2130 juniores
740 2072 907 2116 nubere
921 2073 936 2098 ⁰
954 2087 991 2115 ε»
1005 2073 1087 2116 hoc
1101 2082 1143 2116 et
1161 2072 1215 2116 de
1235 2073 1426 2117 maribus
1450 2072 1535 2117 dici
1552 2081 1718 2133 potest:

334 2141 445 2186 Volo
457 2143 651 2202 juniores
674 2158 829 2187 uxores
849 2142 1009 2187 ducere
1033 2162 1040 2187 :
1062 2152 1111 2187 ut
1128 2144 1180 2187 ad
1197 2153 1434 2204 utrumque
1449 2160 1598 2189 sexum
1622 2160 1722 2204 per-

337 2214 470 2257 tineat
487 2249 497 2267 ,
526 2233 545 2253 »
574 2213 684 2258 filios
704 2229 931 2273 procreare
949 2249 959 2269 ,
985 2223 1127 2274 patres
1149 2224 1192 2259 et
1214 2215 1575 2260 matres-familias
1605 2231 1720 2272 esse,

334 2284 500 2329 nullam
523 2285 793 2330 occasionem
814 2285 918 2329 dare
940 2286 1182 2330 adversario
1204 2286 1421 2331 maledicti
1441 2288 1576 2346 gratia
1599 2290 1660 2331 ⁷.»

393 2357 515 2399 xlx.
536 2358 586 2399 ln
598 2355 760 2416 nuptiis
773 2365 918 2401 tamen
934 2356 1049 2401 bona
1064 2356 1275 2416 nuptialia
1289 2356 1544 2417 diligantur,
1561 2358 1721 2418 proles,

335 2424 459 2481 fides,
474 2436 807 2472 sacramentum.
836 2428 920 2473 Sed
940 2428 1098 2488 proles,
1125 2443 1213 2472 non
1237 2438 1286 2472 ut
1306 2438 1507 2473 nascatur
1530 2438 1718 2483 tantum,

385 2535 393 2549 ¹
415 2527 523 2560 Eccle.
548 2539 593 2560 ιιι.
610 2545 651 2550 -
668 2535 680 2550 ²
711 2528 822 2561 Mattli.
854 2540 926 2570 xix,
952 2540 1000 2560 ιι.
1023 2527 1089 2552 —3
1123 2541 1132 2559 r
1158 2531 1232 2562 Cor.
1262 2541 1304 2561 vn
1322 2553 1329 2567 ‚
1361 2533 1471 2562 215—
1491 2529 1504 2554 4
1524 2530 1605 2563 lbid.
1634 2542 1660 2563 1.
1679 2549 1719 2555 -—

339 2581 352 2607 ⁵
371 2584 577 2626 Matth.x1x,
599 2594 650 2617 n.
668 2581 735 2608 ...6
760 2595 770 2617 ι
792 2586 864 2618 Cor.
885 2594 941 2626 vn,
963 2588 1075 2618 22—-2
1099 2595 1109 2617 1
1134 2585 1212 2618 Tim.
1235 2595 1266 2628 v,
1291 2585 1340 2627 ¹4·
