1784 3205
335 253 420 292 336
755 263 788 288 s.
823 254 1055 288 Aucusrim
1089 256 1271 284 Emscom

333 329 479 388 potuit
507 328 650 372 anima
684 342 775 371 esse
816 324 1058 385 peccatrix,
1104 323 1185 367 nisi
1214 338 1308 368 earn
1334 325 1446 366 Deus
1476 320 1715 365 miscuisset

335 399 475 444 carnis
496 398 713 443 consortio
743 395 1005 456 peccatricis.
1042 412 1062 435 »
1088 396 1183 447 Qua
1204 408 1306 452 ergo
1339 393 1504 452 justitia
1532 390 1579 434 id
1600 390 1716 434 fece-

334 471 390 514 rit
402 472 538 524 Deus,
571 484 670 513 cum
710 467 788 511 iste
807 466 1001 510 invenire
1024 480 1112 508 non
1143 473 1311 523 posset3
1335 462 1519 506 maxime
1541 469 1718 520 propter

334 550 542 585 aeternam
571 539 892 584 damnationem
916 536 1194 580 morientium
1217 533 1499 594 parvulorum
1519 566 1530 586 ,
1557 532 1719 591 quibus

334 627 424 657 non
447 611 674 670 baptizatis
697 608 913 668 expiatum
945 622 1034 652 non
1061 606 1194 650 fuerit
1220 602 1428 663 originale
1454 611 1682 661 peccatum
1710 620 1719 645 :

336 697 414 726 cur
449 682 596 740 itaque
634 683 747 724 Deus
773 679 916 738 justus
950 685 992 720 et
1027 676 1191 729 bonus,
1226 673 1507 734 parvulorum
1540 671 1720 725 animas,

334 751 495 811 quibus
539 749 751 808 praescivit
783 762 872 791 non
913 747 1232 791 subventurum
1275 743 1531 788 Christianae
1578 741 1725 799 gratiae

335 829 676 874 sacramentum,
718 819 773 863 ab
809 817 927 861 omni
969 832 1079 861 noxa
1118 814 1363 874 propaginis
1398 813 1580 867 liberas,
1622 811 1726 854 mit-

334 892 469 938 tendo
491 892 535 934 in
563 905 720 950 corpus
743 888 863 949 quod
894 903 942 930 cx
964 886 1102 931 Adam
1126 886 1334 939 trahitur,
1360 884 1537 928 vinculo
1559 881 1725 941 peccati

336 961 553 1019 originalis
572 960 875 1013 obstrinxerit,
897 967 1027 1018 atque
1045 958 1127 1000 isto
1150 954 1281 1000 modo
1299 969 1397 998 reas
1413 963 1586 997 aeternae
1609 950 1725 995 dam-

335 1032 523 1077 nationis
551 1030 767 1083 effecerit,
803 1044 903 1073 cum
935 1027 1128 1072 invenire
1158 1041 1248 1070 non
1278 1033 1447 1085 posset,
1484 1038 1565 1066 nec
1597 1021 1728 1065 vellet

342 1102 485 1147 dicere
508 1102 637 1146 etiam
659 1101 771 1160 ipsas
793 1115 844 1143 ex
865 1098 938 1142 illa
962 1113 1050 1141 una
1073 1096 1284 1154 originem
1319 1095 1490 1139 trahere
1515 1090 1728 1152 peccatri-

341 1188 437 1217 cem
475 1191 484 1217 :
518 1171 672 1215 maluit
714 1186 790 1230 per
833 1167 1109 1226 naufragium
1144 1164 1389 1210 miserabile
1423 1164 1561 1218 exire,
1597 1176 1729 1222 quam

336 1242 616 1286 temerarium
640 1254 816 1285 cursum
837 1237 943 1283 velis
964 1236 1192 1296 depositiS,
1219 1244 1262 1278 et
1283 1235 1409 1278 remis
1431 1249 1519 1277 suae
1538 1233 1729 1291 disputa-

335 1314 466 1359 tionis
504 1313 726 1367 inhibitis,
766 1309 946 1370 provida
995 1307 1308 1352 deliberatione
1352 1305 1537 1348 frenare.
1590 1303 1730 1347 Viluit

336 1385 499 1444 quippe
521 1383 673 1443 juveni
694 1381 837 1426 senilis
861 1388 1006 1424 nostra
1027 1377 1248 1422 cunctatio
1266 1411 1277 1431 ,
1302 1375 1422 1436 quasi
1444 1375 1546 1418 huic
1568 1372 1727 1418 moles-

337 1455 511 1499 tissimae
528 1469 576 1498 ac
594 1450 967 1512 periculosissimae
984 1447 1216 1508 quaestioni
1232 1446 1366 1505 magis
1388 1445 1521 1488 fuerit
1542 1444 1728 1503 impetus

337 1524 621 1583 eloquentiae,
647 1536 778 1581 quam
814 1518 1043 1564 consilium
1069 1516 1314 1576 prudentiae
1343 1515 1647 1559 necessarium.
1673 1515 1730 1556 Et

337 1593 538 1653 praevidit
564 1593 648 1635 hoc
670 1591 798 1635 etiarn
820 1589 911 1648 ipse
927 1623 938 1643 ,
968 1588 1044 1631 sed
1066 1587 1240 1631 frustra.
1262 1588 1371 1631 Nam
1396 1585 1490 1629 haec
1510 1583 1591 1628 sibi
1608 1582 1730 1627 velut

338 1664 393 1708 ab
411 1662 661 1707 adversariis
683 1659 984 1720 propositurus
1007 1658 1193 1717 objecta,
1212 1674 1232 1697 n
1250 1659 1314 1699 Ex
1332 1656 1433 1699 hinc
1451 1654 1549 1708 alia,
1566 1652 1727 1712 inquit,

337 1734 652 1778 substruuntur
673 1729 906 1790 opprobria
926 1726 1118 1787 querulis
1145 1724 1566 1770 murmurationibus
1602 1720 1729 1767 obla-

336 1804 574 1858 trantium,
601 1812 644 1847 et
676 1800 841 1846 excussi
877 1798 999 1859 quasi
1030 1796 1224 1857 quodam
1257 1796 1454 1848 turbine,
1488 1791 1728 1837 identidem

338 1876 453 1919 inter
481 1874 685 1918 immania
712 1887 811 1916 saxa
840 1868 1104 1915 collidimur.
1132 1886 1152 1909 »
1183 1867 1258 1911 His
1281 1865 1500 1925 praedictis
1521 1864 1729 1923 quaestio-

339 1961 441 1990 nem
463 1961 591 2005 supra
614 1944 774 1989 dictam
805 1940 1195 2000 scopulosissimam
1223 1937 1303 1982 sibi
1332 1936 1583 1996 proposuit,
1609 1934 1684 1978 ubi
1706 1950 1730 1978 a

338 2015 425 2060 fide
444 2015 657 2060 catholica
679 2012 952 2070 naufragavit
969 2046 979 2066 ,
1003 2010 1083 2054 nisi
1106 2009 1304 2053 refecerit
1324 2005 1582 2067 poenitendo
1606 2003 1730 2064 quod

338 2086 484 2145 fregit.
504 2086 635 2130 Illum
659 2100 739 2144 ego
755 2083 977 2128 turbinem
992 2091 1123 2140 atque
1140 2080 1213 2124 illa
1226 2095 1324 2124 saxa
1338 2078 1551 2131 devitans,
1572 2089 1730 2120 navem

338 2156 423 2201 illis
437 2156 708 2202 committere
724 2153 845 2198 nolui
865 2172 873 2197 :
897 2162 940 2197 et
961 2152 1016 2195 de
1038 2152 1117 2194 hac
1135 2151 1251 2194 reita
1269 2150 1431 2208 scripsi,
1448 2157 1498 2193 ut
1517 2148 1729 2192 rationem

340 2228 486 2286 potius
511 2225 798 2272 cunctationis
825 2238 955 2277 meae,
993 2236 1125 2281 quam
1159 2221 1448 2264 temeritatem
1484 2231 1729 2276 praesump-

340 2298 471 2342 tionis
488 2296 801 2342 ostenderem1.
823 2312 842 2335 »
870 2293 999 2346 Quod
1025 2290 1285 2350 opusculum
1308 2304 1455 2332 meum
1490 2303 1591 2332 cum
1613 2284 1731 2346 apud

341 2377 385 2412 te
412 2369 664 2422 invenisset,
695 2366 848 2419 irrisit,
874 2378 1006 2423 seque
1028 2362 1112 2405 illis
1136 2361 1336 2406 cautibus
1365 2358 1621 2403 animosiore
1649 2358 1732 2400 im-

341 2447 448 2496 petu
475 2453 608 2498 quarn
649 2435 913 2481 consultiore
942 2432 1169 2478 commisit,
1212 2433 1296 2476 Sed
1329 2445 1417 2489 quo
1451 2444 1551 2473 eum
1586 2427 1731 2487 praefi-

392 2549 401 2566 ¹
422 2544 457 2574 ln
471 2541 525 2573 lib.
544 2552 580 2573 in
595 2542 635 2573 de
652 2540 752 2572 libero
769 2539 914 2579 arbitrio,
934 2549 1007 2580 cap.
1027 2546 1082 2578 21,
1098 2537 1154 2568 lib.
1171 2547 1191 2568 ιι
1214 2536 1254 2567 de
1272 2537 1437 2576 peccator.
1459 2532 1565 2565 Merit.
1589 2542 1660 2574 cap.
1680 2531 1730 2563 ul-

346 2599 414 2632 tim.
435 2601 469 2630 et
485 2596 585 2639 Epist.
600 2607 684 2636 cmi,
702 2596 742 2628 ad
760 2594 946 2636 Hieronym,
967 2600 998 2626 ct
1015 2604 1086 2632 cxc,
1107 2592 1145 2625 ad
1166 2594 1330 2633 Optatam.
