1784 3205
342 231 423 272 458
778 247 811 273 s.
848 244 1077 273 Aucus-nm
1109 224 1290 273 upiscom

341 310 491 369 gratia.
518 309 646 368 Quod
670 309 989 363 additamento,
1015 309 1058 353 id
1081 319 1172 364 est,
1198 308 1398 354 addendo
1414 308 1604 364 facilius,
1629 311 1719 355 uti·

337 397 424 441 quc
457 381 670 439 significat
692 381 775 425 hoc
805 395 848 423 se
877 396 1050 439 sapere,
1086 380 1206 439 quod
1235 381 1363 423 etiam
1400 381 1432 423 si
1461 381 1608 438 gratiae
1644 381 1721 425 de-

338 452 471 495 fuerit
506 452 798 510 adjutorium,
833 460 1006 509 potest,
1037 451 1232 510 quamvis
1269 449 1516 498 difficilius.
1553 451 1722 510 impleri

338 522 504 565 bonum
531 537 605 579 per
637 520 825 564 liberum
851 521 1090 564 arbitrium.
1128 521 1211 564 Sed
1235 521 1350 575 istis,
1376 519 1483 579 quid
1503 521 1546 563 in
1574 521 1654 565 hac
1677 536 1723 565 re

337 595 545 646 sentiant,
566 608 655 635 non
673 591 727 635 de
743 591 817 635 illo
837 601 1013 636 auctore
1032 592 1158 650 hujus
1176 591 1346 634 haeresis
1363 591 1690 649 praescribamus
1710 610 1718 637 :

337 665 637 723 permittamus
671 679 742 717 eos
778 678 877 706 cum
911 679 988 707 suo
1021 662 1156 706 libero
1179 663 1355 705 arbitrio
1383 678 1472 705 esse
1499 661 1658 706 liberos
1680 672 1724 706 et

338 736 392 778 al)
414 735 505 793 ipso
529 733 724 792 Pelagio3
752 743 885 793 atquc
908 734 983 777 ista
1008 733 1135 777 verba
1160 748 1306 776 00111111
1326 767 1336 786 ,
1362 749 1460 791 quae
1482 734 1525 775 in
1548 733 1628 776 hac
1653 733 1723 776 cui

342 804 657 863 respondemus
679 804 856 863 epistola
882 813 1148 863 posuerunt,
1169 804 1310 863 potius
1332 802 1620 846 attendamus.

398 878 565 919 XVIII.
605 878 698 918 Hoc
721 875 836 918 enim
862 875 987 918 nohis
1015 874 1304 934 objiciendum
1336 883 1569 932 putarunt,
1603 874 1720 933 quod

342 965 361 988 «
387 946 524 989 invito
551 955 594 989 ct
616 945 850 989 reluctanti
873 945 1040 989 homini
1065 949 1198 988 Deum
1224 944 1418 987 dicamus
1445 944 1673 1003 inspirare,
1700 963 1719 987 »

342 1034 361 1058 «
389 1032 478 1059 non
517 1017 861 1076 quanticumque
897 1017 1000 1061 boni
1019 1051 1032 1071 ,
1074 1017 1149 1059 sed.
1191 1033 1210 1057 «
1246 1023 1288 1058 et
1317 1015 1449 1074 ipsius
1487 1014 1725 1074 imperfecti

336 1087 634 1144 cupiditatem.
661 1086 869 1130 Fortassis
893 1101 995 1144 ergo
1018 1086 1097 1144 ipsi
1130 1101 1181 1129 eo
1211 1084 1342 1129 modo
1372 1084 1523 1129 saltem
1555 1095 1726 1130 servant

335 1154 483 1200 locum
506 1156 654 1213 gratiae
672 1190 683 1209 ,
710 1165 757 1198 ut
781 1155 872 1199 sine
897 1155 968 1198 illa
996 1164 1152 1214 putent
1173 1156 1395 1199 hominem
1420 1171 1541 1214 posse
1566 1157 1726 1200 habere

335 1227 463 1281 boni,
504 1228 579 1269 sed
612 1225 857 1285 imperfecti
891 1226 1171 1285 cupiditatem
1191 1247 1202 1282 3
1240 1225 1421 1284 perfecti
1458 1236 1600 1270 autem
1637 1243 1726 1272 non

337 1296 504 1341 facilius
525 1312 602 1355 per
636 1295 755 1340 illam
788 1311 911 1355 posse
928 1331 938 1351 ,
973 1296 1046 1340 sed
1071 1296 1151 1339 nisi
1178 1311 1254 1353 per
1277 1294 1397 1339 illam
1431 1297 1610 1341 omnino
1638 1313 1727 1342 non

338 1383 476 1426 posse.
502 1370 662 1411 Verum
688 1376 729 1410 et
752 1369 810 1411 sic
834 1365 1011 1425 {gratiam
1039 1368 1113 1410 Dei
1139 1367 1291 1411 dicunt
1313 1368 1551 1411 secundum
1576 1370 1727 1414 merita

340 1448 482 1481 nostra
507 1438 599 1481 dari
623 1457 632 1483 ;
658 1437 776 1497 quod
795 1438 838 1481 in
863 1439 1039 1481 Oriente
1059 1437 1254 1494 Pelagius
1274 1437 1580 1482 Ecclesiasticis
1598 1439 1724 1497 gestis

335 1508 532 1552 damnari
556 1507 751 1551 timendo
773 1507 995 1551 damnavit
1010 1509 1039 1550 ¹.
1070 1507 1111 1551 Si
1134 1507 1246 1550 enim
1270 1508 1361 1550 sine
1384 1507 1460 1551 Dei
1487 1509 1620 1566 gratia
1648 1523 1725 1568 per

336 1593 413 1621 nos
436 1578 589 1636 incipit
612 1578 826 1636 cupiditas
850 1578 977 1627 boni3
1005 1579 1145 1636 ipsum
1172 1587 1364 1636 coeptum
1389 1578 1469 1622 erit
1493 1579 1693 1623 meritum
1710 1614 1721 1635 ,

335 1649 405 1692 cui
430 1647 635 1707 tanquam
660 1664 710 1691 ex
732 1647 883 1691 debito
907 1648 1053 1703 gratiae
1087 1648 1234 1691 veniat
1260 1648 1522 1707 adjutorium
1554 1669 1562 1694 :
1587 1665 1636 1694 ac
1667 1651 1726 1695 sic

335 1718 469 1776 gratia
494 1718 570 1761 Dei
594 1733 683 1761 non
705 1719 834 1775 gratis
859 1716 1097 1761 donabitur
1116 1752 1126 1771 ,
1155 1717 1229 1760 sed
1254 1718 1494 1761 secundum
1523 1721 1724 1764 meritum

334 1799 529 1833 nostrum
546 1789 735 1832 dabitur.
754 1789 958 1832 Dominus
973 1798 1117 1831 autem
1135 1797 1184 1831 ut
1200 1789 1480 1846 responderet
1492 1788 1642 1834 futuro
1652 1794 1725 1834 Pe-

332 1862 462 1920 lagio,
484 1877 572 1904 non
590 1862 649 1904 ait
671 1881 679 1905 2
699 1862 798 1905 Sine
816 1876 884 1904 me
903 1859 1080 1904 difficile
1096 1860 1270 1919 potestis
1288 1859 1453 1920 aliquid
1467 1861 1609 1905 facere
1628 1862 1723 1906 :sed

334 1931 391 1974 ait
422 1951 430 1975 ;
460 1951 477 1972 «
502 1932 600 1975 Sine
620 1946 688 1974 me
710 1931 821 1974 nihil
843 1930 1020 1989 potestis
1040 1928 1182 1974 facere
1198 1933 1229 1973 ².
1254 1948 1273 1970 »
1296 1933 1352 1974 Et
1372 1940 1422 1974 ut
1444 1931 1723 1990 responderet

333 2001 490 2044 futuris
508 2002 636 2044 etiam
659 2001 747 2044 istis
768 2001 813 2044 in
835 2000 987 2044 eadem
1009 2001 1099 2059 ipsa
1118 2000 1375 2058 Evangelica
1391 2002 1618 2055 sententia,
1635 2017 1723 2046 non

332 2072 406 2125 ait,
430 2072 529 2115 Sine
544 2087 612 2114 me
625 2070 733 2114 nihil
750 2071 925 2129 potestis
943 2072 1165 2130 perficere,
1181 2071 1272 2125 sed,
1287 2071 1441 2116 facere.
1454 2075 1562 2117 Nam
1575 2073 1608 2116 si
1623 2088 1720 2132 per-

334 2142 460 2184 ficere
478 2141 667 2194 dixisset,
685 2151 858 2199 possent
878 2140 945 2183 isti
964 2140 1122 2194 dicere,
1143 2156 1231 2184 non
1253 2141 1306 2185 ad
1324 2142 1619 2200 incipiendum
1638 2144 1721 2187 bo—

334 2227 454 2265 num,
471 2211 591 2271 quod
603 2211 758 2255 anobis
767 2220 830 2255 est
842 2231 852 2267 3
864 2212 938 2255 sed
952 2211 1005 2254 ad
1019 2211 1348 2269 perficiendum,
1365 2227 1454 2255 esse
1468 2213 1721 2272 Deiadjuto-

333 2283 441 2325 rium
465 2298 518 2324 110
536 2281 782 2324 cessarium.
799 2283 960 2324 Verum
975 2281 1152 2325 audiant
1163 2291 1206 2325 et
1221 2281 1492 2340 Apostolum.
1512 2283 1719 2328 Dominus

333 2354 448 2396 0111111
471 2368 570 2396 cum
594 2353 675 2403 ait,
702 2371 721 2393 «
748 2353 846 2396 Sine
863 2367 932 2395 me
954 2351 1062 2395 nihil
1083 2353 1258 2410 potestis
1280 2353 1421 2397 facere
1442 2373 1451 2397 ι
1481 2371 1499 2394 »
1526 2354 1608 2398 hoc
1629 2370 1719 2400 uno

332 2423 466 2467 verbo
483 2423 654 2466 initium
670 2424 890 2482 finemque
902 2423 1245 2481 comprehendit.
1260 2423 1491 2481 Apostolus
1503 2439 1604 2468 vero
1616 2433 1716 2469 tan-

332 2508 462 2553 quam
478 2493 703 2536 sententiae
719 2493 956 2536 Dominicae
969 2493 1183 2551 expositor
1197 2493 1384 2552 apertius
1399 2503 1635 2554 utrumque
1645 2494 1714 2539 di-

381 2582 386 2596 ¹
404 2577 482 2609 Vide
499 2587 607 2619 supra,
626 2577 683 2609 lib.
703 2577 743 2609 de
760 2577 862 2610 Gestis
878 2577 1006 2619 Pelagii,
1025 2588 1097 2620 cap.
1117 2577 1167 2619 14.
1183 2595 1223 2601 -
1238 2583 1251 2600 2
1268 2579 1362 2610 Joan.
1381 2588 1437 2616 xv,
1457 2578 1489 2610 5.
