1804 3205
508 212 562 239 nn
593 215 618 238 o
625 212 734 240 zsvrts
766 209 900 238 rnna
907 212 952 237 11.
1376 199 1428 236 47

45 297 66 319 »
83 277 348 337 adjutorium
368 274 490 320 dedit
519 277 603 320 illis
630 279 659 320 ¹.
689 294 709 318 υ
738 278 826 320 Hoc
847 274 999 319 audito
1016 308 1026 328 ‚
1054 273 1256 330 synodus
1282 274 1387 318 dixit
1418 293 1426 319 :

45 367 66 391 α
86 351 183 394 Non
206 357 308 392 sunt
323 347 462 393 aliena
485 348 540 392 ab
564 348 777 401 Ecclesia,
799 362 899 406 quae
914 346 1028 390 dicta
1046 355 1186 389 sunta
1212 345 1427 402 Pelagio.»

43 419 175 464 Plane
191 419 328 464 aliena
349 434 438 464 non
455 428 572 473 sunt,
588 434 689 479 qum
707 417 928 477 respondit
947 437 956 462 2
982 416 1091 460 illud
1113 432 1216 461 vcro
1238 416 1357 476 quod
1377 418 1432 460 de

42 490 174 535 Libro
195 491 284 550 ejus
303 490 519 550 prolatum
542 499 605 534 est
626 524 637 544 ,
663 488 782 533 aliud
815 497 955 533 sonat.
993 489 1078 532 Sed
1104 488 1186 532 hoc
1208 487 1399 546 episcopi
1419 521 1429 540 ,

40 561 180 605 Graeci
213 561 437 615 homines,
463 569 506 604 et
531 575 580 604 ea
609 559 742 604 verba
780 573 856 618 per
887 558 1166 617 interpretem
1192 559 1431 611 audientes,

42 631 256 676 discutere
286 647 375 677 non
403 641 614 676 curarunt
635 651 646 688 3
668 632 749 675 hoc
772 640 942 675 tantum
976 631 1210 684 intuentes,
1231 630 1340 689 quid
1362 629 1435 672 ille

42 704 118 764 qui
135 704 506 762 interrogabatur,
532 703 711 748 sensisse
733 717 777 746 se
796 700 982 756 diceret,
1003 717 1091 746 non
1110 701 1270 760 quibus
1292 700 1433 744 verbis

42 773 195 819 eadem
215 776 428 819 sententia
456 776 498 818 in
520 776 612 834 ejus
632 774 763 818 Libro
785 773 942 832 scripta
963 771 1193 816 diceretur.

103 848 184 889 111.
210 844 343 890 Aliud
367 855 431 890 est
450 854 612 899 autem,
639 845 861 888 hominem
885 858 960 902 per
984 842 1206 886 scientiam
1232 842 1355 898 Legis
1378 839 1433 883 ad

44 930 132 960 non
148 916 418 974 peccandum
438 915 630 975 adjuvari
652 934 660 959 :
679 924 722 959 et
743 914 863 958 aliud
881 923 959 967 est,
977 928 1066 956 non
1090 927 1212 970 posse
1233 925 1323 955 esse
1344 911 1434 953 sine

44 994 221 1046 peccato
241 1020 252 1040 ,
290 985 371 1030 nisi
399 986 477 1045 qui
511 986 734 1030 scientiam
770 984 892 1042 Legis
927 984 1143 1027 habuerit.
1175 985 1288 1027 Cum
1317 982 1433 1024 enim

44 1056 286 1111 videamuS,
310 1056 497 1116 exempli
519 1056 674 1115 gratia,
706 1064 750 1100 et
769 1059 862 1099 sine
882 1054 1051 1099 tribulis
1074 1069 1192 1098 areas
1214 1053 1431 1104 triturari,

43 1128 241 1188 quamvis
263 1128 487 1188 adjuvent,
503 1128 537 1170 si
559 1126 719 1181 adsint,
737 1135 779 1170 et
800 1125 891 1169 sine
913 1125 1160 1184 paedagogis
1183 1139 1306 1183 posse.
1325 1139 1435 1182 pue-

46 1214 114 1244 ros
133 1214 310 1259 pergere
329 1200 374 1243 in
397 1198 612 1253 scholam,
636 1198 836 1258 quamvis
858 1196 914 1242 ad
938 1197 1021 1241 hoc
1045 1211 1134 1241 non
1156 1197 1241 1240 sint
1263 1195 1435 1239 inutilia

44 1269 382 1329 paedagogorum
404 1269 670 1328 adjumenta,
691 1277 734 1312 et
749 1268 910 1312 multos
927 1268 1020 1310 sine
1043 1267 1219 1310 medicis
1242 1267 1296 1309 ab
1314 1266 1436 1323 {egri-

48 1341 200 1384 tudine
237 1340 539 1385 convalescere
557 1373 567 1393 ,
605 1339 804 1398 quamvis
827 1338 1053 1381 manifesta
1095 1337 1181 1380 sint
1222 1335 1435 1396 adjutoria

48 1411 318 1456 medicorum
333 1431 345 1468 ·,
362 1420 403 1455 et
421 1410 511 1454 aliis
532 1410 639 1454 cibis
660 1410 750 1453 sine
765 1424 876 1467 pane
893 1408 1090 1452 homines
1107 1408 1265 1461 vivere,
1289 1420 1437 1466 quam-

47 1482 110 1526 vis
139 1483 259 1541 panis
286 1481 552 1541 adjutorium
584 1480 726 1524 valere
756 1479 992 1538 plurimum
1028 1493 1117 1523 non
1153 1486 1367 1535 negetur3
1396 1484 1439 1519 et

49 1552 130 1598 alia
158 1552 295 1597 multa
313 1587 323 1606 ,
349 1568 448 1612 quae
470 1552 596 1596 nobis
621 1552 863 1596 tacentibus
896 1551 1104 1608 cogitanti
1128 1549 1253 1593 facile
1285 1563 1436 1593 occur·

52 1633 155 1668 runt
179 1643 187 1668 :
224 1623 420 1683 profecto
444 1623 729 1668 admonemur
752 1622 1016 1682 adjutorium
1040 1636 1195 1680 genera
1219 1635 1308 1664 esse
1331 1619 1436 1663 duo.

53 1694 150 1740 Atia
172 1695 336 1755 quippe
358 1704 475 1749 sunt,
511 1696 601 1738 sine
631 1694 789 1754 quihus
820 1693 930 1737 illud
963 1691 1017 1737 ad
1050 1691 1169 1753 quod
1201 1691 1437 1751 adjuvant,

53 1764 166 1809 effici
183 1779 270 1810 non
289 1774 457 1824 potest,
482 1765 591 1809 sicut
612 1765 704 1808 sine
723 1764 822 1808 navi
843 1763 1018 1821 navigat
1040 1777 1185 1816 nemo,
1204 1776 1333 1805 nemo
1351 1761 1441 1804 sine

57 1850 163 1881 voce
188 1835 412 1895 loquitur,
444 1850 573 1880 nemo
603 1836 694 1879 sine
723 1834 910 1892 pedibus
943 1833 1162 1891 graditur,
1188 1847 1318 1876 nemo
1350 1833 1441 1875 sine

58 1905 156 1951 luce
177 1907 387 1961 intuetur,
412 1916 457 1950 et
478 1904 614 1949 multa
634 1904 881 1963 hujusmodi
904 1923 912 1948 z
939 1903 1055 1947 unde
1075 1913 1137 1946 est
1159 1903 1288 1946 etiam
1312 1900 1439 1955 illud,

56 1975 177 2036 quod
197 1991 325 2021 nemo
346 1977 437 2019 sine
462 1976 534 2019 Dei
555 1975 689 2033 gratia
717 1984 831 2018 recte
849 1974 969 2018 vivit.
997 1973 1090 2017 Alia
1109 1988 1211 2017 vero
1240 1981 1341 2016 sunt
1364 1972 1442 2015 ad-

53 2048 239 2107 jutoria,
263 2047 423 2107 quibus
445 2048 503 2091 sic
525 2045 804 2106 adjuvamur,
830 2054 879 2089 ut
901 2046 1030 2089 etiam
1059 2045 1092 2089 si
1122 2045 1291 2097 desint,
1313 2043 1445 2103 possit

62 2119 146 2164 alio
164 2119 296 2163 modo
309 2119 400 2162 fieri
419 2128 594 2177 propter
610 2118 729 2177 quod
745 2133 794 2161 ea
812 2117 1096 2176 requirimus:
1123 2116 1234 2160 sicut
1255 2115 1327 2159 illa
1344 2123 1446 2159 sunt

60 2205 160 2251 quae
173 2190 509 2235 commemoravi
523 2208 535 2246 3
549 2187 710 2232 tribula
725 2187 779 2232 ad
791 2187 937 2245 fruges
951 2187 1165 2241 terendas,
1181 2186 1445 2246 paedagogus

61 2260 116 2306 ad
136 2275 320 2321 puerum
343 2259 613 2314 ducendum,
634 2257 1002 2302 medicamentum
1024 2258 1213 2301 humana
1229 2265 1320 2300 arte
1337 2270 1444 2300 con-

61 2329 225 2376 sectum
249 2331 304 2375 ad
321 2329 611 2389 recipiendam
634 2328 833 2382 salutem,
859 2339 902 2372 et
923 2337 1079 2372 caetera
1100 2326 1216 2371 talia.
1240 2331 1448 2379 Quaeren-

62 2402 169 2447 dum
188 2403 413 2461 estigitur,
433 2416 484 2445 ex
499 2416 588 2461 quo
609 2399 798 2445 duorum
821 2400 1000 2443 istorum
1025 2412 1233 2457 generum
1254 2399 1307 2440 sit
1325 2397 1447 2455 Legis

65 2474 242 2520 scientia
256 2508 267 2528 ,
290 2472 334 2517 id
356 2481 436 2528 est,
460 2471 683 2533 quomodo
703 2469 879 2530 adjuvet
899 2469 952 2514 ad
977 2484 1066 2515 non
1093 2468 1380 2529 peccandum.
1405 2466 1448 2512 Si

113 2560 124 2582 ¹
140 2559 211 2592 lsai.
232 2567 300 2600 vni,
313 2565 369 2600 20,
387 2556 480 2598 juxta
497 2558 594 2590 Lxx.
