1784 3205
313 177 393 216 184
743 187 776 215 S.
815 187 855 214 Αι
873 187 1043 215 crs'rim
1078 186 1257 212 Episcopi

308 255 459 298 cadem
484 254 617 312 gratia
642 252 1036 313 perseveraverint,
1060 250 1213 309 procul
1245 249 1380 293 dubio
1411 250 1489 293 ista
1517 258 1693 308 propter

308 325 599 368 remissionem
623 334 915 383 peccatorum,
933 320 1091 381 quaein
1105 321 1163 363 cis
1180 319 1288 363 facta
1300 329 1377 373 est,
1391 335 1479 363 non
1499 320 1690 371 nocebit,

308 396 386 439 nisi
407 409 506 438 cum
531 410 577 438 ea
598 394 710 438 male
734 402 918 437 utuntur
934 427 944 446 ,
971 406 1058 436 non
1085 390 1222 434 s‹›lum
1247 391 1291 433 in
1313 390 1514 434 omnibus
1536 388 1693 432 illicitis

307 466 577 525 corruptelis,
604 481 751 510 verum
773 466 901 508 etiam
924 464 965 507 in
988 463 1086 522 ipsis
1110 462 1369 521 conjugibus
1396 461 1573 520 quando
1603 475 1691 504 non

309 536 577 596 propagandi
612 535 838 579 voluntate
862 549 1035 593 operam
1061 532 1257 577 creandis
1280 531 1376 575 filiis
1406 529 1690 590 impendunt,

306 607 380 652 sed
403 606 656 651 lasciviendi
674 607 898 665 voluptate
911 603 1210 648 exsaturandae
1222 602 1417 662 cupidini
1436 602 1692 646 inserviunt.

306 678 434 732 Quod
456 687 632 736 propter
660 676 857 721 vitandas
886 675 1193 719 fornicationes
1224 674 1387 718 maritis
1419 682 1462 716 et
1488 672 1695 716 uxoribus

306 764 359 792 ne
374 747 578 791 fraudent
601 748 784 792 invicem
800 783 810 802 ,
832 748 912 790 nisi
932 762 982 790 ex
1004 761 1217 790 consensu
1240 744 1294 788 ad
1317 754 1506 803 tempus,
1533 752 1582 786 ut
1599 758 1696 786 ora-

308 820 498 865 tionibus
521 828 692 873 vacent,
711 818 952 862 secundum
973 817 1159 871 veniant,
1180 810 1268 859 non
1292 814 1533 859 secundum
1556 815 1697 873 impe-

305 892 415 934 rium
435 925 444 943 ,
466 889 667 933 concedit
691 888 941 947 Apostolus.
969 886 1205 931 Evidenter
1224 886 1388 945 quippe
1413 886 1517 928 dum
1542 884 1697 928 tribuit

306 961 474 1004 veniam
498 995 508 1012 ,
542 959 723 1003 denotat
757 959 947 1017 culpam.
983 956 1198 1016 Nuptialis
1233 965 1377 999 autem
1409 954 1693 1008 concubitus,

304 1047 435 1091 quem
455 1031 792 1074 matrimoniales
815 1044 991 1089 quoque
1008 1027 1203 1071 indicant
1225 1026 1412 1080 tabulae,
1438 1041 1565 1070 causa
1592 1040 1696 1084 pro·-

305 1101 592 1145 creandorum
617 1101 708 1144 fieri
731 1100 920 1144 filiorum
938 1135 947 1153 ,
980 1114 1056 1157 per
1082 1113 1125 1141 se
1146 1097 1285 1156 ipsum
1316 1111 1512 1155 prorsus,
1539 1111 1630 1138 non
1652 1095 1697 1137 in

303 1171 625 1229 comparatione
649 1170 960 1222 fornicationis,
978 1178 1040 1211 est
1058 1169 1222 1211 bonus:
1246 1167 1322 1226 qui
1338 1166 1504 1209 tametsi
1522 1175 1698 1224 propter

303 1256 461 1300 corpus
482 1241 647 1295 mortis,
662 1240 780 1299 quod
799 1239 993 1284 nondum
1012 1249 1073 1282 est
1089 1239 1401 1281 resurrectione
1422 1247 1695 1289 renovatum,

305 1313 395 1355 siue.
422 1311 613 1370 quodam
638 1310 804 1354 bestiali
831 1319 951 1353 motu
967 1345 976 1363 ,
1001 1308 1055 1352 de
1085 1323 1172 1367 quo
1197 1316 1351 1350 natura
1372 1307 1590 1350 erubescit
1613 1308 1698 1350 hu-

305 1398 450 1435 mana,
478 1398 565 1426 non
590 1391 730 1440 potest
761 1380 852 1425 fieri
881 1402 890 1437 3
920 1389 1063 1424 tamen
1100 1380 1189 1437 ipse
1227 1378 1486 1421 concubitus
1521 1393 1607 1421 non
1635 1386 1698 1420 est

305 1461 530 1510 peccatum
552 1487 565 1505 ,
591 1452 665 1494 ubi
692 1451 799 1494 ratio
822 1449 957 1493 libine
982 1449 1119 1492 utitur
1148 1447 1202 1491 ad
1232 1448 1424 1501 bonum,
1454 1462 1542 1491 non
1573 1462 1697 1505 supc-

307 1532 425 1566 ratur
446 1522 501 1565 ad
525 1522 703 1565 malum.

366 1596 521 1636 XLIV.
559 1592 737 1636 Obesset
761 1593 837 1635 ista
872 1592 1010 1634 carnis
1033 1589 1382 1648 concupiscentia
1402 1624 1412 1643 ,
1439 1588 1567 1632 etiam
1600 1597 1698 1631 tan-

311 1662 537 1706 tummodo
560 1662 680 1722 quod
703 1663 859 1706 inesset
879 1697 888 1716 ‚
916 1662 993 1704 nisi
1013 1671 1290 1719 peccatorum
1309 1659 1500 1703 remissio
1518 1660 1576 1702 sic
1599 1673 1699 1717 pro-

306 1733 462 1786 desset,
489 1741 537 1774 ut
552 1748 651 1792 quae
674 1732 719 1776 in
740 1733 799 1775 eis
824 1741 885 1775 est
903 1767 912 1784 ,
934 1741 976 1774 et
996 1740 1113 1784 nato,
1140 1740 1183 1773 et
1207 1739 1373 1782 renato,
1395 1738 1498 1772 nato
1520 1728 1697 1788 quidem

305 1813 346 1846 et
370 1804 506 1846 inesse
521 1812 562 1846 et
584 1803 748 1857 obesse,
784 1812 932 1846 renato
951 1811 1095 1844 autem
1126 1801 1261 1844 inesse
1286 1800 1463 1859 quidem
1480 1835 1490 1854 ,
1513 1798 1587 1842 sed
1609 1814 1697 1842 non

306 1874 453 1916 obesse
472 1874 617 1932 possit.
647 1876 696 1915 In
725 1881 894 1915 tantum
921 1872 1035 1914 enim
1063 1871 1187 1914 obest
1215 1871 1350 1924 natis,
1376 1879 1426 1913 ut
1444 1869 1523 1912 nisi
1549 1883 1697 1911 renas—

307 1953 476 1997 cantur,
496 1943 602 1987 nihil
619 1943 751 2002 possit
768 1944 986 2002 prodesse,
1003 1943 1034 1986 si
1057 1941 1146 1985 nati
1161 1951 1262 1985 sunt
1279 1941 1334 1984 de
1353 1940 1527 1984 renatis.
1552 1942 1698 1983 Manet

309 2016 471 2074 quippe
493 2016 536 2057 in
560 2015 697 2073 prole,
718 2015 774 2058 ita
790 2024 840 2058 ut
858 2029 973 2056 ream
998 2013 1145 2066 faciat,
1162 2012 1339 2070 originis
1359 2012 1510 2055 vitium
1538 2032 1549 2068 3
1570 2011 1697 2054 etiam

309 2087 341 2128 si
369 2086 409 2128 in
437 2095 615 2144 parente
644 2094 786 2128 reatus
820 2084 1012 2143 ejusdem
1038 2083 1129 2126 vitii
1154 2083 1404 2126 remissione
1435 2082 1611 2126 ablutus
1634 2091 1698 2125 est

309 2164 604 2214 peccatorum,
628 2155 766 2198 donec
790 2169 919 2198 omne
940 2153 1092 2195 vitium
1114 2153 1184 2196 cui
1210 2151 1522 2195 consentiendo
1545 2167 1698 2210 pecca-

311 2237 402 2281 tur,
431 2226 752 2283 regeneratione
779 2225 1005 2268 novissima
1029 2232 1309 2267 consumatur
1333 2242 1341 2266 2
1377 2223 1420 2266 id
1445 2231 1537 2276 est,
1564 2222 1697 2280 ipsius

311 2298 437 2340 etiam
457 2297 735 2340 renovatione
748 2295 899 2349 carnis,
922 2310 1019 2354 quae
1040 2295 1081 2336 in
1100 2295 1191 2354 ejus
1211 2295 1525 2336 resurrectione
1550 2291 1694 2336 futura

312 2368 609 2426 promittitur,
636 2383 661 2409 u
672 2367 710 2409 bi
735 2382 821 2410 non
845 2366 982 2409 solum
1009 2364 1127 2408 nulla
1154 2373 1329 2423 peccata
1353 2363 1560 2407 faciamus
1586 2398 1596 2417 ,
1622 2363 1694 2406 sed

310 2452 390 2480 nec
413 2437 648 2480 habeamus
667 2436 753 2480 ulla
773 2435 983 2481 desideria
1006 2435 1157 2480 vitiosa
1174 2469 1184 2490 ,
1201 2434 1361 2493 quibus
1383 2432 1695 2478 consentiendo

361 2529 366 2544 ¹
392 2523 494 2552 Fun-le
516 2522 607 2552 inest.
