1804 3205
441 231 521 257 Lin.
560 232 588 257 ι.
627 232 680 257 nr,
712 229 866 258 (ιῐιΑτιΛ
899 232 1081 258 cunis'ri.
1371 224 1445 260 121

66 295 304 340 secundum
330 296 599 355 propositum
623 307 797 341 vocatos
820 297 874 341 ad
903 312 1115 340 summam
1141 297 1450 356 perfectionem

67 369 514 429 glorificationemque
542 367 738 427 perducit
758 371 785 412 ¹.
813 376 903 422 Qua
928 369 1060 426 gratia
1082 370 1241 426 agitur,
1268 385 1355 413 ιιοιι
1383 387 1453 413 so-

69 441 156 484 lum
180 449 227 483 ut
247 438 442 483 facienda
471 439 736 492 noverimus,
765 455 915 483 verum
946 441 1074 483 ctiam
1104 449 1153 483 ut
1181 441 1352 498 cognita
1389 442 1453 484 sa-

65 511 255 566 ciamus;
281 525 358 553 nec
385 509 525 553 solum
547 519 595 553 ut
618 509 837 569 diligenda
869 513 1122 565 credamus,
1149 526 1300 555 verum
1325 513 1453 556 etiam

66 592 113 626 ut
136 580 299 627 credita
316 580 563 640 diligamus.

123 656 240 697 xiv.
269 655 371 697 llaec
393 654 526 710 gratia
550 654 583 697 si
606 652 802 698 doctrina
827 653 1010 698 dicenda
1036 664 1129 708 est,
1156 663 1273 698 certe
1297 655 1355 698 sic
1387 653 1454 698 di-

65 734 204 779 catur,
232 733 281 768 ut
303 723 432 768 altius
449 734 491 768 et
514 725 693 769 interius
711 740 804 768 eam
821 727 935 768 Deus
956 740 1055 768 cum
1077 724 1289 768 inell'abili
1307 725 1453 769 suavi-

65 805 152 839 tate
174 796 377 839 credatur
403 795 660 849 infundere⁷
686 811 773 840 non
802 797 941 840 solum
967 812 1043 855 per
1065 812 1136 839 eos
1158 796 1233 856 qui
1257 796 1453 855 plantant

62 876 104 910 et
128 867 270 924 rigant
295 868 599 920 extrinsecus·³‚
625 866 698 910 sed
724 867 853 910 etiam
877 882 954 926 per
976 882 1019 910 se
1042 868 1183 926 ipsum
1214 866 1288 925 qui
1312 867 1453 909 incre-

63 946 258 980 mentum
278 953 405 981 suum
424 938 636 980 ministrat
659 938 870 991 occultus,
890 938 947 981 ita
962 947 1111 981 utnon
1135 936 1336 980 ostendat
1356 945 1452 980 tan-

64 1008 292 1053 tummodo
322 1009 574 1061 veritatem,
603 1023 752 1052 verum
776 1009 903 1051 etiam
932 1008 1149 1067 impertiat
1178 1007 1449 1050 charitatem.

64 1079 131 1122 Sic
146 1080 259 1122 enim
283 1081 411 1123 docet
428 1082 541 1122 Deus
564 1095 634 1123 eos
653 1080 728 1139 qui
751 1078 991 1124 secundum
1016 1078 1288 1138 propositum
1313 1080 1451 1122 vocati

62 1158 184 1202 sunt,
210 1149 337 1193 simul
368 1149 535 1194 donans
562 1159 604 1194 et
640 1150 746 1210 quid
769 1160 899 1209 agant
931 1150 1059 1205 scire,
1093 1160 1134 1194 ct
1164 1149 1284 1209 quod
1313 1150 1453 1193 sciunt

61 1235 200 1278 agere.
231 1219 354 1264 Unde
376 1220 430 1264 ad
462 1220 861 1264 Thessalonicenses
887 1221 945 1264 sic
963 1219 1195 1280 Apostolus
1226 1219 1420 1280 loquitur
1442 1239 1449 1263 ε

65 1309 84 1330 «
113 1292 171 1333 De
193 1291 403 1334 charitate
427 1300 573 1334 autem
594 1290 873 1335 fraternitatis
900 1307 986 1335 non
1011 1307 1118 1349 opus
1141 1291 1306 1334 habetis
1331 1291 1453 1334 vobis

66 1378 84 1400 ιι
111 1362 266 1411 scribi;
302 1377 398 1405 nam
434 1362 512 1421 ipsi
538 1377 610 1405 vos
633 1378 654 1405 a
680 1365 767 1405 Deo
804 1360 1011 1405 didicistis
1045 1370 1094 1406 ut
1124 1361 1310 1419 diligatis
1339 1362 1453 1405 invi-

65 1450 84 1471 »
112 1447 204 1476 cem
224 1434 254 1475 ³.
281 1452 299 1474 »
326 1436 469 1492 Atque
491 1442 538 1476 ut
562 1433 763 1491 probaret
787 1448 858 1477 eos
881 1449 903 1476 a
924 1435 1012 1476 Deo
1037 1431 1250 1486 didicisse,
1277 1432 1453 1491 subjun-

63 1502 122 1545 xit
143 1522 150 1546 ;
173 1522 191 1543 «
211 1503 381 1546 Etenim
407 1503 546 1546 facitis
568 1503 643 1545 illu
655 1502 677 1545 :l
699 1503 741 1546 in
773 1518 921 1546 omnes
953 1502 1130 1557 fratres,
1175 1503 1218 1545 in
1253 1503 1452 1546 universa

67 1591 84 1614 ι»
111 1573 380 1617 Macedonia.
416 1594 431 1614 ι)
463 1576 686 1633 Tanquam
717 1574 798 1617 hoc
836 1574 888 1617 sit
926 1573 1211 1617 certissimum
1242 1573 1452 1616 indicium

60 1643 179 1703 quod
195 1660 218 1687 a
231 1647 320 1687 Deo
336 1643 552 1698 didiceris,
569 1644 603 1688 si
618 1643 660 1688 id
675 1644 794 1704 quod
814 1643 1014 1688 didiceris
1031 1643 1196 1689 feceris.
1218 1647 1306 1688 Isto
1323 1643 1454 1688 modo

62 1724 165 1760 sunt
186 1730 334 1759 omnes
362 1717 601 1759 secundum
626 1716 894 1775 propositum
917 1717 1080 1770 vocati,
1106 1716 1218 1760 sicut
1244 1716 1452 1774 scriptum

61 1795 123 1829 est
143 1786 187 1829 in
211 1786 459 1845 Prophetis,
485 1785 695 1830 docibiles
721 1787 842 1829 Dei4.
867 1786 952 1838 Qui
971 1795 1116 1830 autem
1136 1787 1255 1843 novit
1275 1785 1451 1844 quidem

62 1857 183 1915 quod
201 1857 292 1899 fieri
316 1855 495 1909 debeat,
522 1865 564 1899 et
583 1872 671 1900 non
692 1856 817 1909 facit,
840 1856 1036 1899 nonduin
1057 1872 1080 1898 a
1103 1859 1193 1898 Deo
1211 1855 1364 1899 didicit
1384 1871 1454 1898 se-

62 1925 257 1970 cundum
269 1927 467 1984 gratiam,
480 1926 555 1969 sed
578 1925 816 1969 secundum
829 1926 966 1984 legem
983 1942 1094 1982 3non
1110 1925 1351 1969 secundum
1366 1925 1454 1983 spi-

63 1998 212 2051 ritum,
225 1996 301 2040 sed
316 1997 557 2040 secundum
574 1995 777 2039 litteram.
792 1997 999 2049 Quamvis
1015 1996 1158 2050 multi,
1179 1995 1298 2055 quod
1314 1997 1453 2054 impe-

63 2077 126 2112 rat
143 2067 227 2122 lex,
248 2067 387 2111 facere
402 2066 630 2112 videantur
646 2068 800 2112 timore
815 2083 1077 2126 poenae,110n
1096 2067 1449 2126 amorejustitife:

61 2154 192 2198 quam
217 2138 322 2182 dicit
345 2137 797 2198 Apostolusjustitiam
818 2155 937 2182 suam
959 2154 1058 2198 quae
1074 2137 1232 2195 exlege
1253 2146 1339 2195 est3
1357 2147 1453 2181 tan-

61 2225 190 2269 quam
210 2210 264 2253 sit
286 2210 512 2267 imperata,
534 2225 621 2254 non
644 2209 759 2253 data.
785 2211 826 2253 Si
847 2219 992 2253 autem
1012 2207 1112 2252 data
1129 2218 1208 2262 est,
1231 2223 1319 2252 non
1342 2208 1452 2252 dici-

64 2288 134 2323 tur
153 2279 319 2339 justitia
338 2288 499 2333 nostra,
519 2280 594 2323 sed
611 2281 685 2323 Dei
706 2299 713 2323 :
733 2280 834 2339 quia
850 2280 909 2323 sic
932 2280 981 2322 fit
999 2288 1143 2322 nostra
1157 2313 1167 2332 ,
1192 2287 1242 2321 ut
1259 2279 1311 2321 sit
1328 2277 1452 2322 nobis

62 2367 111 2395 ex
136 2354 238 2395 Deo.
263 2351 374 2394 Dicit
390 2351 505 2394 enim
527 2370 534 2396 :
560 2372 577 2392 «
600 2354 655 2395 Ut
671 2350 866 2394 inveniar
883 2351 927 2393 in
943 2349 1017 2393 illo
1030 2366 1118 2393 non
1129 2349 1293 2393 habens
1313 2365 1450 2393 meam

66 2422 306 2482 »justitiam
321 2457 331 2475 ,
353 2437 451 2481 quae
468 2422 628 2481 exlege
647 2431 732 2476 est,
753 2421 828 2465 sed
848 2436 940 2464 eam
965 2436 1064 2481 quae
1086 2436 1134 2464 ex
1150 2420 1236 2464 fide
1253 2429 1316 2464 est
1331 2423 1449 2473 Jesu‚

114 2531 121 2545 ¹
144 2527 237 2557 Rom.
262 2536 339 2561 vm,
370 2525 422 2557 28.
439 2532 507 2548 -Ρ-
545 2536 554 2556 ι
587 2527 662 2557 Cor.
685 2536 731 2565 ιιι,
766 2536 796 2565 7.
816 2542 854 2548 —
875 2523 887 2545 3
911 2535 922 2556 ι
949 2523 1058 2555 Thess.
1087 2534 1130 2562 iv,
1147 2523 1264 2566 9.—4
1290 2526 1379 2555 Joan.
1411 2533 1451 2559 vi,

65 2579 119 2621 4⁵-
