1784 3205
290 242 343 280 56
713 250 745 278 s.
781 249 1009 277 Aut-,usum
1043 247 1221 274 El’lscom

342 320 444 362 XII.
480 318 708 378 Objeetum
733 326 796 360 est
813 325 855 359 et
871 314 981 358 illud
1005 313 1191 371 Pelagio,
1218 321 1423 371 tanquam
1447 313 1490 355 in
1509 327 1587 356 suo
1608 312 1662 355 li-

285 390 364 432 bro
396 389 610 447 scripserit
637 407 644 432 :
676 406 693 428 «
725 386 885 430 Malum
929 399 1008 427 nec
1038 384 1082 426 in
1110 382 1414 439 cogitationem
1443 383 1602 425 venire.
1639 400 1659 423 »

286 459 524 518 Respondit
547 468 689 502 autem
713 473 720 498 :
752 476 771 496 ιι
794 459 886 500 Hoc
910 470 998 498 non
1015 454 1074 497 ita
1090 453 1337 511 posuimus,
1364 451 1439 496 sed
1462 451 1663 506 diximus,

285 529 442 573 debere
465 529 638 572 studere
660 526 958 578 christianum,
984 539 1038 567 ne
1060 524 1172 567 male
1187 524 1347 581 cogitet
1375 542 1383 567 2
1407 542 1425 564 »
1453 523 1588 581 quod,
1613 524 1664 566 si·

284 609 358 642 cut
380 598 540 652 decuit,
562 596 750 656 episcopi
771 595 1083 654 approbarunt.
1111 594 1215 646 Quis
1233 593 1554 650 enimldubitat,
1577 609 1668 637 ma-

287 669 379 712 lum
412 668 588 725 cogitari
618 682 705 710 non
737 675 936 724 oportere
958 667 975 708 Ρ
998 667 1053 708 Et
1076 679 1221 707 revera
1243 664 1288 706 in
1311 664 1422 707 libro
1445 679 1523 707 suo
1551 663 1670 723 quod

284 739 354 788 ait,
387 758 406 778 «
435 737 594 780 malum
619 751 697 779 nec
719 735 912 793 cogitari,
940 753 959 775 ³)
990 736 1023 778 si
1047 735 1105 777 ita
1127 734 1302 792 legitur,
1329 753 1349 776 «
1370 749 1449 777 nec
1470 736 1668 792 cogitan-

283 807 387 850 dum
404 806 596 865 quidem,
623 824 641 846 »
665 805 745 849 hoc
768 804 949 862 intelligi
973 804 1097 857 solet,
1120 803 1283 847 malum
1302 819 1381 847 nec
1404 805 1581 861 cogitari
1600 804 1670 847 de-

284 878 387 919 bere
418 875 610 935 quidem.
652 877 745 918 Hoc
775 882 919 917 autem
948 873 1023 932 qui
1058 882 1215 930 negat,
1249 873 1354 931 quid
1387 872 1508 917 aliud
1537 873 1667 928 dicit,

285 962 414 1006 quam
445 945 603 989 dehere
625 946 802 1002 cogitari
826 944 1020 987 malum?
1047 943 1172 995 Quod
1193 943 1227 987 si
1250 958 1398 987 verum
1424 953 1556 1006 esset,
1582 959 1672 988 non

288 1018 505 1061 diceretur
539 1017 582 1060 in
617 1016 746 1060 laude
778 1016 1013 1069 charitatis,
1043 1017 1182 1059 «Non
1215 1017 1375 1073 cogitat
1403 1014 1613 1059 malum1.
1649 1033 1669 1056 »

284 1092 381 1133 Non
404 1091 550 1133 venire
574 1098 717 1131 tamen
740 1088 784 1131 in
801 1088 1106 1146 cogitationem
1128 1105 1146 1127 »
1166 1088 1383 1145 justorum
1402 1096 1532 1147 atque
1553 1102 1671 1131 sane-

286 1169 447 1212 torum,
474 1157 571 1201 ideo
594 1174 681 1202 non
706 1168 790 1201 tam
811 1158 943 1216 probe
958 1157 1173 1211 asseritur,
1194 1158 1296 1216 quia
1313 1158 1516 1215 cogitatio
1530 1158 1673 1202 vocari

284 1228 392 1271 solet
412 1229 539 1271 etiam
565 1244 663 1271 cum
687 1227 851 1286 aliquid
873 1229 917 1271 in
940 1237 1130 1271 mentem
1160 1228 1300 1282 venit,
1341 1227 1419 1271 etsi
1450 1228 1673 1272 consensio

284 1313 372 1340 non
387 1306 606 1355 sequatur.
628 1299 843 1354 Cogitatio
860 1313 961 1342 vero
979 1314 1077 1357 quae
1098 1297 1271 1357 culpam
1286 1299 1503 1342 contrahit
1519 1308 1562 1342 et
1579 1313 1672 1341 me-

284 1369 366 1412 rito
388 1368 658 1425 prohibetur,
685 1369 967 1413 consensione
990 1384 1078 1413 non
1105 1379 1234 1413 earet.
1260 1370 1406 1413 Potuit
1433 1385 1534 1427 ergo
1561 1369 1669 1424 fieri,

284 1447 334 1481 ut
352 1437 608 1481 mendosum
632 1438 826 1481 codicem
852 1438 1063 1497 legerent,
1090 1440 1165 1498 qui
1190 1440 1274 1483 hoc
1299 1440 1356 1483 ita
1380 1439 1672 1498 objiciendum

284 1509 479 1552 arbitrati
497 1518 618 1562 sunt,
649 1518 853 1568 tanquam
874 1509 1069 1567 Pelagius
1092 1509 1246 1553 dixerit
1272 1528 1279 1553 :
1303 1529 1323 1551 «
1347 1509 1509 1555 Malum
1532 1510 1673 1554 necin

285 1578 583 1635 cogitationem
619 1580 775 1633 venire,
800 1598 817 1619 »
846 1578 890 1622 id
915 1589 997 1634 est,
1024 1578 1149 1638 justis
1173 1588 1215 1623 et
1236 1580 1391 1623 sanctis
1414 1581 1459 1623 in
1482 1590 1673 1624 mentem

287 1664 375 1691 non
396 1649 541 1692 venire
566 1648 682 1708 quod
712 1648 876 1693 malum
903 1658 979 1692 est.
1008 1651 1115 1701 Quae
1138 1650 1348 1693 sententia
1374 1649 1569 1708 profecto
1593 1650 1672 1694 ab·

288 1718 535 1762 surdissima
563 1729 648 1777 est,
673 1735 772 1762 cum
797 1719 911 1762 enim
946 1718 1057 1762 mala
1086 1721 1445 1778 reprehendimus
1462 1756 1472 1776 ,
1499 1721 1578 1764 nisi
1599 1736 1673 1765 co-

287 1790 417 1846 gitata
440 1789 580 1833 verbis
604 1791 830 1833 enuntiare
853 1806 940 1833 non
964 1805 1191 1849 possumus
1216 1810 1224 1835 ε
1251 1790 1324 1834 sed
1346 1791 1442 1846 illa,
1480 1801 1525 1835 ut
1560 1792 1672 1835 dixi-

288 1874 398 1911 mus,
424 1859 650 1917 culpabilis
670 1860 912 1919 appellatur
934 1861 1140 1918 cogitatio
1163 1861 1281 1917 mali,
1303 1878 1401 1920 quae
1421 1863 1672 1907 consensio-

286 1943 385 1971 nem
404 1930 552 1972 trahit.
1674 1959 1690 1970 .

343 2000 468 2041 XIII.
505 2001 615 2042 Cum
641 2015 742 2056 ergo
765 2009 807 2042 et
834 2001 946 2043 hanc
978 2001 1137 2058 Pelagii
1166 2003 1485 2060 responsionem
1507 2003 1674 2062 judices

290 2068 616 2126 approbassent,
653 2070 881 2112 recitatum
913 2078 976 2112 est
1013 2069 1153 2125 aliud,
1191 2072 1311 2131 quod
1339 2073 1383 2116 in
1416 2089 1494 2118 suo
1525 2074 1674 2118 libello

287 2138 455 2196 scripsit
481 2158 489 2182 ;
519 2157 537 2178 «ι
566 2142 766 2196 Regnum
788 2139 997 2184 coelorum
1017 2141 1145 2183 etiam
1175 2142 1217 2184 in
1240 2143 1383 2185 Veteri
1404 2147 1676 2190 Testamento

288 2209 559 2267 promissum.
591 2228 609 2249 »
636 2210 703 2252 Ad
725 2209 844 2268 quod
863 2209 1060 2269 Pelagius
1084 2230 1092 2255 :
1122 2230 1141 2252 «
1169 2215 1260 2256 Hoc
1283 2222 1325 2256 et
1343 2227 1418 2271 per
1435 2215 1675 2274 Scripturas

230 2341 234 2345 .
288 2280 461 2338 probari
487 2279 689 2337 possibile
712 2289 775 2323 est
804 2300 812 2324 ε
839 2281 1028 2324 haeretici
1051 2291 1195 2325 autem
1214 2284 1258 2325 in
1287 2284 1489 2343 injuriam
1513 2286 1674 2330 Veteris

293 2350 555 2392 Testamenti
578 2351 661 2394 hoc
682 2359 857 2408 negant.
884 2353 975 2408 Ego
990 2367 1092 2396 vero
1112 2353 1428 2411 Scripturarum
1446 2357 1675 2400 auctorita-

290 2429 379 2462 tem
404 2429 575 2463 secutus
599 2419 712 2475 dixi,
738 2421 941 2480 quoniam
966 2422 1009 2465 in
1036 2424 1245 2482 propheta
1273 2426 1448 2468 Daniele
1468 2427 1676 2484 scriptum

291 2499 369 2543 est,
400 2508 416 2529 «
444 2493 500 2534 Et
529 2490 739 2549 accipient
762 2492 899 2536 sancti
926 2507 1107 2550 regnum
1132 2493 1378 2539 Altissimi·2.
1408 2514 1426 2537 >s
1459 2499 1553 2549 Qua
1584 2498 1674 2556 ejus

341 2582 347 2595 ¹
375 2585 385 2606 1
408 2577 479 2606 Cor.
501 2586 567 2615 xm,
589 2576 617 2606 5.
632 2583 696 2599 ——2
717 2579 794 2608 Dan.
818 2587 871 2613 vu,
893 2580 941 2609 18.
