1784 3205
319 194 373 234 48
754 205 785 230 s.
823 201 1053 232 Aucus'nm
1088 203 1267 231 Emscom

318 285 370 315 eo
395 268 554 324 modo,
575 276 624 312 ut
644 268 735 312 sine
751 267 824 312 illa
847 269 929 312 hoc
954 283 1042 312 non
1060 268 1192 326 possit
1213 266 1384 326 impleri
1406 287 1417 323 3
1442 281 1531 310 non
1561 266 1704 310 solum

319 339 515 397 Pelagius
544 353 695 383 verum
731 338 953 397 respondit
982 338 1027 381 in
1052 337 1247 397 judicio,
1288 339 1364 381 sed
1397 337 1527 380 etiam
1555 351 1710 381 verum

318 410 488 469 scripsit
504 410 548 453 in
570 409 702 453 Libro
728 428 737 454 :
758 409 792 452 si
822 423 925 453 vero
947 423 998 452 eo
1020 408 1151 453 modo
1169 443 1179 463 ,
1204 417 1252 452 ut
1270 408 1447 467 adjuvet
1476 405 1654 466 quidem
1676 406 1710 449 si

320 480 542 536 adfuerit,
573 481 702 539 possit
735 489 879 524 tamen
915 479 1026 523 illud
1056 479 1110 523 ad
1138 479 1257 539 quod
1279 480 1400 538 juvat
1421 513 1432 532 ,
1466 477 1550 522 alio
1580 476 1711 521 modo

320 552 414 596 fieri
433 586 444 606 ,
470 551 598 595 etiam
629 551 663 594 si
695 551 774 595 ista
796 549 987 594 defuerit
1011 569 1022 606 3
1047 564 1197 592 verum
1217 549 1393 609 quidem
1418 546 1642 606 respondit
1662 547 1710 590 in

315 621 497 680 judicio,
523 621 643 680 quod
666 620 819 664 merito
852 620 1064 678 episcopis
1082 619 1273 678 placuit,
1302 639 1322 661 «
1349 618 1545 678 adjuvari
1568 617 1712 661 homi-

319 707 422 735 nem
445 691 497 736 ad
522 706 612 735 non
634 691 904 749 peccandum
927 691 1051 749 Legis
1074 691 1252 734 scientia
1273 711 1284 747 3
1310 710 1326 731 »
1353 689 1429 733 sed
1452 704 1541 733 non
1559 702 1715 733 verum

321 762 489 821 scripsit
505 762 550 805 in
573 762 721 817 Libro,
748 777 837 805 non
856 776 945 805 esse
969 761 1190 804 hominem
1209 760 1300 803 sine
1323 768 1518 818 peccato,
1540 758 1620 802 nisi
1641 758 1716 817 qui

322 833 544 878 scientiam
563 833 687 891 Legis
706 832 925 886 habuerit,
955 850 973 872 »
1006 830 1126 891 quod
1153 830 1439 874 indiscussum
1458 830 1626 889 judices
1646 844 1716 872 re-

322 904 576 963 liquerunt,
613 902 736 946 latini
767 902 975 946 sermonis
1005 902 1143 960 ignari
1170 936 1180 955 ,
1218 910 1261 945 et
1295 901 1386 959 ejus
1427 901 1505 959 qui
1539 914 1714 944 causam

324 976 524 1029 dicebat,
547 972 816 1019 confessione
847 974 1041 1018 contenti
1067 994 1078 1030 3
1101 973 1341 1032 praesertim
1358 973 1435 1016 ubi
1453 987 1503 1016 ex
1532 972 1714 1016 adverso

325 1045 473 1090 nullus
499 1044 694 1099 astabat,
723 1044 800 1103 qui
832 1043 961 1088 verba
990 1043 1108 1087 Libri
1137 1045 1228 1103 ejus
1260 1042 1521 1102 exponendo
1549 1042 1717 1101 aperire

326 1117 606 1175 interpretem
628 1123 818 1174 cogeret,
834 1124 966 1175 atque
984 1115 1102 1159 unde
1121 1115 1273 1160 fratres
1292 1130 1380 1159 non
1404 1113 1562 1158 frustra
1577 1128 1720 1157 move-

328 1196 505 1240 rentur,
536 1184 779 1230 ostendere.
807 1185 1057 1229 Paucissimi
1089 1186 1251 1244 quippe
1283 1195 1385 1229 sunt
1407 1185 1532 1243 Legis
1555 1184 1681 1243 periti
1708 1202 1716 1228 :

328 1256 657 1301 multitudinem
696 1265 841 1300 autem
877 1257 1175 1300 membrorum
1205 1257 1364 1301 Christi
1402 1270 1720 1315 usquequaque

329 1326 550 1381 diffusam,
565 1336 608 1370 et
626 1326 750 1384 Legis
768 1334 856 1369 tam
873 1325 1105 1385 profundae
1123 1342 1170 1370 ac
1184 1326 1435 1385 multiplicis
1457 1326 1718 1385 imperitam,

329 1397 534 1456 simplicis
557 1396 659 1440 fidei
682 1396 818 1455 pietas
842 1405 884 1440 et
911 1412 1006 1456 spes
1031 1397 1272 1441 firmissima
1295 1397 1339 1440 in
1363 1400 1452 1441 Deo
1475 1406 1517 1440 et
1538 1396 1722 1440 charitas

330 1465 495 1512 sincera
517 1465 794 1511 commendat
809 1501 819 1521 ,
840 1482 938 1526 quae
958 1467 1023 1510 his
1043 1467 1168 1511 donis
1188 1466 1390 1526 praedita,
1418 1467 1552 1524 gratia
1573 1466 1649 1510 Dei
1678 1480 1722 1510 se

332 1536 514 1582 confidit
545 1552 567 1580 a
601 1536 787 1594 peccatis
824 1551 945 1594 posse
976 1535 1178 1580 mundari
1211 1551 1287 1595 per
1315 1539 1464 1581 Jesum
1498 1536 1721 1582 Christum

328 1608 564 1652 Dominum
587 1616 802 1651 nostrum.

387 1680 463 1722 IV.
498 1677 567 1722 Ad
589 1678 673 1722 hoc
694 1677 728 1720 si
749 1677 863 1722 forte
895 1677 1092 1737 Pelagius
1120 1679 1426 1739 responderet,
1450 1679 1563 1722 hanc
1585 1678 1721 1737 ipsam

331 1764 374 1792 se
395 1748 548 1792 dixisse
569 1747 792 1792 scientiam
807 1748 947 1806 Legis,
969 1748 1060 1792 sine
1082 1765 1168 1809 qua
1185 1765 1273 1793 non
1298 1758 1438 1808 potest
1463 1749 1595 1793 homo
1610 1748 1721 1792 liber

332 1834 422 1864 esse
448 1835 470 1862 a
494 1820 677 1878 peccatis
708 1834 808 1878 quae
838 1834 914 1877 per
935 1818 1178 1864 doctrinam
1210 1819 1310 1864 fidei
1331 1820 1562 1879 neophytis
1591 1828 1722 1879 atque

332 1893 377 1934 in
399 1890 571 1934 Christo
593 1889 783 1948 parvulis
814 1888 999 1933 traditur
1014 1925 1025 1944 ,
1052 1905 1139 1950 qua
1168 1891 1299 1934 etiam
1321 1891 1571 1950 baptizandi
1602 1899 1716 1934 cate-

332 1960 574 2014 chizantur,
592 1969 642 2003 ut
662 1959 920 2016 Symbolum
945 1962 1147 2005 noverint
1165 1982 1175 2018 3
1197 1976 1285 2005 non
1303 1961 1482 2020 quidem
1504 1961 1583 2005 ista
1596 1960 1725 2004 intel-

332 2029 408 2088 ligi
420 2030 543 2084 solet,
556 2029 732 2088 quando
745 2029 906 2072 habere
921 2031 1149 2089 quisquam
1163 2032 1386 2075 seientiam
1403 2032 1528 2090 Legis
1541 2030 1722 2088 dicitur,

333 2099 409 2144 sed
430 2099 502 2144 illa
521 2099 761 2144 secundum
779 2115 911 2158 quam
933 2100 1058 2158 Legis
1078 2101 1200 2159 periti
1223 2101 1499 2160 appellantur
1528 2121 1535 2146 :
1556 2116 1725 2146 verum-

334 2180 496 2225 tamen,
516 2171 549 2213 si
568 2171 660 2214 haec
682 2169 833 2223 verba,
858 2185 956 2228 quae
983 2186 1117 2229 pauca
1136 2185 1333 2226 numero,
1356 2171 1430 2216 sed
1450 2187 1605 2230 magna
1627 2179 1726 2215 sunt

334 2240 543 2300 pondere,
568 2250 612 2285 et
634 2255 754 2284 more
772 2240 966 2284 omnium
988 2240 1276 2284 Ecclesiarum
1297 2238 1484 2285 fideliter
1504 2242 1726 2300 baptizan-

336 2302 402 2355 dis
424 2312 697 2366 intimantur,
717 2311 939 2355 scientiam
974 2311 1099 2370 Legis
1132 2322 1435 2371 nuncuparet,
1461 2327 1650 2357 asserens
1671 2311 1727 2357 de

336 2382 418 2426 hac
438 2397 481 2425 se
501 2381 669 2436 dixisse,
699 2400 718 2423 «
746 2397 835 2426 non
853 2396 942 2425 esse
964 2381 1053 2425 sine
1077 2391 1270 2440 peccato,
1297 2383 1377 2426 nisi
1398 2383 1475 2443 qui
1503 2383 1726 2427 scientiam

337 2453 462 2511 Legis
483 2451 710 2505 habuerit,
740 2470 758 2492 »
784 2467 883 2511 quae
915 2465 1086 2495 necesse
1108 2460 1171 2495 est
1195 2452 1391 2496 tradatur
1413 2452 1692 2497 credentibus
1712 2486 1723 2508 ‚

339 2531 570 2583 antequam
605 2521 659 2567 ad
693 2522 829 2581 ipsam
864 2522 1158 2567 remissionem
1199 2523 1376 2568 veniant
1412 2533 1688 2582 peccatorum
1712 2543 1723 2580 3
