1784 3205
308 218 390 256 '218
737 228 767 255 s.
806 224 1034 252 Avensa-mi
1069 223 1248 252 nnscom

305 294 405 354 quia
418 291 719 352 praeterierunt
732 299 848 344 actu,
864 296 1041 333 manent
1056 290 1203 333 reatu?
1219 289 1287 334 Sic
1297 289 1444 349 itaque
1456 289 1692 334 fieriecon-

279 365 435 413 xtrario
460 373 614 423 potest,
632 372 681 407 ut
694 363 822 407 etiam
845 360 955 404 illud
981 370 1154 405 maneat
1170 371 1286 416 actu,
1305 370 1534 421 praetereat
1551 370 1688 405 reatu.

362 438 503 480 XXX.
517 434 619 493 Agit
631 434 746 478 enim
761 431 924 491 aliquid
933 433 1285 492 concupiscentia
1295 432 1452 486 carnis,
1464 440 1506 475 et
1515 431 1694 491 quando

304 508 342 551 ei
365 522 451 550 non
476 506 703 549 exhibetur
724 502 793 547 vel
811 502 952 548 cordis
971 518 1164 551 assensus
1186 503 1261 547 ubi
1280 511 1446 560 regnet,
1469 501 1539 546 vel
1561 516 1695 546 mem-

308 578 383 621 bra
400 576 520 621 velut
536 591 657 620 arma
678 574 840 635 quibus
858 573 1093 632 impleatur
1115 572 1386 633 quodjubet.
1413 571 1515 630 Agit
1530 581 1691 628 autem,

307 647 434 707 quid,
456 647 535 690 nisi
549 646 640 706 ipsa
657 644 870 689 desideria
892 643 1002 688 mala
1024 653 1066 688 et
1091 643 1263 702 turpia?
1285 645 1382 688 Non
1401 643 1516 686 enim
1531 642 1565 686 si
1580 642 1695 686 bona

306 729 348 762 et
370 719 485 762 licita
502 727 659 771 essent,
685 717 744 760 eis
770 715 949 760 obedire
971 715 1224 774 prohiberet
1242 713 1478 772 Apostolus
1493 748 1504 769 ‚
1530 713 1694 769 dicens,

311 807 331 830 «
351 790 449 833 Non
471 796 623 846 regnet
643 795 871 845 peccatum
897 785 942 828 in
964 795 1107 830 vestro
1128 784 1298 829 mortali
1315 799 1497 843 corpore
1529 784 1583 828 ad
1599 782 1699 828 obe-

309 878 329 901 »
356 859 565 902 diendum
596 856 817 901 desideriis
834 858 967 916 ejus¹.
993 876 1011 898 »
1038 859 1134 901 Non
1163 856 1278 900 enim
1306 856 1388 910 ait,
1416 856 1470 899 ad
1497 852 1699 899 habenda

307 929 515 974 desideria
539 930 660 987 ejus,
690 928 786 982 sed,
817 947 837 969 «
870 927 924 971 ad
957 926 1253 971 obediendum
1277 924 1498 970 desideriis
1526 925 1618 985 ejus
1644 943 1652 968 :
1679 941 1698 966 »

307 1010 358 1045 ut
379 1000 588 1060 quoniam
613 1008 714 1042 sunt
740 999 784 1042 in
813 999 906 1042 aliis
941 999 1117 1057 majora,
1154 999 1199 1042 in
1221 997 1310 1041 aliis
1345 997 1537 1051 minora,
1570 1003 1703 1055 prout

308 1073 493 1132 quisque
523 1069 1018 1131 hillwmivnjssinterioris
1050 1069 1242 1114 novitate
1266 1067 1523 1127 profecerit,
1545 1066 1590 1110 in
1618 1066 1702 1110 hoc

311 1156 495 1201 agonem
524 1140 700 1202 justitiae
729 1139 1043 1199 pudicitiaeque
1066 1155 1308 1194 servemus,
1335 1154 1389 1182 ne
1420 1137 1501 1182 illis
1523 1136 1703 1182 obedia-

308 1230 420 1257 mus.
460 1215 515 1256 Ut
539 1222 683 1256 tamen
716 1202 796 1255 nec
827 1212 918 1270 ipsa
948 1211 1032 1255 sint
1063 1210 1302 1265 desideria,
1327 1209 1440 1254 velle
1463 1209 1700 1263 debemus,

308 1286 438 1329 ctiam
454 1284 488 1328 si
506 1284 549 1327 in
568 1298 750 1342 corpore
768 1283 917 1327 mortis
931 1283 1060 1342 hujus
1077 1281 1122 1326 id
1136 1281 1335 1326 obtinere
1353 1296 1442 1325 non
1455 1295 1697 1339 possumus.

309 1357 420 1399 Hinc
443 1359 558 1399 enim
582 1363 620 1398 et
658 1353 742 1398 alio
767 1353 866 1398 loco
888 1352 1001 1397 idem
1039 1351 1271 1411 Apostolus
1294 1351 1479 1411 loquens
1501 1350 1624 1396 velut
1651 1365 1703 1394 ex

308 1442 396 1470 suae
415 1441 611 1485 personae
640 1418 968 1468 introductione
1004 1439 1081 1468 nos
1116 1424 1314 1478 instruit,
1344 1422 1520 1476 dicens,
1551 1440 1570 1464 «
1605 1423 1703 1467 Non

311 1516 331 1538 »
352 1497 468 1540 enim
488 1495 608 1556 quod
626 1495 749 1549 volo,
777 1496 859 1539 hoc
882 1488 985 1551 ago,
1013 1494 1085 1538 sed
1109 1494 1226 1553 quod
1251 1492 1327 1538 odi
1347 1492 1457 1537 illud
1480 1492 1594 1537 facio
1609 1494 1652 1536 ²:
1680 1509 1700 1533 n

308 1567 353 1610 id
375 1576 461 1621 est,
497 1566 759 1625 concupisco
789 1584 797 1610 :
829 1565 931 1625 quia
964 1574 1008 1609 et
1037 1565 1119 1609 hoc
1149 1563 1286 1609 nollet
1316 1563 1480 1618 facere,
1512 1571 1563 1606 ut
1596 1570 1706 1607 esset

309 1639 427 1682 omni
445 1653 497 1681 ex
516 1646 638 1696 parte
656 1636 891 1697 perfectus.
908 1637 985 1681 »Si
1002 1645 1145 1680 autem
1165 1634 1286 1695 quod
1300 1634 1419 1690 nolo,
1439 1634 1600 1694 inquit,
1620 1633 1705 1678 hoc

313 1727 333 1750 »
359 1708 494 1763 facio,
519 1708 744 1752 consentio
766 1706 852 1766 legi
874 1706 1082 1766 quoniam
1106 1705 1222 1750 bona
1249 1724 1258 1750 ε
1287 1725 1305 1746 n
1331 1705 1435 1764 quia
1459 1704 1544 1748 hoc
1566 1712 1609 1747 et
1631 1702 1705 1746 illa

309 1795 398 1823 non
420 1779 532 1833 vult,
559 1777 680 1838 quod
701 1787 743 1822 et
767 1793 846 1835 ego
872 1775 992 1821 nolo.
1026 1778 1122 1820 Non
1149 1774 1246 1820 vult
1268 1775 1384 1818 enim
1406 1782 1456 1817 ut
1473 1772 1705 1830 concupis-

309 1866 427 1904 cam,
455 1866 552 1909 quae
575 1850 702 1903 dicit,
732 1867 748 1888 «
776 1851 874 1893 Non
897 1847 1207 1905 concupisces3
1235 1865 1244 1889 ι
1272 1864 1291 1886 »
1319 1854 1362 1889 et
1384 1859 1464 1903 ego
1479 1843 1582 1888 nolo
1603 1857 1705 1887 con-

309 1922 545 1980 cupiscere.
572 1923 623 1964 In
647 1921 730 1964 hoc
751 1920 899 1978 itaque
933 1918 1239 1971 consentiunt,
1273 1914 1474 1960 voluntas
1501 1913 1631 1973 legis,
1666 1922 1709 1957 et

278 2033 281 2037 ,
309 2007 418 2035 mea.
445 1995 604 2035 Verum
629 1991 732 2050 quia
755 1991 1065 2049 concupiscere
1088 1988 1292 2043 nolebat,
1307 1996 1350 2031 et
1374 1996 1521 2030 tamen
1542 2000 1709 2030 concu-

249 2055 251 2058 Α
312 2064 529 2121 piscebat,
555 2062 631 2105 sed
662 2062 803 2105 eidem
828 2061 1195 2119 concupiscentiae
1219 2073 1497 2118 nequaquam
1523 2072 1709 2102 consen-

311 2134 460 2177 tiendo
482 2133 720 2186 serviebat,
747 2132 944 2191 adjunxit
968 2141 1099 2190 atque
1122 2131 1205 2184 ait,
1243 2149 1262 2171 «
1289 2133 1415 2174 Nunc
1453 2137 1599 2173 autem
1616 2129 1708 2188 jam

314 2223 334 2245 »
357 2220 446 2248 non
474 2219 555 2261 ego
574 2218 730 2262 operor
750 2201 883 2256 illud,
910 2201 986 2245 sed
1008 2200 1053 2244 id
1071 2201 1190 2260 quod
1210 2199 1256 2243 in
1275 2214 1345 2243 me
1368 2199 1537 2243 habitat
1554 2213 1708 2258 pecea-

280 2322 283 2324 ‚
317 2293 336 2316 )›
364 2275 500 2317 tum4.
531 2292 551 2315 ))

372 2347 536 2388 XXXI.
564 2344 755 2389 Multum
786 2353 931 2388 autem
953 2341 1120 2387 fallitur
1143 2342 1298 2394 homo,
1331 2341 1408 2400 qui
1432 2339 1708 2385 consentiens

313 2415 678 2474 concupiscentiae
701 2416 840 2460 carnis
863 2431 952 2458 suae
967 2449 977 2468 ,
1004 2423 1047 2457 et
1069 2412 1189 2472 quod
1217 2411 1290 2455 illa
1314 2410 1530 2455 desiderat
1557 2410 1709 2455 decer-

313 2502 420 2530 nens
442 2485 581 2530 faccre
598 2496 640 2530 et
662 2495 854 2530 statuens
869 2521 879 2541 ,
912 2494 1036 2545 putat
1057 2484 1137 2527 sibi
1160 2483 1303 2527 adhuc
1327 2497 1417 2526 esse
1440 2481 1677 2526 dicendum
1691 2515 1702 2536 ,

365 2580 371 2593 ¹
397 2575 485 2605 Rom.
507 2583 553 2612 vi,
575 2580 625 2606 12.
644 2590 681 2596 --
696 2578 707 2595 ²
731 2572 778 2603 ld.
802 2582 860 2611 vn,
886 2571 934 2604 15.
951 2587 989 2594 -—
1008 2569 1021 2590 5²¹
1040 2569 1142 2602 Exod.
1162 2579 1214 2609 xx,
1240 2565 1374 2607 17.-—4
1398 2569 1490 2600 Rom.
1512 2577 1569 2607 vn,
1591 2576 1642 2606 17.
