1784 3205
285 225 370 264 444
728 238 760 263 s.
798 233 1028 262 Ancus'nm
1060 234 1243 263 Emscopt

284 302 474 347 Ecclesia
493 302 736 362 judicatum
752 338 766 357 ‚
792 310 840 345 ut
862 301 936 345 illa
954 315 1106 345 corum
1129 302 1333 359 dogmata
1351 336 1362 356 ,
1382 317 1482 361 quae
1504 302 1548 345 in
1570 302 1670 360 ipsis

283 383 326 418 et
347 388 447 418 cum
470 373 570 432 ipsis
602 388 714 432 papa
739 372 1019 416 Innocentius
1050 372 1331 416 damnaverat
1348 408 1358 428 ,
1390 372 1670 432 approbanda

282 454 325 489 et
342 443 532 488 tenenda
554 444 945 503 pronuntiarentur
963 478 973 495 ,
994 458 1045 487 ex
1066 444 1149 487 hoc
1172 444 1316 502 potius
1334 453 1442 487 esset
1463 443 1669 502 praevari-

281 516 463 560 cationis
486 524 588 560 nota
619 515 824 560 Romanis
847 514 1012 558 clericis
1034 513 1265 558 inurenda.
1291 516 1418 559 Nunc
1445 530 1548 559 vero
1571 529 1671 559 cum

284 587 480 645 primitus
512 586 744 630 beatissimi
767 601 892 645 papae
925 586 1171 629 Innocentii
1193 585 1348 629 litterae
1372 586 1671 645 episcoporum

282 658 437 702 litteris
456 658 756 717 respondentis
779 657 1000 713 Afrorum,
1014 657 1173 716 pariter
1190 657 1309 700 hunc
1323 672 1527 712 errorem,
1543 673 1673 717 quem

281 737 498 772 conantur
512 728 581 772 isti
596 727 869 787 persuadere,
895 727 1199 771 damnaverint
1226 747 1234 771 :
1256 742 1474 772 successor
1497 743 1674 786 quoque

282 800 371 858 ejus
393 808 567 844 sanctus
599 815 711 858 papa
746 800 938 844 Zosimus
958 800 1041 843 hoc
1064 799 1305 842 tenendum
1329 814 1419 842 esse
1436 834 1446 853 ,
1466 798 1581 858 quod
1605 799 1673 842 isti

283 871 337 914 de
360 870 549 929 parvulis
571 872 779 926 sentiunt,
803 886 1030 931 nunquam
1049 870 1221 924 dixerit,
1241 885 1466 929 nunquam
1491 870 1673 927 scripse-

283 941 339 984 rit
365 962 375 996 3
402 941 579 999 insuper
617 942 746 985 etiam
778 941 1035 986 Coelestium
1063 956 1107 985 se
1130 955 1315 999 purgare
1341 938 1593 983 molientem
1620 938 1675 982 ad

283 1011 646 1055 consentiendum
664 1027 792 1070 supra
811 1011 935 1055 dictis
951 1010 1061 1055 sedis
1079 1010 1339 1070 Apostolicae
1353 1010 1503 1054 litteris
1526 1009 1675 1053 crebra

282 1082 615 1125 interlocutione
636 1082 961 1126 constrinxerit:
981 1080 1179 1140 profecto
1201 1080 1418 1140 quidquid
1432 1081 1596 1124 interea
1610 1080 1675 1124 le-

283 1151 379 1194 nius
403 1159 545 1194 actum
569 1160 632 1194 est
654 1166 754 1194 cum
788 1151 1017 1205 Coelestio,
1044 1159 1209 1195 servata
1231 1150 1442 1194 duntaxat
1470 1150 1675 1210 antiquis-

282 1223 401 1265 simae
433 1231 476 1265 et
511 1222 820 1266 robustissimae
853 1221 953 1264 fidei
987 1222 1191 1265 firmitate
1211 1256 1222 1275 ,
1269 1223 1547 1266 correctionis
1591 1220 1675 1266 fuit

282 1293 615 1338 clementissima
637 1293 796 1347 suasio,
821 1308 909 1337 non
933 1293 1190 1352 approbatio
1209 1292 1468 1337 exitiossima
1483 1294 1675 1351 pravita-

285 1364 350 1408 tis.
394 1366 448 1407 Et
491 1363 609 1423 quod
640 1364 694 1407 ab
735 1362 889 1407 eodem
925 1362 1146 1407 sacerdote
1184 1372 1331 1422 postea
1372 1362 1601 1408 Coelestius
1634 1372 1676 1407 et

284 1434 480 1492 Pelagius
517 1434 698 1493 repetita
736 1433 992 1477 auctoritate
1036 1432 1231 1477 damnati
1269 1442 1370 1477 sunt
1392 1468 1403 1487 ,
1446 1432 1673 1492 paululum

285 1505 566 1558 intermissae,
604 1506 694 1564 jam
728 1505 968 1548 necessario
990 1503 1263 1563 proferendae
1295 1504 1404 1548 ratio
1440 1504 1675 1548 severitatis

285 1573 393 1627 fuit,
419 1590 506 1618 non
539 1575 835 1633 praevaricatio
869 1575 988 1633 prius
1022 1575 1209 1633 cognitae
1247 1574 1315 1619 vel
1344 1589 1456 1619 nova
1485 1575 1675 1633 cognitio

285 1645 488 1689 veritatis.

343 1716 417 1757 VI.
444 1714 526 1759 Sed
551 1714 658 1774 quid
682 1729 791 1774 opus
814 1724 878 1759 est
899 1731 977 1760 nos
999 1715 1054 1759 de
1080 1716 1158 1759 hac
1191 1730 1237 1760 re
1265 1715 1489 1776 loquendo
1511 1716 1674 1760 diutius

285 1786 535 1839 immorari,
569 1801 669 1829 cum
699 1794 845 1829 extent
875 1786 977 1829 hinc
1006 1795 1136 1845 atque
1166 1784 1267 1828 inde
1304 1795 1418 1843 gesta
1450 1795 1493 1830 et
1519 1787 1674 1845 scripta

284 1855 445 1899 directa
466 1890 476 1909 ,
514 1856 591 1899 ubi
623 1856 817 1915 possint,
857 1866 1014 1900 cuncta
1052 1855 1125 1900 illa
1146 1891 1156 1909 ,
1183 1855 1556 1915 quemadmodum
1580 1866 1673 1900 acta

284 1927 384 1980 sint,
410 1926 477 1969 vel
498 1926 700 1984 cognosci
723 1925 790 1970 vel
807 1927 1056 1985 recognosci
1078 1928 1094 1967 ἶ)
1116 1926 1536 1984 Interrogationibus
1557 1928 1671 1970 enim

283 1996 417 2039 sancti
438 1997 704 2054 praecessoris
726 1996 818 2050 tui,
845 2006 888 2040 et
911 1996 1106 2041 Coelestii
1134 1996 1485 2055 responsionibus
1513 1996 1673 2056 quibus

285 2081 329 2108 se
352 2066 466 2109 beati
489 2082 612 2125 papae
646 2068 888 2111 Innocentii
912 2067 1064 2111 litteris
1085 2067 1329 2111 consentire
1347 2066 1564 2126 professus
1590 2076 1669 2123 est,

285 2137 380 2196 quis
403 2152 491 2181 non
512 2138 656 2182 videat
677 2138 1050 2198 quemadmodum
1081 2139 1134 2182 sit
1167 2138 1398 2183 Coelestius
1428 2138 1670 2197 colligatus,

285 2216 328 2250 et
349 2206 524 2251 vinculo
553 2207 839 2252 saluberrimo
869 2208 1100 2252 obstrictus
1120 2242 1131 2262 ,
1157 2222 1212 2251 ne
1234 2208 1416 2252 ulterius
1438 2207 1673 2252 defendere

285 2279 463 2321 auderet
494 2278 539 2321 in
562 2278 820 2337 baptismate
852 2278 1132 2337 parvulorum
1164 2293 1254 2323 non
1282 2278 1443 2323 dimitti
1466 2279 1673 2338 originale

286 2351 537 2405 peccatum?
560 2348 830 2393 Venerabilis
848 2349 1011 2408 quippe
1036 2348 1280 2393 Innocentii
1302 2350 1490 2409 episcopi
1513 2349 1567 2393 de
1591 2350 1673 2393 hac

286 2433 331 2462 re
347 2419 427 2462 ista
443 2428 544 2463 sunt
565 2420 697 2463 verba
721 2419 776 2464 ad
794 2420 1150 2478 Carthaginiense
1167 2420 1429 2464 conciliuml
1455 2439 1464 2465 :
1497 2439 1516 2463 «
1541 2420 1672 2464 Libe-

287 2504 384 2533 rum
407 2490 540 2545 enim,
559 2490 719 2550 inquit,
736 2490 962 2534 arbitrium
988 2489 1091 2535 olim
1106 2489 1179 2534 ille
1200 2505 1441 2550 perpessus,
1462 2491 1566 2536 dum
1590 2491 1674 2535 suis

337 2581 344 2598 ¹
366 2576 532 2609 Innocent.
556 2575 656 2617 Epist.
676 2575 761 2618 apud
774 2577 905 2617 August.
925 2585 1048 2618 cmxxxi,
1074 2585 1160 2608 num.
1184 2586 1214 2616 7.
