1804 3205
506 226 559 252 nn
590 226 730 254 cums
762 225 949 253 νειΛαιι.
1366 215 1420 251 ⁴53

33 291 341 337 consolatorios
363 290 417 335 ad
440 290 677 350 quamdam
698 290 873 336 viduam
894 290 1175 348 conscriptos,
1199 291 1320 348 cujus
1341 307 1420 334 ιιο-

35 377 134 406 men
152 376 241 406 non
258 370 322 406 est
338 376 601 420 expressum,
626 377 670 406 se
695 362 854 406 habere
877 363 1104 417 dixerunt,
1123 369 1165 404 ct
1181 361 1418 404 admonue-

35 442 138 477 runt
158 433 467 492 requirendum
486 468 497 488 ,
520 442 668 477 utrum
687 432 772 476 illic
796 433 874 477 ista
897 448 997 492 quae
1020 447 1095 476 sua
1122 431 1298 490 negavit
1317 466 1328 485 ,
1353 447 1420 474 es-

35 513 130 549 sent
151 504 264 550 forte
285 505 550 564 conscripta,
575 506 783 564 quoniam
808 505 889 548 hoc
912 514 955 549 et
977 505 1057 564 ipsi
1074 519 1118 548 se
1137 505 1334 562 ignorare
1357 519 1423 546 as·-

36 575 251 620 serebant.
280 578 389 620 Tum
414 591 516 620 vero
537 590 636 620 cum
668 573 799 619 iidem
824 575 924 619 libri
946 575 1002 620 ab
1024 574 1202 619 exordio
1224 574 1421 633 legeren-

39 655 123 700 tur,
146 647 344 706 quaesita,
367 655 410 690 et
432 647 607 691 inventa
629 655 745 690 sunt.
771 646 1062 690 Affirmabant
1083 656 1227 690 autem
1248 644 1326 699 illi,
1347 645 1422 704 qui

37 716 309 775 protulerant
337 715 555 771 codicem,
581 726 682 761 ante
710 726 900 776 quatuor
928 717 1064 761 ferme
1091 731 1227 761 annos
1251 731 1296 760 sc
1322 716 1422 759 istos

37 796 239 847 tanquam
285 787 441 846 Pelagii
483 787 614 832 libros
655 788 815 832 habere
851 789 1031 848 coepisse
1051 823 1061 843 ,
1107 804 1186 832 nec
1230 802 1421 847 unquam

37 868 181 903 utrum
204 861 298 920 ejus
317 869 474 914 essent,
497 859 551 903 ab
570 859 714 920 aliquo
735 875 778 904 sc
801 859 968 904 audisse
984 859 1191 904 dubitari.
1214 859 1424 903 Conside-

35 938 178 974 rantes
201 930 346 989 itaque
374 931 538 989 optime
560 930 683 974 nobis
705 945 928 974 servorum
952 931 1028 974 Dei
1053 930 1271 988 cognitam
1295 929 1425 972 (idem

36 998 92 1044 de
113 1000 194 1044 hac
219 1015 263 1044 re
287 1015 373 1044 non
397 1015 519 1059 posse
545 1001 747 1054 mentiri,
774 1009 933 1044 restare
954 999 1201 1053 videbatur,
1228 1008 1277 1043 ut
1300 999 1425 1042 Pela-

39 1071 157 1130 gium
186 1072 328 1130 potius
353 1073 397 1115 in
419 1071 831 1132 episcopali-judicio
853 1071 1128 1115 crederemus
1152 1070 1281 1115 fuisse
1304 1086 1426 1114 men-

36 1143 188 1198 titum,
216 1143 297 1187 nisi
326 1143 417 1187 fieri
442 1144 632 1202 potuisse
660 1144 950 1202 cogitaremus
969 1179 979 1198 ,
1015 1144 1144 1187 etiam
1169 1152 1270 1186 ante
1292 1158 1428 1186 annos

36 1222 123 1257 tam
157 1214 318 1258 multos
347 1213 513 1274 aliquid
535 1215 616 1258 sub
647 1215 738 1273 ejus
767 1215 959 1268 nomine,
991 1229 1079 1258 non
1110 1224 1253 1257 tamen
1277 1214 1332 1256 ab
1352 1212 1427 1256 illo

36 1283 166 1328 fuisse
196 1284 491 1344 conscriptum
524 1304 532 1329 :
562 1300 705 1344 neque
736 1285 852 1328 enim
887 1285 955 1328 isti
989 1283 1162 1328 eosdem
1195 1283 1329 1327 libros
1373 1284 1427 1326 al>

37 1356 129 1414 ipso
146 1370 190 1399 se
210 1355 439 1414 accepisse,
460 1355 528 1399 vel
547 1357 665 1415 quod
684 1357 815 1414 ipsius
835 1365 992 1409 essent,
1015 1355 1069 1399 ab
1087 1355 1239 1398 eodem
1261 1353 1428 1398 audisse

36 1424 256 1470 dicebant.
293 1429 401 1471 Nam
432 1436 474 1470 et
504 1427 609 1469 mihi
641 1426 819 1486 quidam
856 1427 1010 1470 fratres
1043 1425 1179 1469 nostri
1217 1424 1427 1469 nonnulla

37 1496 244 1555 opuscula
267 1497 350 1540 sub
370 1511 466 1540 meo
489 1496 666 1540 nominc
687 1497 730 1539 in
751 1495 1000 1554 Hispaniam
1021 1495 1187 1539 venisse
1206 1494 1426 1548 dixerunt,

36 1583 137 1627 quae
157 1566 336 1627 quidem
358 1568 412 1610 ab
435 1567 501 1621 iis,
522 1567 596 1626 qui
620 1566 702 1611 alia
719 1576 863 1611 nostra
878 1565 1095 1625 legissent,
1117 1581 1206 1611 non
1223 1581 1428 1625 agnosce-

38 1646 214 1696 rentur3
236 1639 292 1681 ab
315 1637 409 1682 aliis
430 1647 577 1682 tamen
599 1648 745 1682 nostra
767 1653 857 1682 esse
881 1637 1179 1681 crederentur.

96 1711 195 1752 XX.
218 1708 334 1753 lllud
357 1724 460 1753 sane
480 1708 600 1769 quod
623 1709 819 1766 Pelagius
841 1724 967 1752 suum
992 1723 1080 1752 esse
1103 1707 1326 1752 confessus
1349 1716 1427 1761 est,

39 1776 184 1823 adhuc
204 1778 469 1823 latebrosum
494 1788 558 1823 est
590 1795 597 1819 :
625 1778 700 1823 sed
727 1788 836 1838 puto
859 1777 980 1838 quod
1003 1779 1045 1822 in
1076 1779 1256 1822 istorum
1286 1787 1429 1837 gesto-

41 1864 138 1893 rum
161 1850 527 1909 consequentibus
549 1849 745 1909 partibus
764 1848 970 1893 elucebit.
991 1849 1063 1892 Ait
1081 1850 1196 1892 enim
1221 1869 1231 1892 :
1257 1868 1275 1889 «
1305 1852 1431 1891 Posse

41 1919 217 1979 quidem
240 1921 460 1964 hominem
484 1935 573 1963 esse
601 1920 692 1963 siue
716 1928 911 1977 peccato,
938 1928 981 1962 et
1005 1919 1079 1962 Dei
1102 1917 1305 1962 mandata
1331 1934 1432 1962 cus-

43 1989 200 2044 todire,
230 1990 263 2034 si
291 1989 410 2043 velit,
441 1990 630 2033 diximus
653 1990 791 2033 :hanc
820 1990 935 2032 enim
960 1989 1288 2048 possibilitatem
1320 1992 1432 2032 Deus

42 2060 105 2104 illi
127 2060 264 2105 dedit.
297 2063 394 2106 Non
423 2070 569 2104 autem
591 2060 806 2115 diximus,
840 2059 959 2120 quod
992 2060 1237 2104 inveniatur
1259 2058 1429 2119 aliquis,

43 2130 99 2175 ab
114 2129 295 2175 infantia
317 2146 452 2191 usque
471 2131 526 2175 ad
543 2140 760 2175 senectam
782 2166 793 2186 ,
813 2131 888 2191 qui
908 2146 1134 2191 nunquam
1156 2131 1401 2190 peccaverit
1423 2150 1430 2174 ;

43 2202 119 2247 sed
143 2202 350 2262 quoniam
373 2217 396 2246 a
418 2202 603 2260 peccatis
631 2217 881 2256 conversus,
916 2202 1090 2261 proprio
1112 2202 1259 2246 labore
1287 2210 1330 2245 et
1358 2201 1435 2244 Dei

43 2272 178 2331 gratia
195 2272 327 2331 possit
348 2287 436 2316 esse
458 2271 549 2316 sine
569 2281 771 2331 peccato,
797 2287 877 2315 nec
900 2287 977 2331 per
1001 2273 1082 2316 hoc
1105 2282 1251 2317 tamen
1270 2273 1312 2315 in
1336 2286 1434 2331 pos-

45 2351 187 2386 terum
219 2341 580 2386 inconversibilis.
616 2360 635 2382 n
671 2345 721 2385 In
754 2343 820 2385 his
855 2343 1009 2396 verbis,
1045 2357 1178 2402 quam
1210 2341 1324 2386 dicat
1356 2341 1434 2386 Dei

46 2412 242 2471 gratiam,
263 2427 437 2472 prorsus
457 2411 563 2456 latet
583 2429 593 2456 :
612 2421 654 2456 et
665 2410 834 2472 judices
850 2413 1028 2471 quidem
1045 2412 1247 2457 catholici
1265 2412 1431 2456 nullam

46 2481 170 2527 aliam
202 2482 440 2540 intelligere
470 2492 737 2541 potuerunt,
771 2483 850 2527 nisi
881 2498 1013 2542 quam
1044 2483 1167 2527 nobis
1197 2483 1433 2542 plurimum

47 2552 279 2612 apostolica
302 2552 499 2597 doctrina
521 2552 812 2599 commendat.
841 2555 942 2598 Haec
964 2561 1028 2599 est
1054 2553 1173 2598 enim
1194 2586 1206 2608 ,
1230 2568 1325 2613 -qua
1357 2567 1434 2597 nos
