1804 3205
285 234 446 261 corrrm
483 236 586 262 DUAs
619 236 748 263 nrisT.
786 231 1011 264 rancun.
1050 238 1130 264 ιιυ.
1171 240 1215 264 ιι.
1361 227 1444 267 449

63 298 110 342 lit
133 317 140 342 :
167 296 242 342 sed
264 299 374 344 sicut
392 301 483 360 ejus
508 300 605 344 libri
643 303 897 360 posteriores
924 303 1143 358 indicant,
1181 314 1223 347 et
1264 305 1443 349 istorum

60 378 323 414 sectatorum
350 372 442 430 ejus
467 372 604 416 nudat
628 375 823 429 assertio,
854 375 956 419 licto
978 375 1108 419 corde
1130 376 1337 430 servavit,
1362 377 1445 420 do-

63 456 142 485 nec
174 450 344 500 postea,
382 445 502 501 quod
534 453 637 489 tunc
675 455 790 489 metu
831 455 992 491 texerat
1031 447 1228 505 negantis
1260 448 1444 501 astutia,

63 511 192 555 etiam
213 512 257 555 in
278 510 441 557 litteras
465 513 678 572 proferret
695 515 888 560 audacia.
910 519 964 560 Et
985 516 1128 560 adhuc
1148 532 1236 560 non
1254 516 1452 561 reformi-

64 580 187 637 dant,
209 598 287 628 nec
306 583 458 629 saltem
476 587 825 631 verecundantur
842 588 1029 647 episcopi
1050 587 1268 647 Pelagiani
1291 588 1454 632 litteras

65 667 162 696 suas
182 654 404 699 catholicis
426 657 721 702 Orientalibus
751 659 961 718 episcopis
981 659 1167 713 mittere,
1193 659 1355 718 quibus
1378 675 1455 702 nos

68 732 296 769 assertores
314 724 388 769 fati
408 742 497 771 esse
519 728 821 784 criminantur,
840 730 941 789 quia
964 745 1053 775 non
1070 730 1253 774 dicimus
1277 730 1456 788 gratiam

72 794 146 837 Dei
169 796 411 840 secundum
438 799 589 843 merita
612 808 757 844 nostra
784 800 898 854 dari,
929 799 1049 860 quod
1074 800 1269 859 Pelagius
1291 801 1458 859 episco-

69 878 146 923 pos
168 867 409 912 Orientales
438 878 657 923 metuens,
683 879 724 913 et
749 869 892 915 dicere
922 886 1007 916 non
1033 886 1160 915 ausus
1182 880 1224 915 et
1253 870 1460 914 damnare

69 937 321 996 compulsus
338 948 416 984 est.

130 1010 209 1052 XI.
239 1011 360 1053 Itane
388 1025 515 1063 vero,
550 1011 625 1055 lilii
655 1012 892 1070 superbiae,
933 1013 1093 1055 inimici
1132 1011 1280 1068 gratiae
1314 1010 1411 1063 Dei,
1437 1024 1463 1053 o

73 1080 175 1124 novi
197 1080 390 1125 haeretici
416 1082 654 1140 Pelagiani,
683 1082 878 1141 quisquis
911 1082 1040 1136 dicit,
1063 1083 1196 1141 gratia
1226 1082 1301 1125 Dei
1320 1080 1464 1125 omnia

72 1151 259 1196 hominis
286 1153 400 1197 bona
424 1153 575 1197 merita
597 1153 847 1212 praeveniri,
885 1168 964 1197 nec
988 1153 1169 1211 gratiam
1198 1153 1273 1196 Dei
1306 1151 1466 1195 meritis

73 1219 183 1276 dari,
201 1237 256 1266 ne
277 1237 366 1266 non
382 1223 435 1267 sit
452 1223 604 1281 gratia,
630 1224 664 1266 si
686 1238 774 1268 non
793 1223 923 1281 gratis
945 1223 1089 1278 datur,
1114 1223 1189 1267 sed
1210 1223 1357 1267 debita
1376 1237 1468 1265 me-

76 1292 273 1336 rentibus
302 1293 522 1350 redditur,
560 1294 696 1338 fatum
729 1293 851 1339 vobis
880 1295 1054 1339 videtur
1086 1296 1294 1339 asserere?
1315 1296 1470 1338 Nonne

76 1364 207 1408 etiam
229 1364 395 1424 vosipsi
418 1364 617 1424 qualibet
636 1365 879 1409 intentione
894 1365 1180 1410 necessarium
1206 1365 1471 1424 baptismum

78 1435 283 1479 omnibus
297 1435 498 1480 aetatibus
521 1435 695 1481 dicitis?
712 1439 868 1482 Nonne
891 1438 934 1481 in
957 1438 1037 1482 hac
1060 1437 1150 1497 ipsa
1172 1436 1353 1496 epistola
1372 1450 1470 1480 ves-

82 1514 145 1550 tra
160 1539 171 1560 ,
189 1507 314 1550 istam
333 1506 388 1550 de
410 1507 627 1566 baptismo
647 1507 906 1551 sententiam
919 1542 929 1562 ,
956 1517 998 1551 ct
1016 1507 1070 1551 de
1096 1508 1232 1566 gratia
1250 1508 1373 1566 juxta
1390 1520 1470 1564 po-

80 1576 257 1622 suistis?
279 1580 368 1624 Cur
385 1594 474 1624 non
494 1594 569 1624 vos
584 1579 840 1638 baptismus,
863 1579 939 1637 qui
957 1577 1086 1622 datur
1101 1578 1359 1632 infantibus,
1384 1577 1475 1635 ipsa

83 1648 305 1694 vicinitate
345 1650 639 1704 commonuit,
684 1648 792 1709 quid
828 1649 985 1693 sentire
1017 1648 1072 1692 de
1103 1648 1236 1705 gratia
1258 1646 1478 1690 debeatis?

86 1725 189 1768 Haec
211 1723 328 1767 enim
343 1722 478 1766 verba
500 1730 603 1766 sunt
623 1729 762 1764 vestra
785 1753 792 1762 .
820 1738 839 1760 «
865 1719 1080 1777 Baptisma
1104 1718 1306 1762 omnibus
1330 1731 1479 1760 neees-

86 1795 246 1839 sarium
270 1808 359 1839 esse
381 1793 583 1837 aetatibus
616 1790 879 1835 confitemur
906 1804 914 1829 ε
944 1789 1125 1848 gratiam
1148 1803 1326 1848 quoque
1348 1787 1475 1847 adju-

87 1880 188 1910 vare
220 1866 563 1924 uniuscujusque
596 1862 762 1906 bonum
793 1859 1091 1919 propositum,
1123 1874 1211 1903 non
1240 1868 1386 1902 tamen
1409 1872 1479 1901 re-

89 1935 273 1981 luctanti
300 1935 495 1981 studium
525 1933 696 1978 virtutis
720 1931 979 1984 immittere,
1011 1949 1029 1970 «
1065 1930 1167 1989 quia
1199 1942 1482 1988 personarum

93 2026 113 2050 »
138 2008 333 2068 acceptio
358 2022 447 2052 non
465 2014 529 2050 est
551 2003 669 2064 apud
686 2004 850 2048 Deum¹
875 2021 884 2047 :
915 2020 934 2042 »
961 2003 1009 2044 In
1034 2001 1099 2045 his
1118 2001 1320 2045 omnibus
1341 1999 1483 2044 verbis

93 2079 244 2124 vestris
259 2077 315 2123 de
347 2078 481 2136 gratia
510 2073 631 2136 quod
652 2072 840 2126 dixistis,
873 2071 1043 2115 interim
1067 2080 1188 2115 taceo
1212 2089 1220 2114 :
1246 2070 1300 2113 de
1321 2070 1485 2128 baptis-

93 2158 209 2195 mate
225 2146 396 2193 reddite
410 2147 637 2200 rationem,
663 2159 741 2188 cur
760 2141 869 2187 illud
888 2141 1041 2185 dicatis
1063 2141 1267 2185 omnibus
1282 2155 1371 2184 esse
1387 2149 1485 2183 aeta-

97 2220 212 2265 tibus
234 2218 521 2265 necessarium
536 2252 547 2271 ,
574 2230 708 2276 quare
730 2213 782 2259 sit
806 2212 1090 2258 necessarium
1117 2211 1305 2269 parvulis
1328 2209 1482 2254 dicite:

96 2291 295 2351 profecto
316 2291 420 2351 quia
437 2290 496 2333 eis
515 2288 621 2332 boni
640 2286 805 2346 aliquid
818 2282 1003 2335 confert,
1025 2291 1068 2326 et
1089 2282 1203 2325 idem
1221 2281 1386 2341 aliquid
1408 2296 1488 2325 nec

100 2377 306 2421 parvum,
340 2375 421 2405 nec
450 2359 692 2411 mediocre,
723 2353 799 2400 sed
826 2367 1033 2413 magnum
1063 2362 1140 2396 est.
1171 2354 1280 2398 Nam
1310 2353 1389 2396 etsi
1419 2367 1491 2396 eos

101 2431 268 2491 negatis
300 2430 516 2476 attrahere
545 2426 667 2488 quod
692 2426 738 2469 in
767 2424 984 2484 baptismo
1013 2423 1260 2468 remittatur
1286 2420 1494 2480 originale

102 2511 330 2562 peccatum
356 2520 366 2547 ε
393 2510 539 2547 tamen
559 2497 635 2544 illo
658 2494 999 2555 regenerationis
1027 2492 1198 2540 lavacro
1225 2491 1423 2552 adoptari
1441 2506 1491 2535 ex

150 2595 162 2614 ¹
181 2588 298 2623 Coloss.
318 2598 366 2629 ιιι,
385 2585 443 2621 25:

245 2651 361 2683 exn.
1260 2632 1311 2670 29
