1784 3205
356 209 434 247 138
793 221 826 247 s.
862 217 1091 246 Aversa-uu
1125 219 1309 247 Emscom

352 304 371 327 »
398 285 494 329 tatis
513 293 555 329 et
576 285 855 329 continentiae
881 287 911 328 ¹.
944 301 964 325 »
995 285 1090 329 Non
1118 293 1181 328 est
1196 294 1339 330 autem
1366 299 1633 344 consequens
1650 321 1661 341 ‚
1685 296 1734 331 ut

348 354 457 415 quid
474 355 607 399 habet
622 353 786 398 donum
802 354 1006 408 scientiae,
1018 369 1106 413 quo
1122 355 1290 400 noverit
1303 354 1409 415 quid
1426 369 1550 413 agere
1559 355 1732 411 debeat,

348 427 506 470 habeat
523 426 650 469 etiam
668 425 909 479 charitatis,
930 433 979 468 ut
1002 433 1115 482 agat.

406 497 635 540 XXXVII.
663 494 763 538 Illos
778 494 925 549 etiam,
949 509 1058 553 quos
1074 494 1119 537 in
1134 493 1292 538 eisdem
1306 494 1476 548 litteris,
1497 508 1604 553 quas
1620 494 1736 539 misit

348 566 403 610 ad
423 575 583 610 sanctae
603 565 822 609 memoriae
846 580 1000 624 papam
1026 564 1332 608 Innocentium
1351 599 1362 619 ,
1393 563 1527 608 libros
1546 579 1645 609 suos
1667 565 1737 610 vel

345 636 503 694 scripta
520 644 848 689 commemorat,
870 635 977 692 legi,
1003 643 1160 693 praeter
1180 649 1313 677 unam
1336 633 1583 693 epistolam,
1604 649 1736 693 quam

347 722 391 749 se
424 709 599 751 brevem
634 706 795 750 misisse
831 705 884 750 ad
915 714 1113 749 sanctum
1146 704 1450 749 Constantium
1487 705 1736 763 episcopum

347 776 451 820 dicit
473 795 482 820 ς
500 791 580 819 nec
604 776 763 819 alicubi
782 776 905 834 potui
927 775 1130 833 reperire,
1150 775 1263 817 hanc
1285 789 1385 817 eum
1404 773 1585 832 gratiam
1605 773 1737 818 confi-

348 846 459 900 teri,
492 861 578 905 qua
606 861 697 889 non
725 844 865 889 solum
902 845 1160 903 possibilitas
1190 843 1398 888 naturalis
1427 843 1664 888 voluntatis
1695 853 1738 888 et

348 916 540 971 actionis,
562 931 691 975 quam
714 914 817 959 dicit
844 930 921 959 nos
948 915 1110 959 habere
1130 914 1259 959 etiam
1277 916 1309 959 si
1340 929 1421 958 nec
1437 914 1639 959 volumus
1658 929 1738 959 nec

347 986 511 1043 agimus
540 985 729 1039 bonum,
755 986 831 1028 sed
852 986 943 1043 ipsa
972 986 1101 1028 etiam
1129 984 1331 1029 voluntas
1357 993 1400 1028 et
1427 984 1540 1029 actio
1570 984 1737 1029 submi-

347 1056 600 1099 nistratione
621 1056 757 1099 sancti
783 1054 966 1113 Spiritus
989 1055 1232 1114 adjuvatur.

410 1128 663 1170 XXXVIII.
696 1146 715 1168 «
741 1129 923 1184 Legant‚
954 1126 1112 1185 inquit,
1137 1125 1256 1169 illam
1274 1123 1516 1184 epistolam,
1535 1139 1666 1185 quam
1685 1125 1740 1169 ad

347 1206 546 1241 sanctum
579 1198 721 1241 virum
745 1196 976 1241 Paulinum
1001 1197 1252 1255 episcopum
1278 1204 1377 1239 ante
1401 1195 1633 1239 duodecim
1651 1193 1741 1239 fere

349 1283 484 1311 annos
506 1268 753 1326 scripsimus
771 1302 781 1321 ,
803 1282 902 1326 quae
928 1267 1130 1310 trecentis
1151 1266 1264 1310 forte
1280 1266 1474 1310 versibus
1496 1265 1606 1309 nihil
1622 1265 1740 1310 aliud

347 1353 479 1397 quam
515 1338 591 1381 Dei
616 1338 794 1395 gratiam
828 1346 870 1381 et
902 1336 1111 1380 auxilium
1135 1338 1396 1391 confitetur,
1433 1351 1599 1395 nosque
1632 1336 1740 1380 nihil

351 1409 530 1452 omnino
554 1408 659 1452 boni
678 1407 819 1452 facere
840 1422 963 1466 posse
981 1408 1072 1452 sinc
1098 1411 1188 1452 Deo
1210 1411 1242 1451 2.
1267 1426 1286 1448 »
1314 1410 1436 1452 Hanc
1449 1421 1555 1465 ergo
1577 1407 1740 1466 episto-

346 1479 434 1523 lam
457 1479 544 1537 legi
566 1515 576 1534 ‚
602 1490 645 1523 et
667 1479 813 1523 inveni
843 1494 944 1522 eum
974 1494 1085 1538 pene
1111 1494 1188 1537 per
1216 1488 1353 1523 totam
1376 1493 1465 1523 non
1496 1479 1738 1534 immorari,

348 1550 429 1593 nisi
446 1550 490 1592 in
508 1549 719 1593 facultate
747 1558 790 1592 et
806 1549 1091 1608 possibilitate
1107 1558 1291 1603 naturae,
1305 1558 1349 1592 et
1363 1563 1475 1608 pene
1491 1549 1551 1592 ibi
1569 1557 1741 1593 tantum

350 1621 425 1664 Dei
454 1621 634 1677 gratiam
660 1621 924 1664 constituere
952 1619 1259 1664 :christianam
1279 1635 1382 1664 vero
1414 1619 1594 1678 gratiam
1622 1627 1742 1664 tanta

350 1691 561 1734 brevitate
594 1690 683 1734 sola
711 1690 896 1733 nominis
931 1690 1343 1734 commemoratione
1378 1690 1658 1749 perstringit,
1693 1697 1743 1733 ut

350 1760 454 1804 nihi]
487 1759 604 1804 aliud
631 1760 831 1804 videatur
849 1795 859 1814 ,
893 1775 1024 1819 quam
1047 1775 1143 1803 eam
1177 1769 1318 1803 tacere
1351 1760 1559 1804 timuisse.
1586 1761 1742 1803 Utrum

353 1840 493 1874 tamen
530 1847 623 1874 cam
654 1832 699 1873 in
734 1831 982 1874 remissione
1013 1840 1290 1890 peccatorum
1316 1830 1420 1874 velit
1447 1829 1658 1888 intelligi,
1687 1845 1743 1874 an

350 1904 477 1945 etiam
516 1902 561 1945 in
594 1901 791 1946 doctrina
815 1902 974 1947 Christi
995 1937 1006 1956 ‚
1034 1902 1111 1945 ubi
1136 1911 1200 1945 est
1227 1911 1270 1945 et
1291 1901 1629 1946 conversationis
1651 1901 1742 1960 ejus

351 1973 614 2031 exemplum,
635 1972 754 2031 quod
771 1971 937 2031 aliquot
958 1987 1137 2016 suorum
1162 1971 1474 2031 opusculorum
1495 1971 1599 2016 locis
1620 1969 1741 2026 facit,

352 2059 405 2085 an
422 2043 569 2086 credat
591 2043 767 2102 aliquod
790 2042 1055 2101 adjutorium
1073 2042 1185 2086 bene
1207 2043 1362 2100 agendi
1387 2041 1642 2101 adjunctum
1664 2057 1743 2085 na-

355 2122 462 2155 turae
485 2121 615 2171 atque
647 2113 858 2156 doctrinae
880 2127 957 2170 per
981 2112 1307 2170 inspirationem
1338 2111 1677 2169 flagrantissimae
1703 2118 1746 2154 et

354 2182 704 2226 luminosissima!
727 2182 968 2236 charitatis,
995 2196 1083 2226 non
1110 2191 1288 2240 apparet
1311 2183 1505 2226 omnino.

412 2255 621 2297 XXXIX.
656 2272 675 2295 α
698 2255 866 2311 Legant
892 2252 1037 2307 etiam,
1059 2252 1216 2311 inquit,
1241 2252 1296 2296 ad
1313 2261 1508 2296 sanctum
1532 2252 1746 2296 Constan-
1782 2285 1784 2309 J

360 2324 466 2368 tium
496 2324 749 2384 episcopum
769 2359 780 2378 ‚
815 2324 893 2367 ubi
921 2323 1109 2367 breviter
1136 2323 1312 2382 quidem
1328 2358 1338 2378 ‚
1361 2322 1437 2367 sed
1460 2321 1588 2382 plane
1609 2321 1746 2365 libero
1783 2338 1784 2341 ¹

355 2394 541 2438 hominis
573 2395 749 2439 arbitrio
780 2394 858 2438 Dei
885 2394 1063 2451 gratiam
1093 2392 1395 2452 auxiliumque
1428 2392 1635 2452 conjunxi
1665 2393 1696 2435 3.
1723 2409 1743 2432 »

405 2503 413 2516 ¹
437 2504 455 2527 2
482 2495 560 2527 Tim.
584 2507 605 2535 1,
626 2506 656 2536 7.
675 2513 714 2517 -—
731 2502 744 2517 ²
777 2495 891 2537 Pelagii
918 2493 1018 2536 Epist.
1044 2495 1082 2527 ad
1104 2494 1283 2529 Paulinum.
1301 2513 1342 2519 —-
1362 2493 1375 2518 3
1401 2495 1447 2527 Id.
1469 2495 1569 2536 Epist.
1589 2493 1629 2527 ad
1645 2495 1747 2526 Cons-

356 2545 496 2583 tantium
515 2550 715 2593 episcopum,
734 2560 805 2591 cap⁴
833 2551 882 2586 34*
