1804 3205
311 225 366 252 nn
398 221 537 253 Auum
571 224 624 253 m·
654 223 753 253 mus
785 224 980 263 omnum,
1016 225 1100 254 nn.
1136 227 1166 253 1.
1363 216 1448 257 295

58 299 255 352 possunt.
274 292 332 335 Et
345 290 443 335 ideo
460 305 560 334 cum
583 291 862 350 baptizantur
876 326 887 347 ,
903 293 992 352 jam
1010 300 1054 335 et
1073 291 1331 350 Symbolum
1355 296 1449 340 red·

59 362 188 419 dunt,
209 372 252 407 ct
273 362 352 422 ipsi
373 377 450 422 pro
473 378 517 407 se
541 362 595 407 ad
613 364 879 423 interrogata
899 363 1178 423 respondent.
1199 365 1304 417 Quis
1321 366 1451 424 igitur

58 435 155 489 scit,
181 443 329 478 utrum
354 449 461 493 puer
489 433 560 478 ille
588 444 685 493 post
716 435 978 494 baptismum
1001 436 1314 496 persecutionis
1338 446 1450 482 tcm-

58 520 163 566 pore
200 521 223 550 a
256 514 378 565 patre
410 505 543 565 impio
576 521 653 564 per
688 505 976 552 idololatriam
1011 506 1143 552 fuerit
1178 508 1389 553 alienatus
1428 525 1451 554 a

58 576 257 631 Christo,
282 585 460 636 propter
482 576 604 636 quod
630 577 674 622 in
700 577 1026 624 damnationem
1049 580 1200 624 mortis
1223 581 1344 635 ierit,
1370 595 1450 626 nec

59 647 162 692 inde
184 648 265 692 nisi
292 663 370 707 pro
398 649 572 695 Christo
601 650 826 695 moriturae
851 652 1008 697 sororis
1038 652 1240 712 precibus
1262 653 1450 700 donatus

60 718 208 763 exierit
222 719 241 762 P

119 791 245 834 XIII.
273 789 356 836 Sed
379 791 510 835 etiam
532 790 566 834 si
590 791 672 836 hoc
692 792 760 835 isti
782 791 1063 848 concedatur,
1088 793 1209 854 quod
1231 794 1345 839 salva
1362 795 1449 840 fide

61 859 272 906 catholica
291 870 334 905 et
352 860 640 906 ecclesiastica
660 862 825 920 regula,
848 863 969 907 nulla
989 865 1157 909 ratione
1179 864 1450 921 conceditur,

59 940 111 975 ut
131 947 210 991 pro
232 947 322 976 non
347 933 570 992 baptizatis
593 934 825 993 cujuslibet
846 935 985 979 aetatis
1008 935 1260 980 hominibus
1291 936 1451 980 offera-

59 1011 133 1047 tur
152 1003 409 1049 sacrificium
432 1006 626 1063 corporis
642 1014 686 1048 et
701 1005 924 1063 sanguinis
946 1006 1123 1060 Christi,
1148 1015 1359 1066 tanquam
1377 1022 1455 1066 per

60 1073 313 1134 hujusmodi
346 1077 553 1134 pietatem
591 1090 770 1120 suorum
803 1075 858 1119 ad
893 1090 1078 1134 regnum
1113 1077 1329 1122 coelorum
1365 1093 1454 1138 quo

60 1147 318 1205 perveniant
340 1146 605 1207 adjuventur
624 1166 633 1192 :
663 1145 770 1207 quid
792 1162 1076 1207 responsurus
1098 1157 1161 1192 est
1183 1148 1238 1192 de
1269 1158 1334 1194 tot
1356 1149 1457 1193 mil-

59 1215 174 1261 libus
205 1217 442 1272 infantum,
475 1218 552 1278 qui
573 1227 815 1263 nascuntur
845 1233 896 1262 ex
924 1219 1085 1278 impiis,
1122 1219 1268 1263 necin
1300 1235 1456 1264 manus

60 1288 233 1347 piorum
256 1288 402 1348 aliqua
435 1288 505 1333 vel
526 1288 674 1334 divina
694 1288 764 1334 vel
789 1290 981 1334 humana
1001 1291 1277 1335 miseratione
1300 1305 1454 1350 perve-

59 1360 204 1414 niunt,
230 1358 345 1404 etde
362 1361 440 1404 ista
459 1361 545 1404 vita
568 1361 613 1404 in
635 1360 710 1405 illa
738 1362 970 1406 tenerrima
989 1370 1140 1416 aetate,
1169 1362 1260 1406 sine
1283 1362 1456 1407 lavacro

61 1431 401 1488 regenerationis
418 1430 685 1475 abscedunt?
708 1432 846 1486 Dicat,
869 1432 903 1475 si
925 1441 1092 1491 potest,
1118 1433 1237 1476 unde
1258 1432 1349 1477 istae
1369 1433 1455 1477 ani-

60 1516 144 1545 mae
159 1502 219 1546 sic
246 1503 507 1561 peccatrices
527 1502 619 1546 fieri
648 1511 925 1557 meruerunt,
961 1511 1010 1546 ut
1031 1518 1054 1547 a
1093 1512 1271 1562 peccato
1302 1503 1454 1548 saltem

60 1587 142 1617 nec
171 1581 321 1632 postea
351 1572 610 1617 liberentur.
649 1573 692 1617 Si
715 1573 830 1616 enim
851 1588 1043 1633 quaeram
1059 1608 1069 1628 ,
1094 1589 1230 1633 quare
1259 1574 1457 1619 damnari

59 1652 327 1699 mereantur,
353 1645 387 1688 si
418 1659 507 1689 non
537 1643 841 1704 baptizantur,
867 1653 982 1689 recte
1013 1644 1121 1689 mihi
1149 1645 1453 1705 respondetur,

61 1722 240 1773 propter
257 1713 466 1772 originale
487 1723 734 1773 peccatum.
762 1717 871 1759 Item
894 1716 928 1759 si
950 1730 1161 1774 quaeram,
1182 1715 1301 1759 unde
1322 1724 1456 1759 traxe-

62 1784 151 1828 rint
172 1784 380 1842 originale
398 1794 650 1843 peccatum3
671 1785 752 1829 iste
769 1783 1066 1844 respondebit,
1089 1801 1139 1829 ex
1160 1801 1290 1830 carne
1304 1786 1457 1845 utique

64 1854 318 1914 peccatrice.
348 1855 391 1899 Si
414 1869 516 1913 ergo
536 1870 753 1915 quaeram,
781 1855 899 1899 unde
927 1854 1125 1900 damnari
1149 1857 1387 1900 meruerint
1412 1857 1457 1900 in

64 1927 356 1985 peccatricem
377 1941 577 1980 carnem,
608 1942 709 1986 quae
738 1927 848 1970 nihil
880 1925 982 1970 mali
1013 1926 1206 1971 fecerant
1236 1936 1336 1971 ante
1360 1942 1458 1972 car-

65 2011 165 2041 nem
181 2017 192 2054 3
212 1997 281 2041 hic
296 1997 490 2041 inveniat
505 1996 613 2056 quid
629 1997 912 2056 respondeat,
938 2006 980 2041 et
1003 1997 1063 2042 sic
1078 1997 1275 2042 damnari
1291 1997 1345 2041 ad
1361 1997 1454 2042 alie·

66 2083 224 2112 norum
247 2077 528 2127 peccatorum
550 2067 781 2112 subeunda
804 2068 1028 2126 contagia,
1059 2078 1109 2113 ut
1135 2084 1216 2113 nec
1246 2069 1458 2128 baptisma

67 2147 293 2197 regeneret
308 2139 421 2183 male
443 2148 692 2198 generatos,
719 2154 799 2183 nec
824 2140 1031 2184 sacrificia
1061 2140 1236 2199 expient
1258 2140 1459 2199 inquina-

68 2217 150 2254 tos.
178 2209 242 2253 lbi
260 2210 374 2252 enim
400 2219 442 2254 et
457 2209 512 2254 de
530 2208 688 2254 talibus
706 2210 751 2254 hi
774 2209 944 2269 parvuli
965 2211 1056 2255 nati
1071 2219 1189 2266 sunt,
1209 2211 1297 2255 sive
1314 2209 1458 2255 adhuc

68 2292 207 2341 usque
229 2290 490 2337 nascuntur,
526 2291 577 2326 ut
610 2283 668 2326 eis
701 2281 825 2327 nullo
859 2282 934 2326 tali
955 2283 1093 2341 possit
1114 2282 1331 2342 adjutorio
1353 2283 1458 2326 sub-

68 2352 221 2398 veniri.
248 2352 329 2397 Hic
356 2362 472 2397 certe
506 2354 648 2398 omnis
676 2353 996 2412 argumentatio
1020 2351 1180 2397 deficit.
1216 2355 1313 2398 Non
1342 2353 1458 2397 enim

71 2423 334 2483 quaerimus,
373 2425 492 2468 unde
522 2426 677 2469 animae
711 2424 910 2468 damnari
931 2425 1169 2469 meruerint
1190 2433 1288 2484 post
1320 2425 1458 2468 carnis

71 2494 338 2539 consortium
380 2496 630 2555 peccatricis
677 2515 686 2540 :
727 2495 804 2540 sed
842 2495 1101 2555 quaerimus,
1146 2495 1265 2540 unde
1300 2495 1455 2539 animae

74 2563 270 2608 damnari
315 2567 551 2610 meruerint
592 2566 646 2609 ad
693 2566 972 2611 subeundum
1009 2566 1148 2610 carnis
1187 2564 1449 2609 consortium
