1784 3205
316 200 397 238 174
753 215 785 237 s.
822 208 1052 238 AteusTim
1085 211 1268 238 Emscom

371 277 533 320 XXXI.
562 277 665 319 Haec
687 274 973 334 disputantes,
1005 290 1027 318 a
1047 276 1181 333 gratia
1200 274 1446 319 mediatoris
1461 276 1602 334 justos
1625 291 1698 319 ex-

311 345 488 390 cludere
510 354 725 390 conantur
755 346 978 403 antiquos,
1017 354 1223 405 tanquam
1251 345 1327 389 Dei
1351 354 1394 389 et
1414 344 1590 390 illorum
1615 346 1697 388 ho-

312 416 481 460 minum
510 431 598 460 non
624 415 755 460 fuerit
782 415 993 459 mediator
1022 416 1153 460 homo
1181 416 1378 461 Christus
1405 418 1558 473 Jesus;
1598 416 1699 474 quia

312 487 513 531 nondum
534 502 585 530 ex
601 496 725 530 utero
750 487 925 543 virginis
945 501 1074 530 carne
1101 495 1295 545 suscepta
1309 521 1320 540 ‚
1346 487 1477 530 homo
1499 485 1697 530 nondum

313 556 419 611 fuit,
451 558 630 617 quando
658 557 719 600 illi
736 557 841 616 justi
864 557 1058 602 fuerunt:
1083 557 1212 611 Quod
1234 558 1268 601 si
1294 558 1351 601 ita
1380 566 1505 611 esset,
1531 571 1700 616 nequa-

311 643 445 686 quam
468 627 701 686 Apostolus
734 628 898 672 diceret
933 647 942 672 ε
977 647 997 669 «
1031 632 1110 672 Per
1144 629 1363 672 hominem
1393 643 1530 682 mors,
1563 636 1606 670 et
1628 642 1703 685 per

315 716 335 738 »
362 699 584 742 hominem
614 700 872 742 resurrectio
902 708 1201 756 mortuorum3
1225 698 1469 743 sicutenim
1493 699 1537 741 in
1565 697 1704 741 Adam

316 786 336 809 »
361 783 511 812 omnes
534 769 804 823 moriuntur,
830 769 889 813 sic
910 778 953 812 et
974 770 1019 812 in
1052 770 1226 814 Christo
1250 784 1400 812 omncs
1422 768 1704 813 vivificabun-

316 858 336 880 »
362 842 474 882 tur1.
499 857 518 880 »
540 838 910 898 Quandoquidem
928 838 989 882 illi
1013 840 1179 899 antiqui
1200 840 1320 898 justi,
1345 839 1587 883 secundum
1608 837 1706 883 isto-

313 924 411 952 rum
439 909 713 968 vaniloquia,
748 910 829 953 sibi
859 910 1100 954 sufficiente
1130 919 1311 964 natura,
1355 924 1436 953 nec
1466 908 1706 953 mediatore

314 979 490 1023 homine
519 979 691 1023 Christo
719 980 1030 1037 indiguerunt,
1064 995 1138 1038 per
1159 995 1289 1039 quem
1321 978 1706 1036 reconciliarentur

314 1052 403 1093 Deo
426 1068 434 1093 :
463 1065 543 1093 nec
564 1050 610 1093 in
627 1065 678 1094 eo
705 1050 1063 1104 vivificabuntur,
1093 1049 1148 1094 ad
1173 1051 1295 1109 cujus
1317 1065 1475 1109 corpus
1495 1059 1539 1093 et
1565 1064 1704 1093 mem-

313 1119 390 1163 bra
403 1154 414 1174 ,
431 1119 674 1163 secundum
697 1119 741 1164 id
759 1121 880 1180 quod
898 1130 1074 1179 propter
1093 1122 1290 1165 homines
1316 1122 1449 1166 homo
1467 1120 1607 1165 factus
1623 1128 1702 1175 est,

313 1205 402 1234 non
423 1191 637 1248 pertinere
659 1201 972 1235 monstrantur.
993 1194 1034 1236 Si
1053 1202 1214 1247 antem,
1235 1191 1607 1252 quemadmodum
1628 1206 1704 1250 per

313 1259 542 1317 Apostolos
565 1275 664 1303 suos
686 1261 852 1304 Veritas
869 1261 1081 1321 loquitur,
1099 1262 1209 1306 sicut
1227 1262 1269 1304 in
1284 1261 1420 1305 Adam
1441 1276 1590 1305 omnes
1606 1276 1703 1305 mo·-

313 1330 508 1384 riuntur,
530 1330 589 1373 sic
609 1340 648 1374 et
673 1332 715 1374 in
733 1331 905 1376 Christo
923 1348 1072 1376 omnes
1095 1333 1457 1376 vivificabuntur2
1475 1353 1485 1389 3
1510 1333 1611 1390 quia
1627 1347 1705 1391 per

314 1400 437 1444 illum
466 1401 687 1445 hominem
712 1418 824 1446 mors
842 1438 852 1455 ,
879 1413 921 1446 et
946 1419 1020 1461 per
1044 1405 1170 1447 istum
1198 1404 1419 1448 hominem
1449 1403 1706 1447 resurrectio

315 1480 587 1515 mortuorum
612 1491 620 1515 :
642 1473 739 1532 quis
761 1472 919 1516 audeat
933 1473 1135 1517 dubitare
1150 1474 1435 1526 Christianus,
1459 1475 1589 1517 etiam
1609 1473 1705 1517 illos

309 1542 464 1600 justos,
483 1542 560 1601 qui
576 1543 917 1587 recentioribus4
941 1545 1108 1602 generis
1131 1545 1310 1587 humani
1326 1545 1596 1602 temporibus
1617 1547 1707 1588 Deo

314 1610 596 1670 placuerunt,
627 1612 724 1656 ideo
761 1613 807 1656 in
838 1614 1195 1657 resurrectionem
1234 1614 1333 1657 vitae
1366 1624 1572 1669 aeternae,
1614 1629 1703 1657 non

314 1682 465 1725 mortis
480 1691 655 1726 aeternae
676 1698 767 1726 esse
786 1693 1008 1737 venturos‚
1034 1685 1137 1743 quia
1158 1684 1204 1727 in
1227 1683 1399 1728 Christo
1421 1683 1704 1728 vivificabun-

315 1759 409 1808 tur3
432 1752 532 1797 ideo
556 1762 701 1797 autem
728 1753 931 1797 vivificari
954 1754 998 1797 in
1015 1754 1210 1807 Christo,
1236 1754 1443 1812 quoniam
1469 1753 1522 1797 ad
1547 1768 1705 1812 corpus

313 1821 534 1880 pertinent
567 1823 749 1880 Christi3
783 1832 825 1867 et
859 1823 957 1867 ideo
992 1824 1208 1882 pertinere
1237 1824 1292 1866 ad
1321 1839 1477 1882 corpus
1508 1824 1699 1878 Christi,

313 1892 415 1950 quia
435 1901 478 1936 et
504 1892 603 1951 ipsis
625 1901 756 1952 caput
778 1902 842 1936 est
863 1894 1060 1937 Christus
1076 1895 1115 1949 33
1146 1893 1246 1938 ideo
1268 1903 1311 1938 et
1340 1895 1439 1953 ipsis
1455 1903 1587 1953 caput
1613 1908 1705 1938 esse

314 1963 532 2007 Christum
551 1998 560 2017 ‚
586 1964 687 2022 quia
716 1979 828 2007 unus
851 1964 1064 2008 mediator
1086 1974 1149 2007 est
1166 1965 1241 2008 Dei
1265 1974 1307 2009 et
1325 1965 1551 2009 hominum
1569 1965 1703 2009 homo

313 2033 510 2078 Christus
533 2036 681 2077 JesusP
704 2034 832 2087 Quod
853 2036 912 2078 eis
944 2050 1033 2078 non
1055 2034 1228 2090 fuisset,
1253 2036 1334 2080 nisi
1362 2037 1406 2079 in
1432 2037 1523 2095 ejus
1560 2051 1701 2080 resur-

315 2103 549 2147 rectionem
572 2119 649 2162 per
668 2105 758 2163 ejus
778 2105 956 2161 gratiam
976 2104 1273 2148 credidissent.
1296 2108 1352 2149 Et
1371 2107 1454 2150 hoc
1478 2105 1703 2165 quomodo

314 2174 451 2229 fieret⁷
477 2175 511 2218 si
539 2189 639 2218 eum
668 2175 710 2217 in
743 2189 872 2218 carne
902 2183 1136 2219 venturum
1161 2189 1250 2218 esse
1272 2176 1534 2230 nescissent,
1561 2190 1703 2233 neque

314 2259 366 2287 ex
388 2245 469 2288 hac
490 2244 577 2288 fide
596 2245 710 2303 juste
743 2245 901 2303 pieque
930 2245 1162 2288 vixissent?
1184 2247 1292 2289 Nam
1314 2245 1348 2288 si
1369 2254 1598 2304 propterea
1619 2244 1702 2289 illis

314 2329 404 2358 non
426 2313 589 2372 profuit
611 2315 852 2359 incarnatio
876 2315 1063 2368 Christi,
1097 2315 1197 2374 quia
1221 2314 1419 2358 nondum
1446 2314 1556 2359 facta
1580 2324 1699 2360 erat:

314 2399 393 2428 nec
420 2386 544 2428 nobis
573 2384 750 2443 prodest
775 2385 988 2445 judicium
1011 2386 1170 2430 Christi
1200 2385 1256 2428 de
1288 2386 1392 2429 vivis
1421 2395 1465 2429 et
1486 2387 1668 2430 mortuis
1685 2421 1696 2441 ,

359 2490 366 2506 ¹
395 2489 466 2520 Cor.
488 2499 542 2526 xv,
569 2497 623 2519 91.
641 2505 681 2511 —-
701 2495 712 2510 ²
732 2488 812 2520 lbid.
841 2498 878 2520 21
901 2493 934 2521 et
954 2498 1008 2521 22.
1024 2506 1062 2512 -
1081 2487 1092 2511 3
1121 2489 1224 2521 Forte
1241 2488 1479 2521 demotioribus.
1501 2487 1570 2518 -4
1594 2500 1604 2521 1
1629 2490 1701 2521 Cor.

314 2555 360 2581 xi,
384 2544 415 2576 3.
