1784 3205
314 226 397 263 220
741 234 773 263 s.
812 233 864 262 At
869 236 923 262 m·
930 234 1040 262 saum
1074 234 1254 262 nriscori

306 303 448 381 jacere
470 300 728 346 medicinam
752 301 899 360 gratiae
921 314 1237 360 quaer‹iemus;
1261 308 1305 343 et
1328 298 1372 342 in
1400 313 1451 343 00
1479 306 1697 357 piaeceplo

312 374 515 418 sciremus
543 383 585 418 et
606 388 695 434 quo
723 371 991 416 debeamus
982 388 1027 416 111
1043 372 1124 416 hac
1148 370 1412 416 mortalitate
1428 369 1699 429 proficiendo

312 445 480 502 conari,
503 455 545 491 et
563 461 652 505 quo
669 445 801 505 possit
830 461 852 488 a
880 442 1044 489 nobis
1034 443 1168 488 milla
1190 442 1517 487 immortalitate
1538 442 1700 486 beatis-

312 517 417 562 sima
439 517 653 577 perveniri
676 536 684 561 :
711 516 791 560 nisi
813 515 925 559 enim
942 515 1208 576 quandoque
1235 513 1550 573 perficiendum
1574 521 1699 568 esset,

313 603 544 648 nunquam
557 586 803 647 jubendum
826 596 951 631 esset.

372 661 579 703 XXXIII.
606 658 770 702 Deinde
798 666 995 716 repetens
1024 656 1278 716 Apostolus,
1305 665 1355 701 ut
1377 653 1562 715 amplius
1584 669 1703 699 com-

314 729 490 774 mendet
512 731 768 773 sententiam
791 729 1057 788 superiorem
1081 747 1089 772 2
1120 747 1139 769 «
1163 730 1260 773 Non
1291 727 1405 771 enim
1429 727 1548 787 quod
1576 726 1675 771 volo
1690 761 1701 782 ,

316 819 335 842 »
357 801 524 860 inquit,
561 798 671 845 sacio
694 802 858 844 bonum
875 835 885 855 ,
919 801 994 844 sed
1025 798 1145 860 quod
1171 798 1273 843 nolo
1299 798 1463 842 malum
1498 798 1580 842 hoc
1603 813 1699 857 ago.

318 889 338 913 »
367 872 407 916 Si
432 880 575 916 autem
610 870 730 931 quod
760 870 862 915 nolo
885 887 965 930 ego
987 871 1069 915 hoc
1099 870 1234 925 facio,
1260 871 1349 930 jam
1380 884 1469 913 non
1492 884 1572 928 ego
1600 883 1706 927 ope-

316 962 336 985 »
362 958 432 987 ror
456 942 583 998 illud,
607 943 682 987 sed
705 943 825 1003 quod
845 944 1011 987 habitat
1026 944 1068 987 in
1088 958 1157 987 me
1181 951 1422 1002 peccatum.
1446 945 1540 987 »Et
1561 942 1707 1003 sequi-

319 1024 388 1058 tur
415 1034 423 1060 ;
452 1034 470 1055 «
498 1015 680 1059 Invenio
703 1030 804 1073 ergo
825 1015 967 1073 legem
991 1015 1122 1067 mihi,
1149 1014 1313 1059 volenti
1337 1012 1492 1069 facere,
1520 1014 1706 1070 bonum,

319 1104 337 1126 n
365 1086 572 1145 quoniam
599 1085 763 1129 malum
787 1086 892 1129 mihi
916 1085 1116 1145 adjacet¹
1148 1105 1154 1129 :
1187 1104 1204 1126 »
1230 1086 1313 1129 hoc
1338 1095 1427 1139 est,
1454 1085 1628 1130 invenio
1647 1084 1710 1128 le·-

316 1171 411 1214 gem
436 1157 540 1199 mihi
564 1171 653 1199 esse
678 1157 843 1200 honum
862 1156 1026 1201 volenti
1049 1156 1191 1200 facere
1212 1156 1332 1215 quod
1355 1156 1425 1199 lex
1447 1156 1542 1200 vult
1567 1176 1574 1200 ;
1597 1171 1711 1216 quo-

314 1227 430 1269 niam
454 1242 542 1269 non
569 1226 648 1284 ipsi
685 1226 767 1284 legi
803 1242 902 1285 quae
934 1227 1063 1281 dicit,
1096 1247 1114 1268 κ
1143 1230 1239 1271 Non
1260 1227 1568 1285 concupisces·⁷
1593 1244 1611 1266 »
1638 1226 1712 1270 sed

316 1296 421 1339 mihi
439 1296 605 1356 adjacet
621 1295 785 1339 malum
805 1297 926 1356 quod
944 1298 1062 1351 nolo,
1080 1298 1180 1356 quia
1200 1306 1243 1340 et
1264 1296 1415 1341 nolens
1432 1297 1707 1356 concupisco.

320 1387 338 1409 «
362 1365 651 1412 Condelector
673 1368 786 1410 enim
805 1403 814 1421 ,
840 1367 1010 1426 inquit,
1039 1366 1124 1425 legi
1151 1368 1225 1411 Dei
1258 1368 1500 1412 secundum
1532 1369 1711 1413 interio-

319 1456 338 1477 »
361 1452 451 1481 rem
479 1438 701 1481 hominem
730 1456 737 1480 ε
765 1437 893 1481 video
925 1447 1071 1482 autem
1099 1438 1227 1482 aliam
1262 1438 1405 1496 legem
1433 1439 1478 1482 in
1508 1439 1713 1482 membris

319 1527 337 1549 η
366 1509 470 1552 meis
494 1517 811 1567 repugnantem
834 1508 920 1566 legi
941 1509 1094 1552 mentis
1118 1524 1241 1563 meae,
1264 1519 1305 1552 et
1331 1509 1623 1568 captivantem
1645 1524 1714 1552 me

320 1598 338 1620 n
365 1579 447 1623 sub
477 1578 570 1637 lege
596 1580 783 1637 peccati,
805 1595 903 1639 quae
922 1589 984 1624 est
1007 1581 1052 1624 in
1074 1581 1282 1624 membris
1304 1581 1425 1625 meis.
1455 1599 1474 1622 >›
1501 1584 1586 1624 Ista
1605 1596 1713 1626 con-

318 1649 549 1695 delectatio
578 1650 663 1709 legi
700 1652 775 1694 Dei
805 1651 1048 1695 seeundum
1081 1652 1331 1696 interiorem
1370 1653 1619 1707 hominem,
1658 1651 1712 1696 de

318 1737 475 1780 magna
499 1721 623 1765 nobis
640 1720 758 1765 venit
782 1722 917 1780 gratia
934 1723 1025 1765 Dei.
1055 1725 1105 1766 In
1123 1738 1171 1766 ea
1195 1723 1359 1782 quippe
1380 1723 1559 1766 interior
1577 1724 1712 1767 homo

286 1815 289 1817 —
319 1800 464 1836 noster
489 1801 722 1836 renovatur
737 1792 798 1845 *de
821 1791 890 1835 die
915 1793 959 1835 in
977 1792 1090 1836 diem
1107 1828 1117 1848 ,
1139 1809 1239 1838 cum
1258 1794 1302 1837 in
1318 1809 1366 1837 ea
1384 1794 1557 1853 proficit
1576 1808 1712 1852 perse-

318 1867 558 1907 veranter‘2.
584 1865 680 1908 Non
705 1863 819 1906 enim
840 1864 966 1906 timor
980 1873 1041 1907 est
1060 1873 1293 1924 torquens,
1320 1864 1394 1908 sed
1418 1881 1538 1909 amor
1556 1865 1709 1909 libens.

319 1933 383 1976 Ibi
408 1949 556 1977 sumus
579 1934 785 1978 veraciter
807 1933 949 1989 liberi,
976 1934 1053 1977 ubi
1079 1951 1168 1979 non
1187 1934 1458 1979 delectamur
1480 1935 1621 1980 inviti.

378 2000 581 2050 xxxvl}
617 2007 779 2048 Verum
803 2005 914 2048 illud
938 2005 1058 2065 quod
1086 2007 1168 2061 ait,
1200 2025 1217 2047 «
1244 2006 1384 2051 Video
1414 2015 1559 2050 autem
1583 2005 1711 2050 aliam

324 2092 343 2114 »
363 2073 500 2132 legem
520 2078 563 2118 in
579 2090 692 2118 mem
701 2076 786 2119 bris
802 2077 906 2119 meis
930 2086 1248 2134 repugnantem
1265 2077 1350 2135 legi
1365 2078 1521 2122 mentis
1544 2093 1651 2121 meze
1664 2096 1672 2122 z
1687 2096 1706 2118 n

321 2144 411 2203 ipsa
434 2154 495 2188 est
519 2145 597 2189 ista
620 2146 674 2189 de
695 2161 778 2205 qua
801 2145 1025 2205 loquimur
1052 2147 1403 2205 concupiscentia
1423 2183 1431 2201 ,
1454 2148 1521 2190 lex
1546 2148 1710 2206 peccati

321 2215 365 2257 in
385 2229 513 2258 carne
531 2216 712 2274 peccati.
745 2216 874 2268 Quod
904 2224 1049 2259 autem
1074 2215 1197 2270 dixit,
1223 2234 1242 2257 «
1264 2219 1320 2260 Et
1338 2217 1630 2275 captivantem
1648 2232 1715 2260 me

326 2304 345 2326 n
367 2286 448 2329 sub
463 2285 733 2345 legepeccati
755 2306 762 2331 2
785 2305 804 2328 »
820 2287 903 2331 hoc
919 2297 996 2341 est,
1011 2287 1091 2331 sub
1107 2302 1149 2330 se
1165 2287 1270 2346 ipsa,
1294 2306 1312 2329 «
1330 2304 1428 2348 quae
1442 2289 1560 2333 estin
1575 2304 1714 2333 mem-

328 2374 345 2395 »
375 2356 459 2399 bris
485 2357 631 2400 meisss.
656 2375 675 2397 n
704 2361 790 2401 Aut
813 2358 1104 2417 captivantem
1133 2356 1263 2412 dixit,
1298 2360 1516 2418 captivare
1548 2375 1713 2404 conan-

325 2436 428 2480 tem,
456 2426 499 2470 id
522 2436 599 2482 031,
621 2427 674 2470 ad
691 2427 1053 2472 consentiendum
1072 2427 1431 2488 implendumque
1453 2439 1679 2489 cogentem
1700 2450 1709 2474 ι

325 2506 399 2541 aut
420 2498 565 2555 potius
582 2533 592 2552 ,
614 2497 733 2557 quod
756 2513 844 2542 non
876 2498 1010 2542 habet
1035 2498 1369 2543 controversiam
1387 2534 1398 2554 ,
1423 2500 1712 2557 captivantem

375 2590 380 2602 ¹
403 2583 490 2612 Rom.
514 2593 573 2623 vn,
595 2593 642 2623 19.
663 2600 695 2604 -ῌ
718 2590 727 2604 ²
749 2591 767 2614 ‘2
787 2583 860 2619 Cor,
884 2594 927 2615 iv.
954 2583 999 2614 16.
1021 2600 1056 2608 Ἄ
1074 2582 1085 2603 3
1107 2584 1197 2615 Rom.
1222 2594 1278 2624 vu,
1300 2584 1352 2615 23.
