1804 3205
297 230 349 256 na
382 228 519 257 Arum
553 231 605 258 εἰ
637 231 733 258 mus
765 230 957 267 omanus,
994 231 1075 256 mn.
1115 232 1172 257 ιν.
1344 219 1427 257 367

46 294 204 349 tendit,
239 295 342 354 quia
374 297 481 339 scire
511 297 662 355 nequit
691 311 766 356 per
797 310 930 355 quem
959 294 1060 339 licet
1086 310 1186 354 quae
1207 305 1310 338 sunt
1330 310 1431 340 vera

43 365 266 422 cognosci,
292 364 436 424 aliqua
458 374 604 411 tamen
626 367 764 411 vicina
781 402 792 421 ,
817 366 906 411 imo
927 365 1071 410 affinia
1096 366 1265 409 veritati
1289 374 1431 409 tenta-

45 435 154 479 verit
169 450 300 494 super
315 435 470 480 animae
487 445 642 481 natura
659 437 882 496 despicere
902 455 911 481 2
931 451 1062 497 quam
1079 435 1284 480 indecens
1301 444 1432 494 atque

45 504 301 563 pudendum
334 513 433 558 est,
458 505 707 565 religiosum
739 521 1006 567 quemquam
1034 506 1089 549 de
1117 506 1201 549 hoc
1233 505 1326 564 ipso
1358 513 1435 548 aut

44 573 154 618 nihil
175 590 322 634 sapere
338 610 349 629 ,
377 584 450 620 aut
472 577 644 635 penitus
665 576 746 621 sibi
769 575 1038 621 interdixisse
1060 591 1115 620 ne
1132 575 1284 634 sapiat.
1310 594 1330 616 »

105 648 186 689 111.
224 649 308 691 lsta
327 655 401 690 tua
420 656 576 691 nostrae
596 648 851 707 ignorantiae
871 647 1151 692 disertissima
1170 656 1213 690 et
1234 646 1434 690 luculen-

45 715 205 761 tissima
226 717 468 775 castigatio,
493 719 638 762 omnia
662 734 761 778 quae
787 718 842 763 ad
865 728 1066 764 naturam
1088 718 1277 763 hominis
1299 717 1435 776 perti·

44 795 177 842 nent,
202 787 262 832 sic
288 796 331 832 te
354 788 461 832 scire
490 788 742 849 compellit,
770 798 818 833 ut
840 791 873 834 si
897 804 1048 834 eorum
1071 788 1236 848 aliquid
1260 788 1435 846 ignora-

44 857 176 910 veris,
210 873 299 902 non
332 873 450 912 meo,
485 859 560 902 sed
592 868 669 903 tuo
696 859 864 918 judicio
895 859 1125 918 pecoribus
1158 858 1433 916 compareris.

44 927 251 978 Quamvis
268 928 384 971 enim
407 944 484 973 nos
504 929 744 987 insignitius
764 929 949 973 videaris
972 929 1212 986 attingere,
1236 942 1287 971 eo
1316 925 1438 985 quod

46 997 213 1053 dixisti,
253 1019 272 1040 «
302 1002 444 1045 Homo
472 1016 573 1045 cum
601 1010 710 1044 esset
738 1001 783 1044 in
815 1002 1009 1053 honore,
1035 1013 1123 1042 non
1146 997 1385 1047 intellexit,
1414 1014 1434 1036 »

43 1067 145 1126 quia
172 1068 216 1112 in
241 1085 329 1129 quo
356 1080 404 1114 tu
427 1086 516 1115 non
542 1086 586 1115 es
604 1106 614 1126 ,
645 1072 810 1114 honore
835 1084 987 1114 sumus
1013 1068 1219 1112 Ecclesiae
1252 1086 1262 1113 :
1293 1076 1439 1111 tamen

43 1137 174 1182 etiam
191 1147 240 1182 tu
259 1140 304 1182 in
321 1154 372 1184 eo
389 1155 433 1184 es
453 1141 618 1185 honore
637 1149 806 1184 naturae
819 1174 830 1194 ,
851 1148 901 1183 ut
918 1138 1150 1198 pecoribus
1169 1136 1411 1196 praeferaris
1423 1169 1436 1189 ,

42 1207 202 1267 quibus
223 1209 466 1255 secundum
489 1220 614 1255 tuum
632 1211 848 1270 judicium
871 1208 1192 1268 comparandus
1213 1223 1257 1251 es
1272 1242 1283 1262 ,
1309 1207 1343 1250 si
1365 1205 1439 1250 ali-

42 1277 152 1336 quid
181 1294 334 1325 eorum
367 1296 469 1340 quae
507 1280 561 1325 ad
597 1290 799 1324 naturam
836 1289 954 1324 tuam
993 1287 1163 1324 constat
1195 1278 1410 1337 pertinere
1424 1311 1435 1331 ,

47 1348 292 1394 nesciveris.
323 1353 474 1411 Neque
509 1353 624 1396 enim
649 1367 721 1396 eos
754 1351 967 1410 aspersisti
995 1351 1075 1394 hac
1105 1349 1439 1408 reprehensione

49 1428 220 1464 tantum
239 1420 391 1477 modo,
411 1422 487 1482 qui
506 1423 588 1467 hoc
605 1423 805 1466 nesciunt
822 1422 943 1480 quod
961 1435 1040 1479 ego
1057 1420 1202 1465 nescio
1217 1455 1227 1474 ,
1248 1420 1332 1463 hoc
1349 1426 1437 1472 est,

47 1491 252 1535 humanae
278 1493 434 1537 animae
460 1493 694 1550 originem,
729 1495 890 1551 (quam
926 1490 1106 1550 quidem
1140 1505 1230 1534 non
1265 1489 1441 1548 penitus

47 1561 213 1616 neseio,
238 1563 326 1607 scio
348 1563 464 1606 enim
488 1565 628 1608 Deum
650 1562 819 1608 flavisse
838 1563 884 1605 in
905 1560 1060 1605 faciem
1077 1561 1205 1619 primi
1227 1559 1438 1612 hominis,

47 1630 303 1693 factumque
322 1648 411 1678 esse
428 1634 650 1678 hominem
669 1635 715 1676 in
733 1633 921 1677 animam
939 1632 1082 1676 vivam
1097 1633 1137 1687 ¹3
1158 1628 1277 1689 quod
1296 1637 1442 1672 tamen

49 1703 130 1746 nisi
151 1703 348 1762 legissem
363 1740 374 1759 ,
394 1719 471 1764 per
490 1720 559 1749 me
575 1706 668 1764 ipse
689 1705 798 1749 scire
815 1718 904 1748 non
926 1703 1122 1761 possem)
1144 1720 1151 1744 :
1173 1701 1248 1763 sed
1269 1698 1439 1752 dixisti,

53 1791 75 1814 «
98 1773 214 1827 Quid
236 1784 382 1819 autem
397 1775 546 1819 differt
565 1776 697 1820 homo
714 1790 738 1818 a
757 1787 914 1833 pecore
930 1808 941 1827 ,
962 1772 996 1816 si
1013 1771 1151 1815 nescit
1167 1771 1222 1815 de
1243 1785 1320 1814 sua
1337 1783 1441 1827 qua-

51 1842 173 1888 litate
203 1854 447 1904 naturaque
468 1845 708 1903 disquirere
730 1852 862 1920 atque
884 1842 1124 1887 disserere?
1144 1859 1163 1882 »
1191 1839 1321 1894 Quod
1343 1854 1442 1883 sen-

52 1914 154 1957 sisse
173 1913 234 1958 ita
253 1914 435 1970 videris,
455 1924 663 1974 tanquam
683 1913 739 1958 de
760 1914 960 1958 universa
982 1927 1057 1956 sua
1080 1911 1289 1971 qualitate
1311 1919 1442 1968 atque

53 1993 209 2028 natura
242 1985 302 2029 sic
334 1986 467 2030 homo
500 1984 740 2045 disquirere
773 1993 905 2062 atque
939 1983 1146 2028 disserere
1177 1981 1360 2033 debeat,
1397 1987 1444 2023 ut

54 2054 165 2099 nihil
196 2070 298 2100 eum
325 2056 392 2100 sui
414 2055 562 2100 lateat.
595 2055 726 2109 Quod
759 2056 793 2099 si
822 2056 881 2099 ita
910 2064 997 2109 est,
1027 2056 1116 2113 jam
1149 2063 1193 2098 te
1214 2051 1445 2111 pecoribus

55 2126 341 2185 comparabo,
366 2127 401 2171 si
433 2127 540 2171 mihi
572 2142 663 2171 non
696 2125 968 2185 responderis
1000 2134 1176 2169 tuorum
1211 2135 1444 2167 numerum

55 2196 330 2256 capillorum.
357 2199 402 2243 Si
418 2208 565 2243 autem
582 2207 990 2258 quantumcumque
1009 2196 1284 2255 proficiamus
1301 2195 1345 2237 in
1364 2193 1445 2236 hac

55 2267 143 2312 v-ita
158 2303 170 2323 ,
195 2268 341 2329 aliqua
362 2284 441 2314 nos
469 2269 525 2314 ad
547 2278 748 2313 naturam
775 2279 965 2312 nostram
988 2265 1249 2325 pertinentia
1279 2263 1445 2307 nescire

56 2338 277 2393 concedis,
303 2353 454 2398 quaero
475 2339 521 2383 id
550 2347 765 2399 quantum
793 2345 1097 2396 quatenusque
1126 2334 1366 2390 concedas;
1390 2346 1445 2376 ne

56 2406 169 2452 forte
190 2417 234 2452 et
251 2408 336 2453 hoe
356 2409 418 2453 ibi
441 2410 518 2465 sit,
549 2408 668 2470 quod
697 2408 851 2452 animae
877 2415 1037 2452 nostrae
1060 2421 1149 2450 non
1171 2405 1290 2450 omni
1312 2403 1445 2448 modo

56 2477 213 2522 scimus
235 2479 447 2538 originem
469 2497 477 2525 τ
498 2478 696 2539 quamvis
713 2477 836 2538 quod
849 2476 905 2522 ad
921 2476 1105 2522 salutem
1120 2475 1308 2535 pertinet
1323 2473 1441 2528 fidei,

107 2568 115 2586 ¹
133 2564 212 2597 Gen.
233 2573 269 2605 n,
287 2573 319 2605 7.
