1804 3205
320 249 371 275 nn
409 249 542 278 mum
578 252 628 280 Er
662 254 757 281 mis
791 255 983 294 camme,
1019 259 1102 285 Lux.
1141 263 1186 287 ιι.
1365 256 1447 294 339

61 327 140 357 nec
168 322 317 358 contra
351 314 445 360 illos
473 317 547 376 qni
581 320 860 378 propaginem
902 323 1145 371 animarum
1187 327 1447 391 destruunt,

61 384 138 429 ista
171 384 446 444 proferenda,
484 388 558 432 ubi
585 405 675 435 non
704 407 799 450 pars
826 393 1028 451 hominis,
1061 398 1136 442 sed
1167 408 1306 445 totum
1331 419 1451 447 com-

60 467 326 502 memoratur
346 479 356 516 3
378 460 477 518 quia
499 461 640 518 potuit
658 462 718 506 ibi
739 465 957 524 Scriptura
976 483 998 511 a
1019 477 1110 514 toto
1128 480 1293 528 partem
1314 474 1449 532 signi-

59 525 215 581 ficare,
248 529 359 574 sicut
392 530 612 589 sepultum
648 534 908 579 confitemur
936 538 1155 585 Christum
1178 577 1189 597 ,
1225 558 1325 588 eum
1359 546 1450 604 ejus

56 612 155 642 caro
181 598 270 643 sola
300 600 470 660 sepulta
498 602 566 646 sit.
599 606 660 649 Ae
685 620 760 664 per
787 606 869 651 hoe
898 610 1177 669 propaginem
1208 615 1449 661 animarum

55 682 135 712 nec
163 677 322 714 temere
351 673 658 729 astruendam,
694 691 775 720 nec
807 687 967 724 temere
996 680 1306 728 destruendam
1340 687 1452 732 diei-

57 752 153 782 mus
177 741 284 784 :sed
319 740 635 799 admonemus,
666 745 749 790 alia
784 749 1028 795 testimonia
1059 768 1150 797 esse
1184 756 1417 814 quaerenda
1439 793 1451 814 ,

52 824 152 868 quse
175 826 262 854 non
283 812 562 859 inveniantur
581 816 802 876 ambigua.

111 881 230 925 XXI.
255 884 546 935 Quamobrem
566 887 674 946 quid
692 897 734 931 te
754 889 833 934 iste
851 890 1064 949 docuerit,
1090 904 1133 939 et
1152 896 1269 940 unde
1293 900 1451 956 gratias

51 951 202 1008 ageris,
224 954 421 1000 nondum
441 957 542 1002 seio.
570 960 719 1002 Manet
737 960 899 1020 quippe
915 961 986 1006 illa
1006 966 1189 1022 quaestio
1206 967 1319 1012 sieut
1339 979 1448 1024 erat,

51 1021 96 1065 in
124 1039 211 1082 qua
239 1028 452 1085 quaeritur
478 1027 533 1072 de
561 1030 804 1074 animarum
835 1033 1016 1090 origine,
1043 1044 1190 1080 utrum
1215 1036 1309 1082 illas
1335 1041 1450 1085 Deus

49 1106 101 1136 ex
133 1097 371 1154 propagine
398 1097 515 1142 illius
554 1099 711 1154 unius,
745 1116 876 1161 quam
909 1103 1049 1162 primo
1088 1106 1330 1152 insufflavit
1365 1110 1448 1154 ho·

48 1163 184 1222 mini;
210 1181 267 1210 an
298 1182 349 1210 ex
379 1167 487 1212 flatu
518 1183 597 1213 suo
615 1204 625 1224 ,
655 1171 769 1216 sicut
796 1172 938 1231 primo
960 1173 1157 1231 homini,
1180 1176 1271 1232 det,
1299 1178 1446 1236 faciat,

48 1233 183 1292 fingat
214 1236 482 1294 hominibus,
513 1255 620 1299 quas
649 1256 749 1284 eum
779 1241 900 1297 dare,
933 1241 1091 1301 facere,
1128 1247 1310 1307 fingere,
1341 1250 1450 1296 fides

46 1304 279 1350 christiana
296 1323 383 1352 non
408 1309 597 1354 dubitat.
621 1312 762 1364 Quam
778 1313 1051 1372 questionem
1067 1317 1144 1361 iste
1159 1313 1259 1363 eu'm
1278 1320 1445 1366 solvere

47 1386 296 1434 conaretur,
322 1394 403 1424 nec
422 1381 533 1425 vires
556 1397 653 1426 suas
675 1382 936 1440 intueretur,
957 1384 1184 1433 destruens
1203 1391 1455 1438 animarum

45 1449 351 1508 propaginem,
383 1461 428 1496 et
461 1468 652 1497 asserens
684 1469 754 1498 eas
790 1470 919 1514 puras
948 1457 1004 1501 ab
1033 1461 1152 1504 omni
1184 1464 1446 1522 contagione

44 1520 208 1578 peccati
230 1537 319 1566 non
341 1521 396 1567 de
415 1523 570 1580 nihilo,
589 1523 666 1569 sed
685 1525 739 1570 de
758 1541 802 1570 se
821 1527 915 1586 ipso
933 1529 1154 1574 insufflare
1172 1534 1441 1591 Creatorem,

31 1598 87 1641 ‚et
120 1600 322 1638 naturam
358 1594 436 1639 Dei
474 1595 777 1642 mutabilitatis
813 1600 1083 1658 opprobrio,
1116 1603 1236 1663 quod
1272 1620 1444 1651 neeesse

44 1675 134 1706 non
154 1661 314 1719 fuerat,
341 1664 590 1723 infamavit,
614 1675 657 1711 et
677 1666 784 1712 dum
806 1669 903 1714 vult
925 1670 1108 1716 reddere
1132 1674 1361 1731 rationem,
1387 1693 1444 1721 ne

43 1733 157 1777 Deus
178 1733 379 1779 credatur
397 1736 598 1795 injustus,
625 1738 659 1781 si
683 1754 811 1797 puras
834 1739 888 1783 ab
910 1742 1030 1784 omni
1053 1753 1232 1801 peccato
1255 1747 1438 1803 animas,

41 1804 170 1848 etiam
211 1805 307 1850 illas
337 1822 444 1866 quas
479 1808 712 1852 christiana
748 1812 1072 1868 regeneratione
1107 1830 1195 1858 non
1232 1816 1435 1874 redimit,

41 1873 216 1920 vinculo
249 1877 413 1935 peceati
438 1877 657 1935 originalis
685 1879 885 1935 innectit,
919 1896 967 1924 ea
995 1881 1102 1927 dixit
1130 1901 1230 1944 quae
1259 1895 1302 1932 te
1333 1888 1436 1933 nolo

41 1944 252 1990 docuerit.
283 1949 470 1991 Tantum
501 1947 616 1991 enim
648 1948 798 1992 salutis
821 1959 864 1994 et
885 1950 1104 1998 felicitatis
1127 1970 1216 2000 non
1242 1957 1431 2017 baptiza·

39 2014 92 2059 tis
123 2015 314 2075 parvulis
342 2017 510 2072 tribuit,
543 2027 759 2078 quantum
788 2035 867 2064 nee
896 2020 1121 2080 Pelagiana
1151 2027 1324 2072 haeresis
1355 2045 1434 2088 po-

40 2085 137 2130 tuit.
165 2089 223 2132 Et
246 2096 393 2132 tamen
415 2087 470 2132 de
495 2097 558 2133 tot
582 2088 774 2134 millibus
799 2092 1078 2150 parvulorum
1103 2129 1113 2150 ,
1140 2097 1217 2156 qui
1241 2113 1431 2144 nascun-

39 2164 110 2200 tur
148 2172 200 2201 ex
233 2158 404 2218 impiis,
436 2168 479 2202 et
511 2159 624 2203 inter
657 2159 811 2219 impios
836 2161 1113 2220 moriuntur,
1148 2181 1238 2211 non
1271 2169 1432 2228 quibus

38 2227 235 2273 homines
257 2245 333 2288 per
349 2229 613 2290 baptismum
630 2265 641 2286 ,
664 2241 765 2275 cum
790 2231 941 2288 velint,
965 2235 1198 2280 subvenire
1220 2254 1309 2283 non
1331 2255 1431 2302 pos-

38 2307 156 2354 sunt,
181 2299 258 2344 sed
278 2300 333 2344 de
358 2300 518 2361 quibus
547 2300 822 2360 baptizandis
847 2317 978 2347 nemo
1008 2306 1150 2362 potuit
1178 2307 1248 2352 vel
1270 2311 1430 2368 poterit

37 2369 228 2427 cogitare
249 2391 261 2427 3
291 2385 371 2416 nec
401 2373 631 2432 quisquam
657 2388 735 2432 pro
759 2373 817 2416 eis
839 2373 1000 2419 obtulit
1020 2375 1090 2419 vel
1117 2376 1345 2426 oblaturus
1369 2391 1432 2426 est

38 2441 294 2486 sacrificium
316 2477 328 2498 ,
360 2444 481 2503 quod
505 2444 584 2488 iste
613 2443 743 2488 etiam
764 2458 843 2503 pro
867 2444 991 2489 nobis
1012 2446 1238 2507 baptizatis
1260 2455 1428 2498 censuit

38 2511 312 2557 offerendum
330 2549 341 2570 ,
362 2514 472 2574 quid
489 2515 653 2558 diceret
671 2529 761 2559 non
782 2514 963 2560 invenit.
988 2519 1048 2561 De
1066 2519 1226 2579 quibus
1244 2524 1277 2565 si
1294 2522 1429 2569 fuerit

36 2582 343 2644 interrogatus,
372 2601 523 2632 eorum
545 2585 701 2631 animae
722 2585 830 2646 quid
854 2589 1106 2645 meruerint,
1131 2600 1181 2635 ut
1201 2591 1294 2638 illas
1312 2596 1425 2639 Deus

1169 2662 1234 2701 22.
