1804 3205
312 253 364 278 oz:
396 252 534 283 ΑΜΜΛ
568 257 619 285 m·
653 260 748 288 usus
780 262 973 302 mumma,
1008 266 1089 293 Lux.
1129 269 1202 294 ιιι.·
1359 262 1442 298 355

63 324 173 366 muS,
199 313 359 374 inquis,
382 318 437 362 de
463 320 702 369 infantibus
723 327 965 374 istiusmodi
985 332 1214 388 rationem,
1232 337 1307 393 qui
1331 352 1446 395 pra:-

61 380 263 429 destinati
281 385 512 447 baptismo,
533 394 635 438 vitae
652 401 889 456 praesentis,
910 410 1144 462 antequam
1167 418 1447 452 renascantur

60 450 106 495 in
122 454 310 512 Christo,
332 464 661 518 praeveniuntur
677 470 873 515 occiduo.
895 490 914 513 υ
937 476 1130 532 Ergo-ne
1152 477 1445 534 praedestinati

59 521 298 582 baptismo,
324 530 423 575 vitae
445 537 688 593 praesentis,
715 550 949 601 antequam
971 543 1026 588 ad
1047 559 1147 590 eum
1170 550 1442 606 perveniant,

59 598 386 652 praeveniuntur
413 605 626 663 occiduo,
659 618 701 654 et
729 611 1052 669 praedestinaret
1078 620 1192 662 Deus
1220 620 1341 679 quod
1372 622 1445 665 fu-

58 671 205 709 turum
226 682 317 713 non
342 670 475 717 fuisse
497 679 735 735 praescivit,
763 693 838 728 aut
867 685 949 729 hoc
971 685 1169 732 futurum
1195 705 1283 734 non
1315 690 1444 735 fuisse

55 737 254 794 nescivit,
278 750 327 785 ut
348 744 440 803 ejus
463 757 538 791 aut
566 751 890 807 praedestinatio
913 756 1206 815 frustraretur,
1230 771 1304 805 aut
1332 777 1444 820 prae-

54 807 229 853 scientia
258 810 481 860 falleretur
501 820 519 861 Ρ
538 820 668 866 Vides
689 835 849 883 quanta
884 828 986 873 hinc
1013 829 1098 875 dici
1130 843 1304 890 possent
1326 870 1336 889 ,
1363 836 1442 879 nisi

54 877 174 936 quod
196 880 327 938 paulo
357 894 458 931 ante
482 888 569 933 dixi
593 900 802 951 tenerem,
827 906 876 941 ut
898 899 1000 944 hinc
1016 909 1057 944 te
1081 902 1269 948 breviter
1291 904 1444 950 admo·-

53 960 216 993 nerem.

112 1021 231 1064 XIV.
250 1024 347 1069 Noli
364 1027 557 1085 credere,
584 1046 664 1077 nec
679 1035 838 1091 dicere,
866 1052 944 1082 nec
961 1040 1118 1084 docere
1137 1076 1148 1096 ,
1173 1061 1194 1084 «
1215 1045 1277 1086 De
1293 1044 1442 1088 infan-

53 1087 184 1145 tibus,
210 1100 286 1151 qui
308 1096 559 1158 priusquam
585 1115 868 1150 renascantur
887 1108 930 1151 in
953 1110 1142 1166 Christo,
1162 1115 1439 1170 praeveniun-

53 1166 123 1202 tur
139 1162 339 1219 occiduo,
356 1168 566 1227 scriptum
588 1187 678 1217 esse
702 1194 711 1219 :
730 1194 750 1217 «
774 1179 942 1236 Raptus
958 1189 1022 1224 est
1039 1195 1094 1224 ne
1111 1182 1272 1227 malitia
1291 1193 1435 1228 mutet

53 1245 74 1270 n
98 1229 214 1277 illius
234 1234 505 1284 intellectum
521 1243 552 1295 ¹,
568 1260 586 1283 »
607 1253 680 1288 aut
699 1261 753 1289 ne
771 1248 890 1292 fictio
911 1248 1099 1309 decipiat
1116 1253 1303 1297 animam
1324 1256 1431 1313 ejus,

48 1311 226 1360 propter
244 1304 326 1350 hoc
344 1312 594 1368 properavit
609 1312 663 1357 de
676 1316 820 1361 medio
832 1317 1073 1378 iniquitatis
1091 1320 1215 1367 illum
1230 1323 1432 1379 educere,

49 1370 206 1428 placita
237 1376 352 1420 enim
383 1389 474 1423 erat
511 1383 601 1426 Deo
634 1385 776 1430 anima
811 1389 901 1447 ejus
922 1424 932 1443 ,
959 1399 1001 1433 et
1031 1403 1361 1438 ‹3¹:nsumn1atus
1392 1396 1438 1438 in

48 1440 166 1486 brevi
184 1446 369 1505 explevit
387 1458 579 1510 tempora,
595 1453 750 1513 longa,
776 1475 795 1497 υ
822 1458 855 1502 si
873 1459 934 1503 vis
958 1476 1047 1505 esse
1073 1463 1325 1508 catholicus.
1342 1467 1435 1510 Hoc

48 1511 164 1556 enim
184 1514 239 1559 ad
255 1515 352 1562 illos
374 1522 554 1566 omnino
571 1539 660 1568 non
681 1526 886 1584 pertinet,
908 1530 982 1573 sed
1008 1531 1062 1575 ad
1079 1547 1150 1576 eos
1178 1535 1338 1592 potius,
1360 1536 1437 1594 qui

48 1581 255 1642 baptizati
275 1596 318 1632 et
333 1589 402 1647 pie
416 1590 623 1648 viventeS,
643 1595 719 1638 diu
742 1612 830 1641 non
851 1600 1166 1657 permittuntur
1183 1604 1252 1648 hic
1274 1605 1434 1660 vivere,

47 1667 137 1698 non
167 1657 316 1712 annis,
354 1659 430 1703 sed
458 1663 679 1721 sapientiae
713 1668 846 1724 gratia
877 1674 1182 1717 consummati.
1216 1677 1301 1717 Iste
1334 1689 1437 1719 vero

48 1738 183 1781 error,
200 1742 289 1786 quo
311 1738 491 1787 putatur
513 1733 596 1778 hoc
612 1736 668 1779 de
689 1738 879 1795 parvulis
902 1750 1135 1800 antequam
1160 1743 1436 1802 baptizentur

46 1794 333 1842 morientibus
366 1815 456 1845 esse
487 1802 679 1859 dictum,
713 1807 794 1865 ipsi
818 1820 1089 1855 sacrosancto
1111 1811 1284 1857 lavacro
1320 1814 1436 1858 into-

47 1861 269 1910 lerabilem
296 1868 400 1913 facit
421 1871 622 1931 injuriam
641 1910 654 1929 ,
679 1876 710 1919 si
735 1877 941 1934 parvulus
968 1881 1044 1939 qui
1074 1881 1314 1941 baptizatus
1342 1885 1435 1943 rapi

46 1944 245 1993 poterat,
276 1949 503 1999 propterea
534 1944 653 2002 prius
684 1948 866 2005 rapitur,
890 1964 946 1993 ne
969 1951 1130 1996 malitia
1154 1963 1295 1998 mutet
1318 1955 1434 1999 illius

46 2002 339 2064 intellectum,
364 2021 440 2056 aut
467 2027 522 2055 ne
548 2014 666 2059 fictio
685 2015 873 2076 decipiat
901 2021 1086 2065 animam
1109 2024 1226 2082 ejus:
1247 2026 1368 2085 quasi
1388 2025 1433 2070 in

47 2074 201 2120 eodem
223 2078 441 2137 baptismo
464 2082 557 2127 haec
578 2098 668 2128 esse
690 2085 854 2132 malitia
882 2089 1108 2147 credatur,
1135 2101 1178 2136 et
1198 2094 1317 2139 fictio
1346 2110 1433 2154 qua

46 2145 92 2189 in
132 2149 254 2207 pejus
287 2160 481 2196 mutetur
514 2163 556 2198 et
587 2155 857 2215 decipiatur,
889 2161 923 2204 si
959 2176 1048 2205 non
1083 2171 1183 2207 ante
1222 2165 1429 2222 rapiatur.

47 2218 214 2263 Deinde
233 2223 441 2280 quoniam
468 2223 625 2283 placita
647 2236 739 2271 erat
756 2231 845 2273 Deo
873 2232 1016 2276 anima
1044 2235 1151 2292 ejus,
1183 2235 1430 2293 properavit

47 2286 101 2332 de
126 2290 270 2335 medio
301 2291 538 2353 iniquitatis
560 2295 684 2340 illum
711 2299 912 2355 educere,
941 2302 1002 2345 ita
1025 2312 1075 2346 ut
1100 2319 1180 2348 nec
1202 2305 1431 2364 paululum

47 2370 355 2418 remoraretur,
384 2373 433 2408 ut
454 2365 575 2426 quod
596 2367 641 2410 in
663 2383 714 2412 eo
739 2369 1081 2427 praedestinarat,
1105 2373 1332 2433 impleret:
1357 2373 1433 2418 sed

47 2440 198 2477 contra
225 2448 348 2478 suam
374 2435 801 2495 praedestinationem
828 2440 971 2486 facere
1003 2443 1158 2488 maluit
1174 2480 1185 2501 ,
1220 2455 1430 2507 tanquam

45 2499 254 2548 festinans
273 2538 285 2559 ,
310 2519 366 2549 ne
385 2505 507 2565 quod
524 2507 562 2551 ei
583 2508 805 2567 placuerat
829 2511 874 2555 in
899 2527 989 2557 non
1015 2514 1255 2574 baptizato,
1284 2527 1432 2562 exter-

97 2592 105 2610 ¹
129 2588 202 2630 Sap.
222 2598 269 2630 tv,
293 2599 345 2622 11.

1183 2653 1247 2694 23.
