1804 3205
313 225 365 250 m:
397 226 565 254 numus
599 228 648 254 ΕΤ
679 229 1045 267 εουευΡιεειΜ-Μ,
1082 232 1162 258 Lus.
1199 235 1243 259 ιι.
1389 225 1473 263 230

96 284 221 330 bolus
248 289 258 311 ¹
286 288 392 348 :qui
413 304 507 333 eam
535 289 579 334 in
616 292 799 336 Domino
824 308 912 337 non
933 294 1119 348 invenit,
1141 296 1243 354 quia
1268 299 1474 345 Dominus

96 354 227 402 homo
247 373 335 402 nou
356 373 431 418 per
459 359 591 418 ipsam
616 360 670 405 ad
693 362 888 408 homines
917 365 1068 409 venit?
1089 365 1208 410 unde
1225 366 1330 410 dicit
1344 370 1474 414 etiam

97 428 187 487 ipse
213 448 222 474 ι
246 447 266 471 «
290 432 401 475 Ecce
417 432 535 476 venit
558 433 754 492 princeps
786 435 911 494 liujus
934 437 1114 492 mundi,
1140 447 1183 480 et
1207 437 1251 481 in
1271 453 1338 482 me
1365 440 1473 483 nihil
1495 456 1499 462 ’

100 516 120 540 υ
145 499 335 545 invenit²
362 520 370 545 ;
397 519 418 543 »
450 502 556 546 nihil
583 503 735 562 utique
759 507 945 563 peceati,
978 522 1057 552 nec
1084 507 1204 567 quod
1227 523 1250 552 a
1271 520 1474 554 nascente

96 569 283 614 trahitur
301 605 313 625 ,
342 586 422 616 nec
443 573 562 631 quod
593 589 617 617 a
649 574 821 620 vivente
855 577 1043 622 additur.
1080 581 1201 623 Hanc
1230 580 1308 624 iste
1333 581 1475 625 noluit

94 641 319 686 nominare
348 642 392 686 in
415 643 480 687 his
502 645 724 700 omnibus,
749 662 848 707 quae
870 651 1240 704 commemoravit,
1262 652 1474 696 naturali-

94 709 177 754 bus
192 710 332 766 bonis,
345 711 400 756 de
421 729 506 772 qua
525 715 654 758 etiam
668 716 833 774 nuptiae
851 717 1202 774 confunduntur,
1220 736 1320 780 quae
1332 720 1387 764 de
1410 722 1475 766 his

93 779 218 825 bonis
234 782 437 827 omnibus
454 783 707 842 gloriantur.
729 789 837 832 Nam
861 804 995 847 quare
1013 788 1124 834 illud
1138 805 1246 849 opus
1267 792 1475 850 conjuga-

90 858 234 896 torum
263 853 534 899 subtrahitur
565 865 608 901 et
629 857 912 903 absconditur
935 860 1064 904 etiam
1094 861 1232 906 oculis
1255 862 1442 907 filiorum
1460 897 1471 917 ,

89 921 169 964 nisi
187 922 287 981 quia
298 979 316 987 ἱ
311 918 398 967 non
420 936 599 982 possunt
621 943 710 972 esse
734 928 779 972 in
798 929 1017 974 laudanda
1036 932 1360 986 commixtione,
1384 934 1474 977 sine

88 991 295 1048 pudenda
328 992 507 1039 libidine
535 998 564 1052 {³:
583 1000 644 1041 De
678 998 757 1042 hae
793 1000 1067 1045 erubuerunt
1095 1002 1224 1046 etiam
1250 1003 1325 1061 qui
1347 1003 1474 1061 primi

89 1062 295 1119 pudenda
317 1074 517 1111 texerunt
541 1069 574 1122 ³,
594 1084 694 1128 quae
708 1070 827 1128 prius
849 1070 1054 1130 pudenda
1073 1088 1163 1117 non
1179 1072 1375 1129 fuerunt,
1399 1075 1475 1118 sed

88 1139 297 1192 tanquam
327 1135 404 1179 Dei
439 1152 569 1196 opera
605 1138 881 1198 praedicanda
910 1152 1040 1203 atque
1076 1143 1315 1202 glorianda.
1352 1147 1474 1189 Tunc

87 1215 191 1259 ergo
213 1211 428 1260 texerunt,
448 1206 626 1267 quando
645 1210 918 1256 erubuerunt
943 1232 952 1258 2
979 1222 1086 1258 tunc
1116 1224 1263 1259 autem
1288 1215 1474 1259 erubue-

88 1283 192 1318 runt
215 1308 227 1327 ,
265 1276 444 1334 quando
488 1287 582 1336 post
622 1280 963 1327 inobedientiam
1009 1299 1134 1329 suam
1175 1285 1474 1330 inobedientia

86 1344 279 1388 membra
313 1358 553 1392 senserunt.
584 1352 645 1393 De
670 1350 751 1395 hac
772 1354 949 1398 erubuit
971 1355 1100 1399 etiam
1128 1356 1206 1400 iste
1233 1357 1435 1402 laudator
1461 1375 1469 1401 :
1502 1412 1505 1416 r

85 1417 440 1461 commemoravit
456 1419 571 1462 enim
583 1434 764 1464 sexuum
786 1423 1100 1481 diversitatem,
1117 1427 1475 1472 commemoravit
1488 1420 1503 1453 J

84 1485 453 1541 commixtionem,
468 1493 826 1536 commemoravit
848 1492 1206 1555 foecunditatem·⁷
1233 1497 1351 1542 illam
1374 1512 1475 1542 vero

83 1565 423 1601 commemorare
440 1559 757 1604 verecundatus
780 1571 858 1606 est.
885 1566 972 1610 Nec
991 1567 1151 1610 mirum
1168 1567 1202 1611 si
1225 1567 1362 1627 pudet
1382 1567 1475 1612 lau-

83 1620 235 1668 dantes
249 1659 260 1680 ,
281 1625 403 1686 quod
417 1626 613 1673 videmus
635 1629 749 1689 ipsos
774 1633 940 1691 pudere
964 1646 1234 1693 generantes.

137 1695 234 1738 XV.
267 1697 353 1742 Sed
381 1697 610 1758 adjungit,
647 1709 691 1745 et
722 1702 829 1748 dicit
868 1723 878 1748 :
921 1724 942 1747 «
977 1709 1060 1751 Per
1089 1709 1199 1767 quid
1229 1709 1363 1768 igitur
1390 1711 1472 1754 sub

83 1762 259 1810 diabolo
275 1777 393 1824 sunt,
420 1785 532 1829 quos
554 1773 668 1814 Deus
685 1771 787 1817 fecit
809 1776 826 1816 ‘3
851 1792 871 1815 »
899 1776 1078 1836 Sibique
1100 1778 1235 1823 veluti
1253 1795 1306 1823 ex
1327 1789 1474 1825 nostra

83 1849 189 1879 voce
211 1840 444 1896 respondet
469 1858 478 1883 ι
508 1858 528 1882 «
561 1843 640 1884 Per
659 1852 886 1900 peccatum
906 1879 916 1899 ,
939 1845 1110 1906 inquit,
1136 1864 1226 1893 non
1247 1865 1323 1908 per
1344 1860 1474 1895 natu-

83 1920 191 1950 ram.
220 1925 241 1949 »
263 1908 429 1954 Deinde
441 1919 599 1955 nostrae
614 1915 880 1972 responsioni
896 1931 1018 1961 suam
1042 1918 1232 1964 referens
1251 1939 1291 1965 2«
1319 1921 1404 1966 Sed
1423 1930 1473 1966 ut
1505 1972 1508 1980 Δ

83 1991 173 2021 non
195 1987 361 2036 potest,
386 1981 528 2041 inquit
543 2016 554 2036 ‚
579 1983 672 2026 sine
692 1985 862 2030 sexibus
884 2002 974 2032 esse
994 1987 1131 2034 foetus
1147 2024 1158 2045 ‚
1184 1990 1242 2035 ita
1273 2006 1354 2036 nee
1380 1992 1471 2036 sine

84 2047 309 2094 voluntate
337 2050 560 2096 delictum.
599 2071 618 2095 υ
654 2055 719 2098 Ita
740 2070 869 2111 vero,
893 2057 953 2102 ita
983 2068 1062 2104 est.
1098 2079 1119 2103 «
1156 2061 1224 2106 Sic
1252 2062 1368 2106 enim
1395 2078 1472 2122 per

87 2132 109 2157 1»
133 2133 273 2163 unum
292 2120 517 2166 hominem
544 2132 772 2182 peceatum
799 2125 976 2172 intravit
997 2129 1044 2173 in
1065 2130 1304 2187 mundum,
1330 2141 1374 2177 et
1396 2148 1472 2191 per

88 2204 108 2228 υ
137 2197 369 2247 peceatum
397 2206 534 2247 mors,
564 2203 609 2238 et
631 2193 690 2239 ita
708 2195 755 2239 in
783 2211 933 2242 omnes
963 2199 1161 2246 homines
1196 2203 1467 2261 pertransiit,

86 2274 108 2298 n
133 2257 180 2302 in
193 2275 282 2319 quo
295 2275 444 2306 omnes
461 2268 822 2322 peecaverunt⁴.»
831 2271 911 2312 Per
927 2271 1055 2315 unius
1069 2270 1186 2316 illius
1195 2272 1469 2318 voluntatem

84 2327 242 2374 malam
264 2345 414 2376 omnes
434 2333 480 2378 in
501 2349 552 2380 eo
570 2347 876 2394 peccaverunt,
894 2341 1073 2398 quando
1090 2356 1238 2388 omnes
1262 2342 1333 2388 ille
1354 2359 1468 2388 unus

84 2396 265 2444 fuerunt
286 2435 298 2455 ,
328 2402 383 2446 de
414 2419 503 2462 quo
536 2416 764 2465 propterea
803 2409 962 2468 singuli
994 2422 1222 2469 peccatum
1259 2414 1469 2473 originale

86 2475 322 2516 traxerunt.
343 2490 364 2514 «
385 2472 496 2519 Dicis
511 2475 643 2531 enim,
661 2476 821 2536 inquit,
840 2478 939 2524 ideo
961 2479 1057 2526 illos
1074 2497 1163 2527 esse
1177 2484 1259 2528 sub
1276 2484 1465 2538 diabolo,
1517 2482 1520 2487 ’

135 2557 144 2575 ¹
168 2562 180 2584 ι
196 2554 288 2586 Joau.
308 2566 347 2596 u,
369 2556 420 2588 16.
436 2572 477 2582 —
491 2564 503 2581 ²
520 2560 614 2593 Joau.
631 2570 695 2602 xxv,
714 2562 819 2595 30.—
834 2560 848 2586 ³
863 2567 942 2599 Gen·
957 2575 1005 2607 ιιι,
1026 2576 1056 2607 7.
1071 2565 1140 2597 —ti
1159 2569 1253 2602 Rom.
1271 2579 1302 2609 v,
1325 2577 1376 2602 12.
