1784 3205
301 207 380 245 126
737 219 769 245 s.
807 214 1038 243 ALGUSTINt
1070 214 1252 242 muscom

295 283 399 327 vitio
416 281 587 326 nullum
606 281 767 326 malum
788 289 981 324 remanet
997 300 1008 337 3
1027 279 1128 339 quia
1145 281 1299 325 vitium
1317 288 1484 324 naturae
1501 281 1680 340 quidem

294 353 454 407 inerat,
479 351 554 396 sed
577 353 727 396 vitium
751 361 905 395 natura
928 365 1017 394 non
1041 359 1148 394 erat.

353 425 474 467 XXI.
504 421 583 466 Illa
615 437 718 481 ergo
746 420 1018 481 possibilitas,
1049 435 1138 465 non
1165 429 1214 464 ut
1243 420 1320 464 iste
1349 420 1568 479 opinatur,
1594 436 1682 465 una

295 493 534 552 eademque
556 492 677 536 radix
700 501 763 536 est
788 492 999 536 bonorum
1020 500 1063 535 et
1084 489 1313 535 malorum.
1337 489 1468 534 Aliud
1485 499 1545 534 est
1566 491 1681 534 enim

293 565 476 608 charitas
502 563 626 608 radix
648 564 863 607 bonorum
878 598 888 617 ,
916 562 1036 607 aliud
1059 562 1272 622 cupiditas
1298 561 1417 606 radix
1436 561 1681 620 maloru1n3

296 643 553 693 tantumque
574 635 686 679 inter
713 650 756 678 se
782 633 1022 688 differunt,
1051 642 1264 692 quantum
1289 634 1423 676 virtus
1445 642 1488 677 et
1508 632 1678 677 vitium.

295 704 380 748 Sed
414 704 541 762 plane
575 704 646 748 illa
678 704 936 763 possibilitas
972 705 1198 764 utriusque
1231 703 1384 748 radicis
1423 713 1485 748 est
1518 718 1681 761 capax3

293 774 392 834 quia
424 790 514 818 non
537 774 679 819 solum
708 784 849 834 potest
880 776 1012 819 homo
1032 775 1193 818 hahere
1223 776 1497 829 charitatem,
1522 789 1607 833 qua
1632 774 1686 817 sit

293 845 421 888 arhor
448 846 580 900 bona,
609 846 683 888 sed
708 854 850 904 potest
878 846 1008 889 etiam
1037 845 1338 904 cupiditatem,
1367 860 1452 905 qua
1476 844 1529 888 sit
1556 844 1685 888 arbor

292 914 419 958 mala.
458 916 542 961 Sed
574 915 788 975 cupiditas
816 915 1004 960 hominis
1034 932 1132 975 quae
1161 916 1314 960 vitium
1344 925 1423 969 est,
1460 915 1683 959 hominem

291 985 425 1029 habet
443 996 671 1030 auctorem
689 1021 699 1041 ,
733 985 804 1030 vel
830 986 1018 1030 hominis
1047 987 1340 1046 deceptorem,
1371 1001 1459 1029 non
1494 985 1681 1029 hominis

292 1065 546 1100 creatorem.
573 1060 669 1116 Ipsa
692 1066 755 1100 est
775 1057 891 1100 enim
911 1057 1264 1116 concupiscentia
1281 1057 1437 1111 carnis,
1461 1065 1504 1100 et
1527 1071 1683 1100 concu-

292 1127 500 1184 piscentia
528 1127 778 1182 oculorum,
813 1137 857 1171 et
887 1128 1067 1172 ambitio
1098 1128 1244 1172 saeculi
1264 1163 1274 1182 ‚
1304 1143 1403 1187 quac
1430 1143 1519 1171 non
1543 1136 1607 1175 est
1633 1142 1683 1170 ex

293 1199 464 1251 Patre1,
495 1196 569 1240 sed
600 1213 650 1240 ex
690 1197 856 1241 mundo
890 1207 966 1241 est.
1003 1198 1109 1251 Quis
1137 1207 1279 1242 autem
1315 1198 1491 1251 nesciat,
1528 1195 1683 1240 mundi

289 1266 465 1310 nomine
499 1266 635 1310 solere
663 1266 880 1325 appellare
910 1268 1192 1326 Scripturam‚
1222 1284 1246 1311 a
1273 1268 1432 1327 quibus
1462 1267 1683 1312 habitatur

289 1337 371 1383 hic,
382 1336 600 1381 mundus?

346 1410 490 1453 XXII.
518 1408 713 1453 Charitas
731 1417 876 1452 autem
894 1424 992 1468 quae
1011 1409 1147 1453 virtus
1165 1418 1244 1464 est,
1266 1425 1317 1452 ex
1335 1412 1424 1453 Deo
1443 1409 1569 1453 nobis
1586 1418 1650 1454 est
1665 1445 1676 1466 ,

288 1494 378 1523 non
401 1495 451 1522 cx
473 1479 597 1524 nobis
619 1515 628 1534 ‚
657 1479 876 1539 Scriffium
900 1489 1006 1524 teste
1028 1515 1037 1533 ‚
1064 1496 1163 1540 quae
1186 1481 1291 1525 dicit
1319 1499 1327 1525 ;
1357 1499 1376 1522 «
1402 1480 1597 1525 Charitas
1630 1496 1681 1524 ex

292 1568 311 1590 »
348 1553 437 1594 Deo
452 1560 531 1606 est,
548 1560 591 1594 et
608 1554 746 1595 omnis
764 1551 839 1610 qui
855 1550 1010 1609 diligit,
1031 1567 1079 1594 ex
1100 1554 1189 1595 Deo
1209 1560 1335 1595 natus
1350 1561 1428 1606 est,
1455 1560 1498 1594 et
1516 1566 1680 1610 cogno-

290 1639 309 1662 »
345 1622 406 1666 vit
428 1625 583 1676 Deum,
609 1623 711 1681 quia
728 1625 841 1665 Deus
869 1622 1054 1666 charitas
1080 1631 1142 1666 est
1162 1624 1189 1665 ².
1220 1641 1238 1664 »
1272 1621 1522 1667 Secundum
1554 1623 1678 1667 istam

286 1693 565 1747 charitatem,
596 1692 751 1737 melius
778 1692 1038 1752 intelligitur
1065 1693 1231 1737 dictum
1260 1713 1268 1737 ;
1298 1712 1317 1734 «
1343 1693 1428 1746 Qui
1461 1702 1588 1737 natus
1615 1703 1680 1737 est

290 1783 307 1804 »
344 1779 394 1807 ex
416 1767 520 1818 Deo,
538 1779 627 1808 non
645 1766 817 1821 peccat3
835 1779 844 1804 ε
867 1783 885 1805 »
907 1773 964 1819 et,
983 1764 1184 1824 quianon
1197 1772 1339 1822 potest
1352 1778 1544 1822 peccare.
1565 1764 1677 1816 Quia

288 1852 308 1874 »
343 1834 526 1878 charitas
543 1834 784 1879 secundum
801 1850 931 1894 quam
949 1844 1076 1878 natus
1092 1849 1142 1877 ex
1160 1837 1248 1878 Deo
1265 1843 1342 1889 est,
1365 1849 1453 1878 non
1475 1835 1562 1892 agit
1584 1850 1676 1893 per-

289 1922 308 1945 »
346 1921 509 1964 peram,
535 1921 616 1950 nec
638 1906 800 1964 cogitat
824 1904 987 1949 malum
1009 1906 1040 1948 ⁴².
1067 1924 1086 1946 »
1106 1907 1218 1950 Cum
1236 1921 1338 1963 ergo
1356 1915 1505 1965 peccat
1524 1906 1672 1962 homo,

285 1990 375 2018 non
407 1975 650 2019 secundum
680 1976 963 2029 charitatem,
1001 1975 1075 2019 sed
1112 1976 1352 2020 secundum
1392 1975 1674 2035 cupiditatem

284 2055 448 2104 peccat,
474 2046 715 2090 secundum
738 2061 869 2105 quam
895 2062 985 2090 non
1004 2055 1067 2089 est
1090 2056 1216 2090 natus
1240 2063 1290 2090 ex
1312 2050 1401 2091 Deo
1432 2067 1439 2091 :
1465 2048 1674 2108 quoniam
1719 2048 1723 2050 ’

283 2115 357 2159 illa
375 2116 650 2175 possibilitaS‚
664 2125 714 2160 ut
731 2116 898 2160 dictum
915 2126 994 2171 est,
1015 2117 1239 2176 utriusque
1261 2117 1414 2161 radicis
1435 2127 1500 2162 est
1520 2134 1670 2177 capax.

283 2187 396 2230 Cum
418 2202 521 2245 ergo
549 2187 663 2231 dicat
688 2187 908 2245 Scriptura
935 2205 944 2231 ι
975 2206 993 2229 «
1021 2187 1217 2231 Charitas
1243 2203 1293 2231 ex
1319 2191 1408 2232 Deo
1431 2198 1528 2233 est:
1560 2208 1576 2230 »
1602 2187 1672 2233 vel

284 2257 404 2317 quod
421 2268 482 2302 est
499 2258 680 2318 amplius
704 2278 712 2303 ι
738 2278 753 2297 «
780 2262 891 2302 Deus
913 2259 1098 2302 charitas
1119 2267 1182 2302 est
1209 2279 1218 2303 ι
1242 2277 1261 2299 »
1283 2274 1384 2302 cum
1407 2260 1672 2319 apertissime

284 2328 442 2373 clamet
463 2332 651 2374 Joannes
672 2330 890 2389 apostolus
913 2349 921 2374 ε
951 2349 971 2371 «
997 2332 1109 2374 Ecce
1127 2329 1300 2390 qualem
1318 2331 1573 2375 charitatem
1591 2331 1670 2375 de-

286 2417 306 2440 »
326 2398 389 2444 dit
406 2400 529 2444 nobis
544 2404 684 2456 Pater,
704 2410 752 2445 ut
766 2401 841 2444 filii
854 2401 927 2445 Dei
942 2416 1147 2446 vocemur
1162 2410 1205 2445 et
1221 2401 1354 2446 simus
1370 2404 1384 2428 ⁵
1406 2418 1417 2445 .·
1447 2420 1465 2443 »
1489 2405 1574 2446 Iste
1594 2417 1672 2446 au·-

334 2509 342 2526 ¹
377 2515 389 2535 1
415 2506 505 2535 Joan.
537 2515 578 2544 ιι,
613 2505 662 2536 16.
680 2521 720 2526 ——
748 2511 759 2526 ²
781 2505 826 2536 Μ.
852 2515 906 2545 iv,
939 2515 969 2546 7.
990 2522 1031 2527 —
1056 2504 1135 2536 ³1d.
1169 2516 1223 2543 ιιι,
1249 2505 1370 2546 9.--5
1403 2516 1413 2536 ι
1442 2507 1512 2536 Cor.
1547 2503 1669 2546 xui,lff

284 2563 314 2591 et
343 2558 373 2591 5.
392 2577 425 2583 -
445 2557 460 2582 5
490 2571 500 2591 ι
523 2562 614 2592 Joan.
635 2571 681 2601 ιιι,
710 2572 736 2592 ι.
