1804 3205
323 230 375 256 nr.
410 228 545 258 ΛΜΜΛ
581 232 630 258 m·
666 232 760 259 mis
793 231 986 268 omnum,
1023 232 1103 257 Lux.
1142 234 1200 259 ιν.
1372 222 1455 261 365

75 293 138 337 bis
160 307 340 337 uumero
357 328 368 348 ‚
393 295 636 353 exprimens
659 296 788 339 etiam
812 310 957 340 meum
983 310 1143 339 nomen
1171 315 1180 340 ι
1213 305 1257 340 et
1286 312 1386 341 cum
1417 307 1457 342 te

72 362 115 406 in
139 363 350 421 principio
368 362 465 407 libri
491 366 551 408 tui
574 365 799 424 imperitiae
818 374 903 410 tuae
922 363 1158 410 admodum
1177 367 1397 410 conscium
1415 376 1458 411 et

71 431 280 476 doctrinae
309 433 574 478 adminiculo
597 434 880 490 destitutum,
907 450 977 480 me
999 451 1102 480 vero
1123 435 1200 480 ubi
1227 436 1459 481 nominasti

71 503 367 548 doctissimum
403 520 452 549 ac
487 505 792 563 peritissimum
825 507 1004 565 dixeris3
1043 516 1187 551 tamen
1220 506 1380 567 quibus
1415 508 1460 551 in

72 574 199 618 rebus
227 575 305 618 tibi
327 575 441 619 visus
458 590 501 619 es
520 591 665 630 nosse,
687 576 807 635 quod
828 592 908 635 ego
937 576 1006 622 vel
1022 578 1185 622 nescire
1207 592 1277 621 me
1298 578 1456 632 fateor,

70 643 139 688 vel
161 645 358 703 quamvis
381 646 566 690 nesciam
595 648 704 691 seire
726 662 941 706 praesumo
958 682 969 703 ,
995 646 1194 693 libertate
1216 663 1303 708 qua
1327 663 1459 707 opor-

71 715 216 768 tebat,
251 729 339 759 non
364 724 533 760 tantum
563 731 708 760 senem
735 718 930 777 juvenis,
956 727 999 762 et
1021 719 1272 778 episcopum
1296 718 1428 763 laicus
1446 754 1457 772 ,

71 800 222 829 verum
245 787 372 830 etiam
397 787 620 832 hominem
644 797 720 832 tuo
748 789 913 847 judicio
945 788 1241 834 doctissimum
1272 798 1314 833 ct
1345 789 1460 848 peri-

73 856 282 900 tissimum
315 873 404 902 uon
436 858 644 903 dubitasti
670 858 1000 918 reprehendere.
1034 863 1128 919 Ego
1157 870 1302 904 autem
1327 869 1370 904 ct
1392 875 1460 903 mc

70 927 366 972 doctissimum
404 943 452 973 ac
481 929 787 988 peritissimum
823 932 987 986 nescio,
1025 933 1111 976 imo
1143 946 1246 975 vero
1281 946 1349 974 me
1372 945 1461 975 non

70 1012 159 1042 esse
182 999 415 1043 certissime
436 1000 523 1044 scio
541 1019 551 1054 3
571 1009 614 1044 et
632 1000 721 1044 fieri
739 1015 862 1059 posse
883 1016 972 1045 non
995 1002 1171 1059 ambigo
1187 1035 1198 1056 ,
1224 1010 1274 1045 ut
1295 998 1462 1060 aliquid

69 1068 270 1127 imperito
293 1078 337 1113 et
356 1070 534 1114 indocto
551 1070 740 1128 cuipiam
757 1071 864 1114 scire
885 1072 1137 1129 contingat,
1164 1070 1284 1130 quod
1307 1070 1462 1129 aliquis

69 1138 225 1184 doctus
247 1149 289 1183 et
311 1140 474 1199 peritus
497 1140 667 1199 ignorat
691 1160 700 1186 :
725 1150 768 1185 et
784 1142 830 1184 in
848 1142 931 1185 hoc
955 1150 995 1185 te
1013 1140 1142 1200 plane
1162 1141 1319 1195 laudo,
1341 1139 1462 1200 quod

69 1209 318 1264 veritatem,
342 1210 421 1253 etsi
444 1225 532 1254 non
555 1226 685 1269 quam
711 1211 961 1269 percepisti,
987 1221 1106 1256 certe
1126 1227 1258 1271 quam
1277 1211 1459 1270 putasti,

69 1279 236 1324 homini
259 1279 511 1338 praetulisti3
536 1281 635 1326 ideo
665 1280 843 1341 quidem
869 1291 1052 1336 temere,
1084 1282 1186 1342 quia
1210 1281 1461 1326 existimasti

69 1350 176 1394 scire
201 1358 242 1393 te
268 1350 389 1409 quod
411 1351 568 1407 nescis,
593 1351 669 1394 sed
691 1351 788 1395 ideo
810 1350 970 1406 libere,
996 1352 1098 1411 quia
1122 1366 1349 1411 personam
1373 1366 1462 1395 non

69 1420 301 1475 reveritus,
327 1420 490 1478 elegisti
511 1422 675 1480 aperire
695 1421 815 1481 quod
837 1421 983 1465 sentis.
1010 1422 1136 1466 Unde
1157 1432 1199 1466 te
1221 1422 1461 1480 intelligere

70 1499 268 1549 oportet,
288 1500 455 1550 quanto
473 1506 562 1535 esse
585 1491 710 1536 nobis
729 1491 884 1536 debeat
903 1508 1007 1537 cura
1031 1494 1187 1552 major,
1214 1493 1462 1537 Dominicas

70 1575 171 1605 oves
198 1576 400 1605 revocare
422 1562 478 1605 ab
500 1562 742 1619 erroribus,
777 1563 811 1606 si
838 1571 881 1606 et
913 1563 1066 1607 ovibus
1096 1572 1222 1621 turpe
1248 1572 1332 1618 est,
1360 1562 1462 1607 vitia

70 1640 316 1690 pastorum,
346 1632 380 1676 si
409 1649 494 1692 qua
519 1634 803 1692 cognoverint
821 1668 832 1688 ,
871 1633 1032 1678 eisdem
1067 1634 1285 1679 occultare
1314 1642 1460 1692 pasto-

70 1702 206 1747 ribus.
232 1704 269 1747 Ο
290 1703 323 1746 si
343 1702 416 1747 illa
445 1704 782 1762 reprehenderes
812 1719 931 1759 mea,
956 1720 1056 1764 quae
1081 1706 1198 1763 justa
1223 1704 1461 1763 reprehen-

70 1772 190 1817 sione
218 1783 320 1817 sunt
353 1772 510 1832 digna!
550 1776 702 1832 Neque
731 1774 847 1818 enim
876 1789 1034 1833 negare
1067 1774 1236 1828 debeo,
1271 1775 1382 1818 sicut
1416 1773 1462 1816 in

70 1842 171 1902 ipsis
185 1843 380 1888 moribus
392 1878 403 1898 ,
423 1844 482 1887 ita
500 1843 638 1887 multa
654 1859 743 1888 csse
759 1845 804 1888 in
820 1852 907 1888 tam
927 1844 1076 1888 multis
1095 1843 1314 1904 opusculis
1331 1844 1458 1898 meis,

71 1930 171 1973 quae
190 1915 354 1974 possint
377 1924 494 1959 recto
507 1915 696 1974 judicio,
724 1924 767 1959 et
788 1914 909 1958 nulla
933 1916 1173 1960 temeritate
1195 1915 1375 1975 culpari.
1398 1916 1462 1958 Ex

71 1986 232 2045 quibus
263 1986 295 2029 si
320 1985 464 2045 aliqua
489 1987 579 2044 ipsc
603 1986 964 2045 reprehenderes,
992 1985 1079 2030 illic
1102 1995 1145 2030 et
1169 1986 1247 2030 tibi
1270 1985 1462 2030 fortassis

71 2055 345 2100 ostenderem
362 2090 372 2110 ‚
394 2055 569 2114 qualem
592 2065 634 2100 te
656 2071 746 2099 esse
762 2090 772 2110 ,
794 2057 836 2099 in
855 2056 1015 2116 quibus
1033 2071 1121 2100 non
1147 2071 1372 2115 perperam
1395 2069 1463 2099 rc-

71 2125 372 2185 prehenderis,
399 2125 581 2182 vellem3
602 2141 744 2186 neque
767 2127 845 2170 tibi
864 2127 1029 2186 juniori
1051 2127 1188 2186 major
1203 2161 1214 2181 ,
1237 2135 1279 2170 et
1297 2141 1461 2185 praepoa

72 2197 177 2241 situs
199 2196 399 2252 subdito,
425 2197 705 2241 correctionis
726 2197 976 2257 exemplum
993 2233 1004 2252 ,
1030 2207 1196 2257 quanto
1222 2197 1458 2251 humilius,

72 2276 195 2312 tanto
222 2266 438 2311 salubrius
466 2268 730 2312 exhiberem.
772 2267 857 2312 Sed
881 2284 930 2312 ea
964 2269 1007 2312 in
1031 2284 1100 2312 me
1124 2267 1459 2326 reprehendisti,

71 2352 171 2397 quae
193 2352 283 2381 non
305 2338 519 2397 corrigere
540 2337 763 2382 humilitas
778 2372 789 2389 ,
825 2337 902 2381 sed
929 2338 1086 2396 partim
1114 2337 1272 2392 fateri,
1303 2337 1461 2396 partim

71 2406 307 2451 defendere
327 2407 484 2452 veritas
498 2409 631 2466 cogit.

134 2480 189 2521 ΙΙ.
227 2480 332 2522 Haec
365 2487 510 2522 autem
532 2487 633 2522 sunt
661 2497 669 2521 z
695 2492 856 2533 unum,
881 2477 1003 2537 quod
1026 2477 1080 2522 de
1104 2478 1269 2536 origine
1295 2477 1462 2521 anima-

74 2563 194 2607 rum,
217 2564 318 2609 quae
339 2558 437 2608 post
458 2550 647 2608 primum
670 2548 894 2594 hominem
917 2547 1031 2594 datae
1054 2557 1184 2603 sunt,
1208 2547 1279 2593 vel
1303 2546 1465 2592 dantur
