1804 3205
391 232 471 258 Lm.
510 231 538 258 ι.
577 231 628 257 niz
661 228 814 257 (ιιιΛτΜ
848 231 1028 257 cumsrr.
1334 220 1413 257 137

33 297 132 340 ruit.
168 295 251 340 Sed
275 309 352 339 nos
374 294 428 338 (le
449 295 610 355 quibus
633 297 798 352 agimus
820 311 918 339 cum
940 294 1036 348 illis,
1063 295 1151 353 ipsa
1173 293 1411 338 videamus.

29 370 140 411 Cum
159 366 270 409 enim
296 366 350 409 ab
373 366 539 409 unitate.
565 365 780 408 Trinitatis
804 382 942 425 usque
971 364 1023 409 ad
1060 367 1415 409 resurrectionem

29 437 167 480 earnis
186 436 304 495 quod
328 437 382 479 ab
406 435 479 480 illo
502 451 630 480 nemo
652 437 893 495 miserebat,
915 436 1251 495 disputationem
1276 450 1418 495 quan-

32 517 116 552 tam
140 507 278 551 voluit
297 508 590 551 terminasset:
629 526 648 548 «
672 510 725 550 Et
749 508 974 566 baptisma,
1001 508 1160 567 inquit,
1186 521 1324 550 unum
1352 516 1419 549 te-

29 593 197 631 nemus,
218 578 337 637 quod
361 578 509 621 iisdem
532 579 808 622 sacramentis
830 579 1026 622 vei-bisin
1046 577 1305 631 infantibus,
1322 578 1421 636 qui-

33 649 112 692 bus
140 648 268 692 etiam
303 648 345 691 in
381 648 641 707 majoribus,
674 648 855 692 dicimus
885 664 974 692 esse
998 647 1311 692 celebrandum
1339 650 1368 690 ¹.
1400 667 1417 686 »

34 722 123 763 Hoc
146 728 262 763 certe
280 733 354 763 vos
369 727 411 762 et
428 734 450 762 a
469 728 679 778 praesente
700 718 869 763 audisse
887 718 1048 763 dixistis
1076 739 1083 762 ε
1104 718 1178 762 sed
1201 718 1307 777 quid
1319 732 1421 775 pro-

29 787 139 843 dest,
164 789 284 848 quod
306 790 466 834 eisdem
490 791 632 834 verbis
655 790 698 833 in
722 788 937 848 parvulis,
963 790 1123 849 quibus
1148 798 1191 833 et
1215 790 1259 832 in
1284 789 1421 847 majo-

30 859 149 903 ribus
167 894 177 913 ,
206 859 414 903 celebrari
438 861 542 904 dicit
574 860 776 918 baptismi
808 869 1128 904 sacramentum
1148 895 1158 913 ,
1191 874 1290 903 cum
1311 873 1377 901 res
1400 874 1421 901 a

32 930 171 983 nobis,
192 946 279 974 non
306 930 393 974 sola
414 932 545 975 verba
564 933 844 990 quaerantur?
863 931 963 974 Plus
985 940 1048 974 est
1071 929 1191 988 quod
1208 929 1330 973 vobis
1350 943 1424 972 ore

31 1002 206 1059 proprio
222 1002 593 1060 interrogantibus
615 1001 854 1060 respondit,
883 1002 946 1044 uti
969 1000 1172 1053 scribitis,
1198 1019 1218 1042 «
1239 999 1424 1042 infantes

31 1072 75 1115 in
98 1073 388 1116 remissionem
414 1082 692 1132 peccatorum
725 1073 946 1133 percipere
977 1072 1257 1131 baptismum.
1284 1089 1303 1111 »
1328 1073 1425 1115 Non

31 1143 144 1186 enirn
168 1144 297 1188 ethic
319 1144 454 1198 dixit,
486 1145 531 1188 in
553 1145 696 1188 verbis
717 1144 978 1187 remissionis
1009 1151 1285 1202 peecatorum
1315 1163 1325 1199 3
1351 1141 1425 1185 sed

31 1228 102 1258 eos
122 1214 384 1274 baptizariin
398 1216 534 1274 ipsam
558 1215 851 1260 remissionem
870 1214 1090 1259 confessus
1105 1223 1167 1258 est
1188 1234 1195 1259 z
1214 1223 1256 1257 et
1282 1223 1424 1256 tamen

34 1285 69 1327 si
92 1285 146 1328 ab
173 1300 223 1329 eo
244 1287 519 1344 quaereretis‚
545 1286 654 1344 quid
681 1287 843 1344 peceati
873 1285 932 1328 eis
960 1285 1162 1328 credatur
1185 1288 1200 1309 ’ἒ
1233 1284 1390 1326 remitti
1411 1317 1422 1336 ‚

39 1369 126 1398 non
151 1369 222 1398 eos
246 1355 407 1414 aliquid
426 1357 587 1399 habere
609 1355 909 1399 contenderet.

94 1426 294 1468 XXXVI.
321 1425 426 1476 Quis
457 1424 651 1469 crederet
669 1460 679 1478 ‚
710 1425 792 1468 sub
819 1425 898 1468 bae
918 1425 1041 1483 quasi
1071 1423 1295 1466 manifesta
1320 1437 1416 1465 con-

34 1494 217 1537 fessione
245 1509 419 1537 sensum
453 1495 586 1538 latere
619 1495 884 1538 contrarium
905 1529 916 1548 ‚
952 1494 1032 1537 nisi
1062 1508 1161 1536 eum
1195 1492 1426 1537 Coelestius

31 1564 301 1622 aperuisset?
323 1564 407 1616 Qui
430 1565 473 1607 in
497 1563 647 1607 libello
670 1579 748 1607 suo
763 1599 773 1618 ‚
800 1579 930 1623 quem
963 1566 1115 1607 Roniae
1133 1564 1258 1620 gestis
1287 1561 1426 1606 eccle-

31 1633 210 1677 siasticis
230 1632 460 1692 allegavit,
492 1653 511 1674 «
534 1632 737 1692 parvulos
761 1643 804 1677 et
827 1634 1034 1692 baptizari
1057 1634 1100 1676 in
1131 1633 1424 1676 remissionem

33 1713 308 1762 peecatorum
342 1703 563 1748 confessus
587 1713 649 1747 est
667 1738 677 1757 ,
704 1713 747 1747 et
773 1705 944 1761 negavit
973 1702 1112 1747 ullum
1141 1703 1304 1746 habere
1340 1703 1426 1746 ori-

35 1773 177 1833 ginale
211 1784 453 1833 peccatum.
485 1793 503 1815 n
549 1774 631 1819 Sed
657 1789 774 1817 nunc
802 1789 891 1817 non
936 1774 990 1817 de
1030 1774 1288 1832 baptismate
1325 1788 1424 1830 par-

33 1843 236 1888 vulorum
257 1880 267 1898 ,
288 1843 362 1888 sed
380 1846 434 1888 de
456 1845 671 1902 adjutorio
690 1844 838 1901 gratiae
863 1844 1023 1901 potius,
1047 1844 1174 1887 etiam
1198 1844 1241 1885 in
1275 1842 1426 1885 libello

33 1913 135 1958 fidei
157 1929 268 1968 sure,
297 1929 427 1973 quem
452 1917 635 1957 Romam
657 1914 785 1967 misit,
816 1914 921 1972 quid
941 1914 1137 1971 Pelagius
1159 1914 1337 1956 senserit
1359 1922 1426 1956 at-

37 1984 280 2027 tendamus.
312 2002 331 2025 «
360 1984 563 2027 Liberum
584 2017 593 2036 ‚
619 1983 784 2041 inquit,
807 1984 864 2026 sie
886 1983 1146 2027 eonfitemur
1165 1982 1391 2026 arbitrium
1413 2017 1424 2035 ,

36 2064 86 2098 ut
103 2055 243 2098 dicam
252 2070 298 2097 us
314 2070 392 2099 nos
410 2054 604 2112 indigere
622 2054 698 2097 Dei
715 2069 883 2113 semper
899 2054 1071 2098 auxilio.
1094 2073 1113 2095 »
1136 2057 1248 2098 Ecce
1270 2055 1427 2097 iterum

36 2126 270 2184 quaerimus
291 2160 301 2179 ,
327 2141 416 2184 quo
439 2125 598 2168 auxilio
627 2139 704 2168 nos
732 2125 927 2183 indigere
952 2126 1140 2169 fateatur
1167 2145 1175 2169 :
1200 2135 1243 2169 ct
1269 2125 1428 2168 iterum

38 2195 282 2238 invenimus
299 2195 571 2253 ambiguum,
591 2195 796 2252 quoniam
816 2204 958 2253 potest
976 2193 1252 2253 respondere,
1273 2197 1428 2251 Legem

39 2279 82 2308 se
104 2264 248 2308 dicere
265 2264 562 2308 doctrinamve
582 2264 860 2308 christianam
876 2299 886 2318 ,
907 2281 993 2324 qua
1016 2264 1223 2308 naturalis
1240 2264 1312 2307 illa
1329 2279 1430 2322 pos-

0 2365 1 2368 =
40 2335 219 2379 sibilitas
237 2336 483 2394 adjuvetur.
503 2337 588 2379 Nos
607 2350 659 2378 au
669 2345 751 2378 tem
769 2336 886 2378 illam
902 2337 1080 2392 gratiam
1100 2336 1144 2378 in
1163 2349 1312 2378 eorum
1331 2350 1430 2379 con-

0 2415 2 2456 i
43 2403 225 2448 sessione
247 2405 525 2464 requirimus,
547 2404 600 2448 de
622 2420 709 2464 qua
733 2404 837 2449 dicit
861 2405 1092 2464 Apostolus
1120 2425 1128 2449 :
1159 2424 1178 2446 «
1198 2408 1292 2450 Non
1316 2406 1430 2448 enim

0 2460 3 2525 {¹
46 2492 66 2515 »
92 2473 213 2518 dedit
229 2475 354 2517 nobis
371 2478 482 2518 Deus
508 2476 714 2533 Spiritum
736 2475 922 2529 timoris,
947 2476 1021 2518 sed
1039 2475 1209 2519 virtutis
1231 2484 1274 2518 et
1290 2475 1431 2519 chari-

95 2565 102 2580 ¹
133 2559 210 2590 Vide
227 2558 308 2591 insi-a
327 2559 381 2590 lib.
401 2559 440 2592 de
459 2561 596 2592 l'eccato
617 2558 782 2600 originali,
802 2570 874 2602 cap.
896 2568 949 2592 αι.
968 2577 1007 2583 ---
1024 2568 1036 2583 ²
1067 2562 1170 2592 Forte
1194 2560 1316 2592 credat.
