1784 3205
326 239 409 276 250
757 248 789 276 s.
826 249 1057 276 Auousnm
1090 249 1270 277 nnat-,01³1

325 331 425 375 quae
446 314 553 360 dixit
578 350 590 370 ‚
614 324 796 374 excepto
818 313 937 375 quod
963 315 1023 359 ait
1043 349 1055 370 ‚
1082 331 1105 359 a
1127 315 1350 374 voluptate
1372 315 1535 359 semina
1557 316 1713 360 confici

323 396 455 447 atque
480 387 672 441 misceri,
697 395 812 430 recte
837 386 1024 441 diceret,
1049 386 1084 431 si
1104 387 1150 430 in
1175 388 1233 431 eis
1257 385 1518 431 catholicum
1539 401 1711 430 sensum

324 456 559 502 defendere
589 458 812 502 niteretur.
840 457 952 510 Quia
978 473 1081 502 vero
1109 457 1283 512 scimus,
1314 455 1422 517 quid
1448 472 1498 500 ex
1530 456 1595 499 his
1622 471 1713 502 mo-

322 529 431 572 liatu
459 528 658 583 efficere,
691 527 886 587 profecto
914 528 1020 572 dicit
1047 528 1177 572 etiam
1209 537 1325 572 recta
1351 542 1564 587 perverse.
1598 526 1714 571 Illud

323 599 496 658 itaque,
529 614 617 657 quo
643 608 825 657 excepto
848 609 1003 643 caetera
1033 615 1132 643 vera
1162 614 1251 643 esse
1281 613 1371 643 non
1402 597 1580 652 abnuo,
1615 597 1714 642 ideo

323 685 412 713 non
436 677 501 712 est
523 685 674 713 verum
693 669 825 729 ‚quia
844 669 1044 729 voluptas
1060 670 1131 713 illa
1152 668 1516 728 concupiscentiae
1533 667 1715 712 carnalis

266 742 273 755 ²
323 755 412 783 non
435 740 613 784 conficit
635 741 815 795 semina,
841 742 914 784 sed
934 756 1094 800 eaquae
1113 741 1204 799 jam
1226 748 1329 784 sunt
1350 739 1396 783 in
1417 738 1670 799 corporibus
1690 754 1714 783 a

322 825 424 856 vero
448 813 536 855 Deo
560 812 761 866 condita,
788 828 811 855 a
833 828 922 872 quo
943 822 985 856 et
1007 813 1097 871 ipsa
1120 810 1373 856 conduntur
1394 825 1599 870 corpora,
1624 825 1714 855 non

322 881 435 925 fiunt
463 897 486 925 a
513 881 757 940 voluptate,
793 881 867 926 sed
898 882 1139 926 excitantur
1161 891 1204 926 et
1230 882 1492 926 emittuntur
1513 896 1613 926 cum
1634 896 1713 925 vo-

321 946 505 1011 luptate]
533 954 568 997 U
576 962 688 996 trum
711 962 855 997 autem
878 955 1105 1013 utriusque
1126 968 1250 997 sexus
1267 954 1430 997 semina
1447 953 1493 996 in
1510 951 1712 996 muliebri

322 1032 447 1067 utero
467 1039 566 1067 cum
583 1024 808 1082 voluptate
827 1024 1105 1078 misceantur,
1123 1024 1310 1069 viderint
1328 1024 1525 1068 foeminae
1542 1022 1649 1083 quid
1670 1024 1714 1067 in

321 1094 494 1138 secretis
515 1095 750 1139 visceribus
773 1096 962 1139 sentiant
983 1114 992 1139 2
1014 1111 1091 1139 nos
1112 1111 1202 1140 non
1223 1094 1348 1139 decet
1369 1094 1554 1151 inaniter
1576 1109 1714 1154 usque

322 1164 375 1225 ad
396 1165 474 1208 ista
495 1181 585 1208 esse
605 1166 812 1209 curiosos.
836 1164 992 1209 Libido
1013 1175 1156 1209 tamen
1172 1165 1245 1209 illa
1263 1165 1573 1220 erubescenda,
1595 1163 1714 1208 unde

322 1235 525 1294 pudenda
549 1236 639 1295 ipsa
662 1236 877 1295 appellata
895 1245 996 1280 sunt
1016 1237 1227 1291 membra,
1254 1252 1343 1280 non
1362 1236 1445 1280 tuit
1466 1237 1511 1280 in
1533 1251 1714 1295 corpore

321 1306 420 1349 vitae
442 1304 572 1360 illius,
598 1321 697 1365 quae
721 1308 765 1349 in
789 1305 986 1365 paradiso
1009 1306 1093 1350 fuit
1116 1315 1216 1349 ante
1241 1314 1465 1365 peccatum
1483 1340 1494 1360 ‚
1520 1305 1595 1349 sed
1624 1321 1715 1349 coe-

258 1404 263 1421 2
320 1376 382 1435 pit
408 1391 496 1419 esse
528 1377 574 1419 in
607 1391 788 1435 corpore
823 1376 971 1420 mortis
1005 1377 1136 1436 hujus
1173 1376 1384 1420 retributa
1418 1376 1713 1420 inobedientia

320 1446 630 1490 inobedientiae
662 1457 760 1506 post
789 1456 1031 1506 peccatum.
1074 1447 1172 1492 Sine
1205 1463 1293 1507 qua
1323 1445 1508 1490 libidine
1541 1455 1712 1506 poterat

319 1531 428 1575 opus
456 1518 546 1560 fieri
575 1518 812 1577 conjugum
836 1518 881 1560 in
904 1518 1185 1576 generatione
1208 1517 1415 1572 filiorum,
1441 1516 1551 1560 sicut
1574 1516 1711 1560 multa

320 1603 449 1646 opera
478 1589 590 1632 fiunt
618 1588 866 1632 obedientia
890 1598 1146 1633 caeterorum
1171 1589 1263 1633 sine
1291 1588 1365 1633 illo
1393 1587 1546 1632 ardore
1568 1603 1711 1631 mem-

319 1659 518 1713 brorum,
542 1675 640 1718 quae
661 1658 897 1704 voluntatis
919 1668 1032 1703 nutu
1054 1668 1303 1714 moventur,
1329 1674 1419 1704 non
1436 1670 1545 1703 aestu
1564 1656 1712 1702 libidi-

319 1730 384 1772 nis
406 1730 696 1774 concitantur.

378 1802 564 1843 XXVII.
600 1800 790 1844 Attende
818 1808 973 1844 caetera
998 1818 1007 1844 :
1037 1819 1054 1839 «
1079 1802 1172 1844 Hoc
1200 1800 1348 1854 etiam,
1379 1800 1540 1859 inquit,
1572 1801 1712 1858 Apos-

320 1869 396 1913 toli
429 1870 659 1913 confirmat
691 1869 939 1913 auctoritas.
975 1872 1087 1914 Cum
1124 1871 1240 1913 enim
1276 1869 1430 1914 beatus
1464 1868 1623 1914 Paulus
1656 1869 1711 1913 de

319 1951 590 1985 mortuorum
614 1942 930 1986 resurrectione
952 1942 1222 2001 loqueretur,
1248 1941 1306 1985 ait
1328 1960 1336 1986 2
1362 1961 1381 1984 ι(
1408 1940 1618 2000 lnsipiens
1641 1950 1707 1996 tu,

323 2032 340 2053 »
368 2013 486 2071 qnod
507 2014 690 2057 seminas
710 2029 798 2057 non
815 2013 1073 2058 vivificatur.
1099 2032 1118 2054 »
1147 2016 1202 2057 Et
1224 2013 1338 2057 infra
1358 2033 1367 2058 ;
1391 2032 1410 2056 «
1434 2016 1546 2057 Deus
1564 2021 1709 2057 autem

323 2102 342 2124 »
370 2082 444 2126 dat
467 2083 528 2126 illi
551 2099 708 2142 corpus
731 2093 863 2142 prout
893 2083 986 2127 vult
1007 2118 1017 2136 ‚
1042 2093 1085 2127 et
1107 2084 1345 2143 unicuique
1367 2084 1580 2128 seminum
1603 2099 1708 2142 pro-

325 2175 341 2194 »
368 2154 511 2212 prium
533 2169 704 2213 corpus.
735 2172 754 2194 »
784 2154 825 2198 Si
848 2169 951 2212 ergo
977 2157 1104 2208 Deus,
1134 2154 1293 2213 inquit,
1321 2155 1514 2198 humano
1536 2155 1705 2210 semini,
1764 2167 1767 2170 ·

318 2224 437 2284 quod
461 2240 589 2269 nemo
612 2236 742 2283 negat
764 2224 831 2268 vel
856 2225 1138 2284 prudentium
1161 2224 1229 2269 vel
1255 2224 1426 2283 piorum
1446 2259 1457 2280 7
1482 2226 1708 2285 proprium

318 2296 429 2339 sicut
463 2295 667 2339 omnibus
703 2295 829 2338 rebus
862 2310 1019 2355 corpus
1045 2294 1258 2350 attribuit,
1296 2295 1413 2339 unde
1440 2311 1707 2356 quemquam

319 2381 441 2410 reum
477 2376 629 2410 natum
662 2366 898 2424 probabis?
932 2366 1122 2418 Tandem
1158 2381 1234 2410 oro
1272 2367 1501 2426 respicias,
1547 2367 1707 2427 quibus

318 2436 483 2496 laqueis
512 2438 677 2495 pcccati
700 2436 905 2481 naturalis
928 2437 1167 2481 suffocetur
1189 2437 1383 2481 assertio.⁴
1408 2439 1570 2482 Verum
1593 2453 1672 2497 age
1691 2472 1703 2492 ‚

320 2508 491 2567 inquit,
532 2515 693 2562 tecum,
739 2523 906 2566 precor,
952 2508 1112 2552 mitius.
1155 2507 1263 2553 Mihi
1300 2497 1429 2552 crede
1445 2542 1456 2563 ‚
1497 2508 1625 2552 etiam
1662 2517 1705 2551 te

369 2601 374 2615 ¹
403 2606 411 2623 1
433 2595 506 2625 Cor.
527 2603 580 2633 xv,
601 2592 641 2625 36
659 2597 688 2624 et
709 2592 761 2626 38.
