1784 3205
313 222 398 262 440
758 236 791 260 s.
827 232 1056 261 newsum
1089 232 1268 260 muscom

313 299 468 343 nichaei
494 314 582 343 non
608 308 735 354 sunt,
767 300 798 342 si
831 298 915 342 alio
945 312 1101 356 genere
1134 296 1421 355 perversitatis
1451 295 1688 340 insaniunt.

311 372 584 428 Quapropter
605 368 724 412 aliud
737 367 928 427 estquod
942 366 1350 411 anathematizamus
1364 380 1463 410 cum
1479 366 1555 419 eis,
1576 364 1694 408 aliud

310 439 430 500 quod
452 441 496 483 in
527 440 601 483 eis.
628 442 898 483 Detestamur
927 439 1042 481 enim
1073 452 1174 481 cum
1198 437 1257 480 eis
1274 471 1284 491 ,
1310 436 1429 496 quod
1458 445 1573 480 reete
1606 436 1694 479 dis-

310 510 439 570 plicet
465 512 596 554 etiam
621 511 721 569 ipsis
749 531 759 567 3
791 510 849 553 ita
872 518 1017 553 tamen
1046 517 1095 552 ut
1121 507 1383 551 detestemur
1410 507 1455 550 in
1476 507 1555 561 eis,
1576 505 1693 551 unde

309 589 424 624 recte
442 580 672 639 displicent
685 580 778 638 ipsi.

368 654 426 694 ΙΙ.
451 651 680 694 Manichaei
702 650 854 694 dieunt
868 683 879 704 ,
902 652 1041 694 Deum
1060 648 1224 692 bonum
1242 662 1331 691 non
1352 647 1547 692 omnium
1565 654 1693 690 natu-

308 735 453 763 rarum
476 734 565 763 esse
587 729 826 764 creatorem
849 738 858 764 :
883 717 1101 776 Pelagiani
1122 716 1275 761 dicunt
1291 751 1302 771 ,
1327 719 1468 760 Deum
1490 731 1579 760 non
1600 730 1690 760 esse

306 791 503 836 omnium
525 799 703 835 aetatum
725 792 770 834 in
791 790 1046 835 hominibus
1074 788 1396 843 mundatorem,
1417 787 1690 841 salvatorem,

306 862 596 906 liberator-ems
646 861 869 905 Catholica
911 869 1120 919 utrosque
1167 859 1388 917 redarguit
1412 893 1422 912 ,
1468 868 1511 902 et
1544 866 1692 901 contra

306 932 568 977 Manichaeos
585 930 825 975 defendens
850 932 925 975 Dei
947 939 1188 975 creaturam
1204 965 1215 984 ,
1236 944 1291 973 ne
1316 929 1371 973 ab
1392 928 1467 973 illo
1497 928 1694 972 instituta

305 1012 488 1061 negetur
510 1002 598 1046 ulla
620 1012 775 1047 natura
793 1024 804 1060 3
825 1011 868 1046 et
883 1011 1034 1047 contra
1057 1001 1326 1060 Pelagianos,
1353 1009 1402 1044 ut
1424 1001 1469 1043 in
1487 999 1693 1044 omnibus

303 1073 507 1116 aetatibus
539 1072 707 1131 perdita
740 1074 987 1132 requiratur
1020 1073 1212 1115 humana
1247 1079 1418 1114 natura.
1463 1069 1693 1114 Manichaei

303 1142 444 1186 carnis
476 1142 874 1200 concupiscentiam
911 1158 1001 1186 non
1038 1151 1247 1200 tanquam
1284 1140 1482 1184 accidens
1520 1140 1690 1193 vitium,

302 1211 377 1255 sed
406 1220 614 1270 tanquam
647 1219 848 1254 naturam
872 1211 925 1255 ab
953 1211 1195 1254 aeternitate
1222 1209 1381 1252 malam
1403 1209 1652 1267 vituperant
1680 1228 1687 1253 2

304 1281 523 1340 Pelagiani
545 1296 639 1325 eam
672 1290 880 1341 tanquam
905 1280 1076 1324 nullum
1105 1280 1257 1324 vitium
1276 1314 1286 1334 ,
1317 1279 1392 1322 sed
1415 1279 1616 1323 naturale
1641 1279 1694 1322 sit

301 1354 467 1397 bonum
494 1353 671 1412 insuper
701 1352 897 1397 laudant.
934 1352 1159 1397 Catholica
1195 1360 1402 1409 utrosque
1437 1349 1688 1408 redarguit,

300 1423 551 1467 Manichaeis
573 1422 720 1467 dicens
750 1443 759 1468 :
783 1426 880 1468 Non
899 1432 1069 1477 natura,
1097 1421 1172 1466 sed
1194 1422 1349 1466 vitium
1374 1430 1437 1464 est
1463 1439 1471 1465 :
1498 1420 1693 1479 Pelagia-

299 1494 365 1536 nis
387 1493 534 1537 dicens
560 1508 569 1534 t
596 1495 693 1537 Non
712 1509 734 1537 a
758 1496 900 1548 Patre,
922 1492 997 1537 sed
1016 1508 1065 1536 ex
1088 1491 1256 1536 mundo
1274 1499 1338 1535 est
1363 1510 1372 1535 ε
1395 1500 1444 1535 ut
1462 1506 1556 1535 eam
1571 1490 1693 1535 velut

301 1563 459 1607 malam
481 1561 777 1606 valetudinem
800 1564 941 1606 sanari
967 1563 1143 1621 utrique
1162 1562 1429 1618 permittant,
1454 1560 1692 1606 desinendo

301 1632 362 1675 illi
377 1641 585 1690 tanquam
601 1631 884 1676 insanabilem
904 1631 1094 1685 credere,
1115 1632 1184 1675 isti
1203 1640 1410 1690 tanquam
1426 1630 1692 1675 laudabilem

300 1701 549 1761 praedicare.
575 1702 806 1746 Manichaei
834 1711 996 1761 negant
1019 1702 1186 1746 homini
1213 1702 1328 1746 bono
1347 1716 1398 1745 ex
1419 1700 1559 1745 libero
1572 1701 1690 1744 arbi-

300 1773 383 1816 trio
406 1771 535 1815 fuisse
552 1772 725 1815 initium
740 1771 841 1816 mali
864 1791 872 1816 ι
900 1772 1119 1830 Pelagiani
1143 1771 1296 1815 dicunt
1318 1772 1449 1816 etiam
1467 1772 1689 1815 hominem

301 1840 463 1885 malum
491 1840 756 1885 sufficienter
784 1841 943 1885 habere
972 1840 1160 1884 liberum
1193 1839 1421 1884 arbitrium
1444 1840 1499 1884 ad
1528 1838 1692 1884 facien-

302 1912 408 1956 dum
422 1920 687 1970 praeceptum
712 1912 893 1956 bonurn.
913 1912 1137 1956 Catholica
1153 1920 1361 1971 utrosque
1383 1910 1622 1969 redarguit,
1647 1920 1691 1954 et

302 1982 384 2026 illis
414 1980 562 2026 dicens
591 2001 599 2026 :
629 2000 649 2023 «
680 1983 802 2026 Fecit
825 1985 937 2026 Deus
969 1983 1190 2026 hominem
1219 1983 1419 2025 rectum¹
1448 2000 1457 2025 ι
1481 1999 1501 2022 »
1537 1990 1580 2025 et
1602 1981 1691 2025 istis

303 2052 450 2095 dicens
475 2071 484 2096 :
524 2053 565 2096 Si
593 2067 669 2096 vos
701 2052 836 2097 Filius
868 2051 1146 2107 liberaverit,
1172 2067 1271 2096 vere
1306 2052 1430 2096 liberi
1464 2052 1580 2095 eritis
1607 2055 1638 2095 2.
1667 2070 1686 2092 n

304 2122 534 2165 Manichaei
555 2121 708 2165 dicunt
724 2156 734 2176 ,
759 2122 946 2165 animam
969 2122 1225 2180 particulam
1249 2122 1352 2176 Dei,
1377 2131 1544 2166 naturae
1564 2122 1690 2165 malae

301 2192 608 2235 commixtione
626 2192 786 2236 habere
801 2201 1026 2250 peccatum
1044 2191 1289 2249 :ssPelagiani
1310 2191 1480 2245 dicunt,
1501 2192 1688 2235 animam

301 2264 480 2321 justam,
497 2276 585 2305 non
602 2261 778 2320 quidem
798 2261 1072 2320 particulam,
1089 2260 1163 2304 sed
1177 2269 1419 2304 creaturam
1443 2261 1534 2315 Dei,
1561 2261 1689 2304 etiam

306 2333 350 2375 in
372 2334 449 2376 ista
471 2332 745 2391 corruptibili
768 2333 855 2376 vita
889 2347 977 2377 non
1010 2332 1170 2375 habere
1192 2340 1436 2390 peccatum.
1466 2331 1688 2376 Catholica

307 2411 512 2460 utrosque
535 2401 774 2461 redarguit,
798 2402 1047 2447 Manichaeis
1067 2401 1213 2446 dicens
1237 2420 1246 2445 :
1269 2420 1290 2443 «
1314 2404 1403 2446 Aut
1416 2400 1544 2445 facite
1565 2402 1689 2446 arbo-

309 2489 329 2512 »
349 2486 437 2516 rem
458 2472 631 2527 bonam,
651 2481 694 2515 et
708 2472 898 2516 fructum
923 2473 1014 2531 ejus
1030 2473 1192 2518 bonum
1213 2492 1224 2528 3
1247 2479 1321 2516 aut
1340 2471 1468 2517 facite
1488 2472 1685 2516 arborem

355 2562 364 2577 ¹
388 2554 493 2588 Eccie.
514 2566 568 2596 vn,
588 2555 719 2587 3o.--²
734 2557 827 2588 Joan.
849 2566 915 2593 vni,
933 2556 986 2588 36.
