1804 3205
383 235 462 261 μω.
502 235 547 260 ιι.
578 235 631 260 ne
666 234 842 262 »necno
876 234 1116 260 cuminam.
1369 222 1445 259 159

58 298 253 357 Pelagius
274 298 381 342 dixit
407 316 415 342 :
445 301 505 343 De
537 312 658 358 posse
691 299 869 358 quidem
894 299 1116 343 hominem
1140 298 1234 341 sine
1267 306 1446 355 peccato

56 383 160 423 esse,
186 368 352 413 dietum
375 378 439 414 est
467 369 680 428 superius.
717 373 776 413 De
798 385 849 414 eo
869 378 1013 413 autem
1037 367 1157 427 quod
1182 366 1344 411 fuerint
1370 368 1444 411 ho-

57 440 194 484 mines
210 449 310 484 ante
332 440 566 484 adventum
591 441 761 485 Domini
783 442 873 484 sine
896 448 1089 500 peccate,
1106 439 1289 483 dicimus
1311 447 1354 482 et
1370 453 1447 482 nos

56 512 263 570 quoniam
299 520 400 555 ante
433 511 668 556 adventum
693 512 852 557 Christi
876 513 1076 555 vixerunt
1098 510 1276 570 quidam
1303 517 1447 553 sancte

57 582 246 641 acjuste‚
265 581 507 626 secundum
533 583 852 642 Scripturarum
877 590 1122 626 sanctarum
1140 580 1418 625 traditionem
1436 598 1443 623 :

57 652 220 713 reliqua
235 668 338 697 vero
359 661 401 697 et
421 654 662 697 secundum
688 654 878 713 ipsorum
898 652 1194 696 testimonium
1214 686 1224 704 ‚
1249 651 1351 711 quia
1369 651 1446 694 ista

57 736 146 766 non
167 732 269 767 sunt
291 738 369 782 pro
393 724 552 784 quibus
574 739 655 783 ego
685 723 930 768 satisfacere
953 722 1137 766 debeam
1157 756 1167 776 ‚
1193 719 1267 765 scd
1303 730 1447 764 tamen

56 792 109 837 ad
127 793 464 838 satisfactionem
484 803 643 838 sanetae
664 794 853 851 Synodi,
887 793 1206 837 anathematizo
1236 806 1307 837 eos
1333 827 1343 846 ‚
1375 791 1452 850 qui

56 863 115 908 sic
138 873 304 918 tenent,
331 874 406 909 aut
424 865 658 925 aliquando
682 874 933 909 tenuerunt.
955 883 974 905 »

116 937 240 979 Xlll.
279 938 391 979 Ecce
408 971 418 990 ,
447 945 494 979 ut
516 935 595 980 alia
620 936 816 979 omittam
837 971 847 989 ‚
881 934 1033 979 videtis
1071 933 1451 978 anathematizasse

58 1005 280 1064 Pelagium
303 1021 375 1050 eos
396 1041 406 1059 ‚
431 1007 506 1066 qui
531 1015 680 1050 tenent
702 1040 712 1060 ,
742 1023 762 1046 (ι
787 1005 908 1065 quod
932 1004 1039 1048 Adae
1055 1013 1282 1062 peccatum
1309 1002 1450 1060 ipsum

55 1076 194 1121 solum
215 1076 391 1131 laeserit,
417 1085 460 1120 et
481 1091 570 1121 non
598 1091 732 1136 genus
750 1077 994 1120 humanum
1016 1111 1026 1133 ‚
1051 1083 1094 1118 et
1121 1073 1242 1134 quod
1259 1072 1447 1117 infantes

55 1147 130 1206 qui
154 1156 391 1191 naseuntur
411 1182 422 1201 ‚
447 1148 491 1190 in
519 1162 571 1191 eo
604 1155 718 1191 statu
743 1147 827 1191 sint
845 1181 855 1201 ,
887 1147 931 1189 in
954 1161 1042 1206 quo
1073 1144 1211 1189 Adam
1235 1145 1319 1188 fuit
1348 1153 1450 1188 ante

57 1218 469 1276 praevaricationem.
499 1235 519 1258 »
546 1217 662 1270 Quid
695 1233 798 1276 ergo
826 1218 894 1260 hie
922 1216 1041 1260 alind
1070 1216 1258 1275 episcopi
1277 1215 1453 1274 judiees

54 1286 296 1346 intelligere
319 1297 585 1346 potuerunt,
604 1288 683 1332 nisi
705 1302 806 1331 eum
829 1287 1024 1332 confiteri
1044 1320 1054 1336 ‚
1078 1287 1198 1345 quod
1223 1294 1451 1344 peecatum

56 1371 107 1399 ex
121 1356 259 1400 Adam
273 1357 317 1400 in
333 1356 534 1415 parvulos
552 1359 767 1401 transeat?
783 1356 911 1410 Quod
928 1371 982 1400 ne
995 1353 1452 1400 eonfiteretur-Coeles-

56 1427 156 1481 tius,
178 1427 270 1470 haec
299 1428 506 1471 damnare
528 1427 690 1480 noluit,
718 1443 818 1486 quae
840 1429 919 1470 iste
939 1426 1178 1470 damnavit,
1208 1425 1397 1469 Proinde
1419 1424 1452 1467 si

56 1496 287 1541 ostendero
305 1531 315 1551 ‚
351 1498 479 1541 etiam
511 1498 651 1556 ipsum
675 1498 783 1541 nihil
804 1496 925 1540 aliud
958 1495 1117 1540 sentire
1148 1495 1203 1538 de
1228 1493 1416 1553 parvulis
1436 1528 1446 1547 ‚

56 1567 137 1610 nisi
161 1567 281 1627 quod
303 1567 394 1610 sine
412 1566 501 1610 ulla
521 1568 779 1627 cujusquam
797 1567 889 1611 vitii
903 1566 1163 1624 contagione
1186 1572 1448 1620 naseuntur3

57 1638 164 1697 quid
186 1638 298 1682 inter
318 1638 450 1682 istum
470 1647 513 1682 et
535 1637 788 1683 Coelestium
813 1639 856 1681 in
884 1638 964 1681 hac
982 1637 1223 1697 quaestione
1243 1635 1419 1679 distabit
1437 1669 1447 1688 ,

58 1708 138 1752 nisi
161 1708 280 1768 quod
298 1709 371 1752 ille
390 1709 593 1767 apertior,
614 1709 694 1753 iste
709 1708 920 1754 occultior
941 1709 1026 1752 fuit
1044 1728 1055 1762 ς
1081 1707 1153 1751 ille
1171 1706 1446 1766 pertinacior,

58 1780 137 1823 iste
159 1780 410 1824 mendacior
432 1800 442 1836 3
466 1781 536 1824 vel
557 1789 673 1824 certe
703 1780 774 1824 ille
796 1779 974 1824 liberior
993 1815 1002 1833 ‚
1029 1780 1099 1823 hic
1122 1779 1303 1822 astutior
1323 1779 1341 1821 Ξ)
1372 1776 1449 1820 Ille

58 1850 172 1893 enim
194 1865 274 1895 nec
292 1851 337 1894 in
361 1851 550 1894 Ecclesia
571 1851 902 1907 Carthaginensi
921 1849 1127 1894 damnare
1146 1848 1301 1901 voluit,
1328 1847 1449 1907 quod

58 1921 104 1964 in
127 1924 320 1965 Romana
339 1928 486 1979 postea
508 1936 551 1964 se
575 1930 721 1964 tenere
739 1920 960 1965 confessus
983 1929 1062 1974 est,
1082 1928 1124 1962 et
1146 1939 1165 1960 «
1192 1918 1348 1976 corrigi
1370 1933 1449 1976 pa·-

60 2000 200 2036 ratum
224 2007 269 2035 se
290 2006 380 2035 esse
405 1990 619 2050 professus
654 2000 743 2045 est,
767 1991 803 2035 si
834 1992 871 2034 ei
902 2000 1109 2050 tanquam
1135 1989 1300 2033 homini
1330 2004 1449 2032 error

61 2063 266 2121 obrepsit.
288 2080 308 2102 »
336 2065 420 2106 Iste
443 2071 585 2105 autem
611 2070 653 2105 et
674 2060 784 2105 illud
816 2061 973 2119 dogma
996 2060 1219 2104 damnavit
1241 2068 1449 2118 tanquam

7 2162 14 2170 -
61 2133 325 2177 contrarium
348 2131 545 2185 veritati,
572 2147 626 2175 ne
654 2132 743 2190 ipse
781 2147 804 2175 a
834 2130 1055 2175 catholicis
1079 2129 1300 2189 judicibus
1322 2128 1449 2173 dam-

62 2212 239 2248 naretur
266 2223 276 2259 3
309 2212 352 2247 et
372 2203 416 2247 id
438 2204 519 2248 sibi
546 2203 873 2248 defendendum
909 2212 1058 2263 postea
1086 2203 1343 2255 reservavit,
1376 2211 1451 2246 aut

61 2273 327 2318 mendaciter
350 2275 559 2317 damnans
580 2308 590 2327 ‚
616 2282 692 2317 aut
712 2273 869 2317 callide
891 2274 1194 2332 interpretans.

122 2347 240 2389 XIV.
262 2346 346 2390 Sed
363 2345 490 2390 video
507 2344 562 2389 de
577 2359 646 2389 me
663 2346 751 2405 jam
764 2345 996 2405 justissime
1018 2343 1242 2404 postulari,
1259 2352 1307 2387 ut
1330 2341 1450 2404 quod

64 2415 240 2474 promisi
261 2451 271 2469 ‚
297 2424 444 2459 utrum
477 2425 520 2459 et
553 2415 643 2475 ipse
663 2416 747 2459 hoc
766 2415 921 2459 sentiat
944 2414 1061 2475 quod
1084 2413 1314 2460 Coelestius
1335 2449 1345 2468 ‚
1371 2413 1447 2457 de-

64 2496 303 2530 monstrare
320 2501 408 2530 non
426 2485 641 2530 differant.
662 2489 713 2529 In
730 2485 871 2544 primo
888 2485 1003 2530 libro
1032 2484 1281 2530 recentioris
1309 2484 1449 2544 operis

67 2556 147 2609 suh
174 2554 295 2615 quod
316 2554 482 2614 scripsit
503 2570 581 2614 pro
598 2554 738 2600 libero
755 2553 948 2609 arbitrio,
970 2555 1092 2615 eujus
1106 2554 1246 2614 operis
1265 2554 1310 2598 in
1333 2553 1450 2597 litte-
