1804 3205
327 244 379 269 nu
417 241 551 269 ΛΝιΜΑ
585 243 636 268 εἰ·
671 240 767 270 mss
800 240 993 279 onlcmn,
1031 241 1111 267 Lm.
1151 241 1215 267 111.
1382 228 1465 268 :345

78 309 176 353 dem
196 307 329 353 modo
346 308 489 351 minus
507 306 561 350 ad
581 307 859 366 decipiendos
874 306 1108 351 catholiCos
1124 306 1263 360 valet,
1289 307 1466 365 quando

76 395 119 423 se
143 394 231 423 non
257 379 299 422 in
334 378 442 422 lucis
471 377 671 435 angelos.‚
712 378 785 421 sed
819 379 862 422 in
887 378 1108 422 haereticos
1140 377 1418 435 transfigurat
1453 396 1462 423 :

76 452 147 494 sed
169 459 210 494 te
233 450 286 494 ab
315 465 366 493 eo
396 448 486 493 salli
503 451 592 508 jam
615 450 879 494 catholicum
902 449 1080 494 nollem.
1112 448 1343 494 Crucictur
1364 462 1465 506 ergo

79 532 119 566 te
141 522 340 566 didicisse
362 537 461 582 quae
482 537 582 566 vera
609 531 735 576 sunt,
769 530 934 581 quanto
957 521 1092 580 magis
1119 520 1292 564 laetatus
1323 519 1467 564 fuerat

74 607 118 636 se
141 593 219 636 tibi
249 593 503 652 persuasisse
538 608 637 652 quse
671 592 777 637 falsa
804 602 920 637 sunt.
953 594 1008 637 Ut
1031 600 1178 636 autem
1201 606 1288 635 non
1313 590 1466 648 diligas

76 664 296 707 hominem
335 672 559 708 mortuum
581 698 591 716 ‚
628 664 749 723 cujus
787 662 962 708 dilectio
996 662 1074 706 tibi
1110 662 1259 706 obesse
1294 652 1463 721 potest,

75 733 277 793 prodesse
298 734 360 778 illi
383 750 469 780 non
490 744 656 795 potest3
683 736 763 779 hoc
788 735 974 779 breviter
991 733 1197 778 intuearis
1220 732 1463 791 admone03

71 805 192 866 quod
214 807 365 866 utique
383 805 454 850 ille
477 822 565 850 non
582 816 644 850 cst
665 816 837 851 sanctus
856 816 898 851 et
915 807 1080 866 justus,
1106 806 1140 850 si
1161 814 1210 850 tu
1233 804 1466 848 haerctico-

73 892 169 921 rum
195 878 517 922 Donatistarum
547 878 616 922 vel
646 880 967 937 Rogatistarum
993 877 1171 937 laqueos
1201 876 1369 920 evasisti
1395 895 1403 920 :
1430 876 1465 919 si

73 957 218 992 autem
255 948 379 993 illum
403 958 600 994 sanctum
634 959 676 994 ct
700 952 868 1010 justum
901 949 1146 1003 arbitraris,
1186 957 1234 992 tu
1263 961 1465 991 commu-

74 1019 262 1063 nicando
293 1021 514 1064 catholicis
544 1021 743 1064 interisti.
773 1019 973 1064 Profecto
995 1019 1110 1063 enim
1133 1028 1176 1062 te
1200 1018 1466 1062 catholicum

72 1091 222 1148 fingiS‚
257 1092 288 1135 si
312 1092 457 1135 animo
480 1091 589 1135 illud
612 1107 655 1135 es
674 1127 684 1145 ‚
711 1091 831 1150 quod
854 1100 945 1134 crat
967 1090 1040 1134 ille
1065 1105 1197 1150 quem
1227 1088 1383 1147 diligis.
1409 1091 1465 1132 Et

72 1162 184 1205 nosti
202 1177 334 1221 quam
352 1162 599 1206 terribiliter
621 1163 830 1221 scriptum
849 1163 922 1216 sit,
945 1160 1064 1221 quod
1088 1161 1271 1220 Spiritus
1288 1168 1463 1204 sanctus

71 1231 309 1292 disciplinae
338 1234 478 1291 fugiet
512 1234 708 1278 fictum¹.
745 1233 787 1278 Si
817 1242 961 1277 autem
985 1232 1195 1276 veraciter
1216 1231 1464 1276 communi-

71 1317 198 1357 cans,
233 1318 322 1347 non
358 1313 400 1347 te
434 1303 698 1348 catholicum
726 1304 849 1362 fingis
877 1323 885 1348 ;
912 1303 1018 1363 quid
1043 1303 1186 1347 adhuc
1208 1302 1463 1346 haereticum

71 1382 295 1418 mortuum
325 1375 383 1418 sic
405 1373 571 1433 diligis,
604 1384 653 1419 ut
682 1375 773 1434 ejus
804 1374 909 1419 velis
940 1384 982 1419 te
1004 1376 1168 1434 jactare
1203 1374 1346 1417 adhuc
1380 1388 1463 1417 no-

70 1444 186 1488 mine
203 1479 214 1498 ‚
241 1445 363 1504 cujus
380 1445 470 1504 jam
500 1460 590 1489 non
614 1446 771 1490 teneris
798 1448 973 1490 errore?
1002 1444 1215 1490 Nolumus
1239 1454 1280 1488 te
1302 1444 1463 1488 habere

72 1515 158 1559 tale
188 1525 527 1575 cognomentum
544 1552 554 1571 ‚
587 1526 792 1577 tanquam
816 1519 869 1560 sis
901 1517 1094 1561 haeretici
1117 1517 1276 1561 mortui
1300 1531 1463 1560 monu-

72 1596 283 1630 mentum.
321 1587 532 1632 Nolumus
562 1587 693 1632 talem
720 1587 899 1632 titulum
928 1589 1089 1632 habere
1113 1587 1272 1631 librum
1305 1596 1429 1631 tuum
1449 1621 1460 1641 ‚

71 1658 245 1718 qualem
268 1657 426 1703 falsum
455 1674 544 1704 esse
572 1658 815 1704 diceremus
832 1695 842 1714 ,
871 1660 905 1704 si
927 1659 972 1703 in
999 1660 1089 1719 ejus
1112 1659 1311 1718 sepulcro
1343 1657 1463 1716 lege-

71 1743 230 1773 remus.
256 1731 355 1774 Non
377 1731 489 1773 enim
519 1730 797 1774 Vincentium
823 1730 1042 1774 Victorem
1067 1730 1222 1773 scimus
1245 1743 1335 1772 esse
1352 1763 1362 1782 ‚
1388 1727 1462 1772 sed

71 1799 235 1844 victum
264 1818 272 1843 :
298 1809 342 1843 et
362 1801 528 1844 utinam
552 1800 773 1844 fructuose
791 1834 801 1854 ,
828 1802 938 1844 sicut
963 1810 1002 1844 te
1024 1799 1139 1844 vinci
1161 1800 1363 1844 volumus
1385 1814 1462 1843 ve-

70 1871 212 1914 ritate.
246 1874 400 1915 Astutc
423 1880 568 1915 autem
590 1871 755 1929 putaris
785 1880 828 1915 et
857 1870 1036 1926 callide,
1057 1886 1154 1914 cum
1183 1869 1316 1915 libros
1339 1880 1458 1925 tuos,

71 1957 179 2000 quos
216 1941 334 1986 credi
373 1942 494 2001 cupis
536 1941 611 1986 illo
649 1943 730 1985 tibi
763 1941 982 1986 revelante
1019 1942 1202 1987 dictatos
1225 1977 1235 1994 ‚
1272 1941 1462 2001 appellas

71 2013 288 2056 Vincentii
321 2013 507 2057 Victoris
526 2047 536 2066 ,
563 2027 651 2056 non
682 2021 770 2057 tam
796 2013 1074 2057 Vincentium
1105 2022 1146 2057 te
1181 2027 1311 2072 quam
1339 2012 1461 2057 illum

70 2083 214 2128 vocari
237 2083 425 2127 voluisse
453 2084 670 2128 Victorem
692 2118 701 2137 ‚
728 2082 848 2127 velut
870 2083 950 2127 tibi
977 2082 1210 2128 revelando
1233 2099 1332 2143 quae
1354 2084 1461 2128 scri·

70 2154 215 2208 heres,
235 2154 404 2198 vicisset
429 2169 635 2198 errorem.
660 2157 716 2198 Ut
738 2154 845 2214 quid
865 2155 945 2198 tibi
961 2155 1037 2199 ista
1051 2190 1062 2209 ‚
1083 2154 1176 2198 fili?
1198 2157 1301 2199 Esto
1318 2156 1462 2214 potius

69 2240 196 2269 verus
213 2260 223 2278 ‚
245 2240 336 2268 non
352 2225 478 2269 fictus
497 2224 736 2270 catholicus
749 2261 759 2279 ,
778 2234 891 2269 nete
912 2224 1049 2283 fugiat
1069 2225 1252 2285 Spiritus
1268 2235 1458 2281 sanctus,

71 2303 114 2339 et
136 2294 246 2339 nihil
268 2295 347 2339 tibi
369 2295 502 2354 possit
523 2296 725 2354 prodesse
749 2296 1004 2339 Vincentius
1019 2330 1029 2349 ,
1055 2296 1100 2338 in
1123 2310 1254 2354 quem
1278 2310 1322 2339 se
1343 2296 1398 2340 ad
1420 2306 1463 2340 te

72 2363 314 2409 fallendum
364 2365 686 2424 transfiguravit
727 2364 1062 2424 malignissimus
1100 2365 1274 2425 spiritus
1313 2385 1321 2410 :
1370 2367 1462 2425 ejus

71 2436 235 2495 quippe
257 2445 359 2479 sunt
383 2436 481 2490 illa,
518 2437 713 2496 qualibet
749 2436 828 2480 tibi
858 2435 1011 2480 fraude
1031 2451 1248 2496 persuasa.
1285 2439 1394 2490 Quae
1429 2439 1461 2481 si

72 2505 322 2550 admonitus
357 2507 425 2565 pia
458 2506 705 2551 humilitate
741 2515 782 2551 et
811 2505 1020 2552 catholica
1057 2521 1163 2567 pace
1197 2508 1457 2560 correxeris,

120 2595 128 2612 ¹
151 2590 225 2632 Sap.
244 2600 267 2631 ι,
288 2590 317 2622 5.
