1784 3205
296 200 378 239 234
727 211 759 237 s.
798 211 1026 238 Anans'rnss
1061 211 1239 238 zmscom

295 297 316 320 »
329 279 444 322 cium
459 279 489 322 ².
508 295 528 318 »
545 278 642 323 Non
660 278 805 336 itaque
821 277 932 320 sicut
950 284 991 319 te
1008 284 1139 336 atque
1157 276 1260 321 alios
1281 275 1437 321 fallens
1456 277 1667 337 loqueris:

298 368 314 389 «
335 350 377 394 Si
400 350 496 408 quis
521 357 596 392 aut
617 348 804 391 liberum
827 346 872 389 in
889 346 1139 391 hominibus
1161 347 1410 401 arbitrium,
1437 356 1511 391 aut
1534 350 1672 391 Deum

296 435 419 465 »esse
441 420 710 464 nascentium
731 416 999 463 conditorem
1021 418 1198 474 dixerit,
1218 418 1506 463 Coelestianus
1528 427 1572 462 et
1589 422 1671 462 Pe—

295 490 527 550 »lagianus
547 499 727 535 vocatur
751 493 767 515 2
793 508 802 533 2
832 506 851 529 »
884 489 964 532 ista
991 488 1155 548 quippe
1182 489 1394 534 catholica
1422 487 1529 532 fides
1550 488 1669 532 dicit.

245 585 254 600 a
295 562 379 606 Sed
393 563 426 605 si
447 562 543 620 quis
566 561 620 604 ad
637 560 868 604 colendum
888 568 1003 604 recte
1024 563 1179 615 Deum,
1200 561 1291 606 sine
1304 560 1437 618 ipsius
1458 558 1674 618 adjutorio

232 657 234 659 >
293 632 399 676 dicit
427 647 517 675 esse
546 632 591 675 in
617 630 867 675 hominibus
893 629 1079 673 liberum
1103 630 1327 673 arbitrium
1364 650 1375 687 3
1405 637 1447 673 et
1478 629 1675 689 quisquis

292 704 350 747 ita
372 703 476 746 dicit
505 706 643 746 Deum
675 701 945 745 nascentium
972 701 1242 745 conditorem
1268 735 1279 755 ‚
1314 710 1364 744 ut
1392 699 1675 759 parvulorum

291 783 419 831 neget
445 789 467 817 a
488 781 703 832 potestate
720 771 882 816 diaboli
900 771 1234 830 redemptorem,
1248 771 1338 830 ipse
1356 769 1608 828 Pelagianus
1632 780 1676 814 et

293 844 580 889 Coelestianus
609 842 1038 898 vocatur.3Liberum
1071 843 1217 901 itaque
1239 843 1284 885 in
1304 841 1554 886 hominibus
1586 855 1677 885 esse

293 914 541 969 arbitrium,
567 923 611 958 et
628 917 767 958 Deum
793 903 881 956 esse
899 913 1167 956 nascentium
1190 912 1478 967 conditorem,
1503 911 1678 970 utrique

294 985 477 1029 dicimus
503 1005 513 1042 3
538 1000 627 1029 non
644 984 745 1028 hinc
767 985 865 1027 estis
888 982 1137 1028 Coelestiani
1157 991 1200 1026 et
1224 982 1463 1040 Pelagiani:
1489 981 1678 1025 liberum

294 1064 438 1099 autem
458 1070 547 1099 esse
564 1069 829 1115 quemquam
848 1054 903 1097 ad
926 1054 1144 1111 agendum
1166 1054 1332 1097 bonum
1349 1053 1441 1096 sine
1463 1051 1680 1112 adjutorio

294 1127 387 1180 Dei,
412 1135 455 1170 et
471 1142 559 1170 non
578 1126 671 1169 erui
693 1124 897 1184 parvulos
916 1140 940 1168 a
961 1133 1175 1183 potestate
1197 1124 1475 1168 tenebrarum
1495 1126 1528 1178 ²,
1554 1132 1598 1166 et
1619 1122 1679 1166 sic

295 1195 515 1240 transferri
538 1196 583 1238 in
605 1210 783 1252 regnum
810 1195 906 1257 Dei,
933 1195 1016 1238 hoc
1037 1209 1113 1238 vos
1136 1195 1276 1238 dicitis
1303 1214 1314 1250 3
1333 1195 1436 1238 hinc
1453 1192 1552 1237 estis
1572 1195 1679 1237 Coe-

291 1267 460 1310 lestiani
493 1275 535 1310 et
574 1261 823 1326 Pelagianij
843 1265 959 1317 Quid
981 1265 1182 1309 obtendis
1204 1265 1258 1309 ad
1290 1263 1535 1308 fallendum
1564 1278 1681 1307 com-

293 1336 434 1380 munis
462 1334 675 1394 dogmatis
706 1344 907 1394 tegmen,
934 1347 982 1378 ut
1019 1335 1184 1394 operias
1225 1334 1452 1393 proprium
1481 1332 1645 1378 crimen
1665 1367 1678 1389 ‚

294 1406 412 1451 unde
429 1407 551 1451 vobis
573 1373 773 1450 inditum1³
778 1415 844 1449 est
857 1420 1046 1450 nomen·
1038 1415 1198 1465 ,atque
1213 1414 1263 1449 ut
1283 1405 1450 1448 nefario
1467 1403 1682 1448 vocabulo

295 1486 453 1521 terreas
481 1477 733 1536 imperitos,
760 1476 901 1521 dicis:
928 1494 948 1517 «
978 1478 1041 1521 Ne
1063 1476 1196 1535 igitur
1225 1484 1439 1521 vocentur
1459 1470 1678 1529 haeretici,

295 1547 408 1591 fiunt
424 1548 654 1591 Manichaei
675 1548 692 1590 Ρ
717 1564 738 1588 »

355 1620 431 1661 IX.
454 1617 570 1661 Audi
592 1632 695 1675 ergo
718 1616 930 1671 breviter,
952 1616 1028 1676 qui
1046 1617 1088 1660 in
1112 1616 1192 1660 ista
1214 1616 1456 1675 quaestione
1470 1624 1679 1660 versetur.

295 1687 507 1733 Catholici
530 1689 685 1732 dicunt
705 1688 943 1731 humanam
966 1696 1166 1731 naturam
1191 1703 1213 1731 a
1235 1695 1427 1731 creatore
1452 1689 1543 1730 Deo
1566 1686 1684 1730 bono

296 1760 514 1802 conditam
539 1760 701 1803 bonam
722 1793 732 1813 ‚
768 1757 842 1802 sed
873 1767 1051 1817 peccato
1079 1758 1275 1802 vitiatam
1299 1756 1479 1801 ‘medico
1511 1757 1684 1802 Christo

296 1828 506 1887 indigere.
525 1830 754 1873 Manichaei
779 1827 932 1872 dicunt
953 1829 1190 1873 humanam
1209 1817 1426 1881 naturam,
1446 1842 1537 1871 non
1553 1842 1577 1871 a
1595 1830 1685 1871 Deo

297 1900 518 1943 conditam
542 1899 702 1942 bonam
729 1907 996 1957 peccatoque
1024 1899 1233 1952 vitiatam,
1254 1897 1329 1941 sed
1347 1898 1402 1940 ab
1424 1906 1685 1941 aeternarum

298 1970 492 2028 principe
515 1971 795 2013 tenebrarum
814 1970 868 2013 de
883 1970 1190 2014 commixtione
1208 1969 1392 2013 duarum
1411 1977 1681 2022 naturarum,

299 2055 398 2099 quae
420 2055 587 2098 semper
617 2038 797 2083 fuerunt
813 2074 824 2094 ,
851 2056 938 2084 una
965 2042 1077 2083 bona
1100 2049 1142 2083 et
1178 2056 1265 2083 una
1296 2038 1409 2083 mala
1425 2073 1435 2093 ,
1461 2039 1686 2083 hominem

300 2118 510 2154 creatum.
537 2110 754 2167 Pelagiani
775 2119 818 2153 et
839 2109 1090 2154 Coelestiani
1114 2108 1265 2153 dicunt
1294 2110 1529 2153 humanam
1553 2116 1683 2151 natu-

301 2195 392 2223 ram
411 2195 432 2222 a
456 2181 572 2224 bono
597 2183 685 2223 Deo
707 2179 928 2223 conditam
952 2179 1111 2223 bonam
1127 2213 1138 2233 ‚
1165 2178 1239 2222 sed
1262 2179 1320 2222 ita
1342 2193 1431 2223 esse
1447 2178 1493 2221 in
1507 2193 1685 2222 nascen-

302 2251 417 2294 tibus
434 2250 621 2309 parvulis
636 2265 781 2294 sanam
796 2285 806 2303 ‚
832 2258 882 2293 ut
900 2249 1057 2294 Christi
1080 2264 1168 2292 non
1190 2248 1381 2292 habeant
1401 2249 1684 2292 neeessariam

302 2324 347 2365 in
370 2321 442 2365 illa
471 2330 598 2365 aetate
620 2320 895 2365 medicinam.
921 2322 1119 2378 Agnosce
1141 2319 1272 2377 igitur
1302 2319 1346 2362 in
1373 2327 1451 2363 tuo
1484 2318 1685 2377 dogmate

304 2405 464 2436 nomen
496 2401 618 2435 tuum
640 2426 652 2445 ‚
677 2400 719 2435 et
747 2389 981 2435 Catholicis
1014 2405 1037 2433 a
1059 2389 1217 2448 quibus
1246 2388 1511 2444 confutaris,
1535 2388 1683 2432 desine

352 2499 358 2514 ¹
386 2492 464 2523 Psal.
498 2503 537 2532 c,
559 2503 587 2524 ι.
613 2509 652 2514 -
680 2499 692 2514 ²
710 2491 789 2523 Vide
818 2491 875 2523 lib.
907 2502 939 2523 iu
967 2493 1065 2533 Oper.
1096 2490 1222 2533 imperf.
1253 2500 1325 2532 cap.
1361 2501 1435 2523 101.
1460 2506 1501 2514 --
1521 2489 1535 2513 ³
1568 2489 1685 2521 Coloss.

303 2558 325 2583 ιἾ
363 2548 412 2579 13.
