1804 3205
290 225 341 251 υΕ
373 224 541 253 ,ximus
575 228 624 255 Ετ
657 228 1024 261 CONCtPIs'CEN'rlA,
1062 235 1143 262 Lus.
1186 238 1210 261 ι.
1367 230 1451 268 209

66 288 347 333 verumetiam
371 299 420 335 ut
448 303 697 338 renascatur
719 314 727 339 :
753 296 943 342 nascitur
967 313 1158 359 namque
1180 301 1232 345 ad
1257 316 1450 361 posnam,

64 356 144 401 nisi
164 361 480 407 renascaturad
495 364 642 409 vitam.
659 367 784 412 Fides
806 376 966 425 autem,
983 384 1072 415 non
1089 371 1265 431 qualem
1288 374 1454 419 habent

62 427 175 472 inter
202 444 246 474 se
273 432 402 477 etiam
437 433 635 480 infideles
658 437 843 483 zelantes
873 455 1063 486 carnem.
1090 443 1195 496 Quis
1217 445 1332 488 enim
1354 446 1420 490 vir
1440 482 1451 501 ‚

62 498 303 558 quamlibet
339 503 496 564 impius
519 541 529 561 ⁷
565 506 660 552 vult
698 508 936 556 adulteram
976 528 1155 558 uxorem
1189 515 1324 560 ?Aut
1356 532 1455 576 quae

62 568 236 625 mulier,
262 575 504 632 quamlibet
525 577 673 637 impia,
701 579 793 625 vult
817 583 1065 629 adulterum
1087 585 1229 631 virum
1253 588 1271 630 P
1295 589 1388 632 Hoc
1412 588 1455 632 in

61 642 285 688 connubio
322 644 487 690 bonum
522 650 720 695 naturale
746 661 809 696 cst
843 654 1021 714 quidem
1047 691 1057 711 ,
1093 657 1266 702 carnale
1289 668 1450 703 tamen.

63 711 148 756 Sed
172 714 414 761 membrum
437 718 596 764 Christi
619 723 813 781 conjugis
836 724 1098 771 adulterium
1123 729 1299 788 conjugi
1323 729 1479 775 debet.

64 782 214 828 timere
233 819 243 839 ‚
269 802 358 831 non
383 788 462 832 sibi
488 810 498 845 3
520 799 563 834 et
594 806 617 835 a
645 793 818 839 Christo
851 810 1023 854 sperare
1058 799 1159 842 fidei
1190 800 1419 859 praemium
1442 835 1454 855 ‚

60 870 193 914 quam
241 858 416 904 exhibet
459 863 648 922 conjugi.
687 866 1013 912 Sacramentum
1045 886 1146 915 vero
1167 906 1177 925 ‚
1217 872 1337 930 quod
1377 887 1457 916 nec

60 928 244 986 separati
282 945 362 975 nec
392 930 622 978 adulterati
656 937 900 993 amittunt,
938 942 1145 1001 conjuges
1178 943 1458 987 concorditer

61 1007 266 1060 casteque
287 1001 550 1048 custodiant.
584 1005 734 1050 Solum
758 1017 822 1053 est
850 1010 964 1053 enim
995 1012 1115 1071 quod
1149 1012 1280 1056 ctiam
1311 1014 1455 1057 sterile

59 1071 313 1130 conjugium
357 1082 475 1118 tenet
512 1076 611 1134 jure
653 1077 822 1135 pietatis
852 1114 862 1134 ,
909 1081 1001 1140 jam
1041 1098 1115 1142 spe
1155 1083 1456 1128 loeeunditatis

74 1140 225 1186 amissa
259 1153 438 1204 propter
465 1160 598 1205 quam
621 1145 764 1193 fuerat
787 1150 1058 1209 copulatum.
1078 1156 1182 1198 Haec
1205 1155 1317 1200 bona
1342 1171 1457 1215 nup-

62 1211 177 1257 tialia
198 1213 347 1259 laudet
367 1216 411 1260 in
437 1218 617 1277 nuptiis,
639 1220 714 1280 qui
742 1220 921 1267 laudare
950 1225 1047 1269 vult
1086 1227 1274 1285 nuptias.
1306 1228 1457 1272 Carnis

61 1292 206 1328 autem
236 1288 588 1347 eoncupiscentia
627 1306 715 1335 non
751 1303 815 1337 est
855 1295 1017 1354 nuptiis
1051 1296 1309 1356 imputanda
1338 1333 1348 1353 ,
1382 1299 1455 1342 sed

61 1353 301 1400 toleranda.
337 1360 435 1403 Non
468 1368 532 1403 est
561 1361 675 1405 enim
710 1378 761 1406 ex
799 1366 984 1410 naturali
1015 1369 1242 1413 connubio
1280 1369 1457 1414 veniens

60 1424 251 1483 bonum,
277 1427 352 1472 sed
385 1445 434 1473 ex
466 1432 647 1491 antiquo
681 1444 860 1492 peccato
892 1437 1094 1483 accidens
1125 1439 1303 1484 malum.

122 1498 218 1540 XX.
243 1501 424 1558 Propter
446 1500 559 1546 hanc
582 1517 686 1562 ergo
706 1504 780 1559 fit,
805 1515 853 1550 ut
874 1507 1002 1551 etiam
1025 1508 1080 1552 de
1097 1510 1225 1569 justis
1248 1520 1291 1554 et
1313 1510 1459 1569 legiti-

60 1567 140 1610 mis
153 1568 318 1627 nuptiis
330 1569 520 1615 filiorum
544 1572 636 1628 Dei,
659 1589 748 1618 non
764 1575 839 1619 filii
858 1578 950 1632 Dei,
973 1577 1048 1622 scd
1066 1578 1142 1623 filii
1157 1580 1304 1624 saeculi
1324 1596 1456 1639 gene-

59 1646 212 1683 rentur
232 1656 242 1684 :
265 1639 367 1699 quia
382 1641 467 1685 etii
485 1642 561 1702 qui
578 1655 804 1702 generant,
823 1647 855 1691 si
866 1648 954 1707 jam
971 1652 1212 1708 regenerati
1233 1660 1350 1706 sunt,
1369 1668 1457 1697 non

59 1722 110 1752 ex
132 1709 216 1754 hoc
239 1721 449 1770 generant
471 1728 520 1757 ex
543 1729 632 1774 quo
655 1715 733 1759 filii
757 1718 831 1761 Dei
853 1729 956 1764 sunt
977 1755 988 1775 ‚
1022 1720 1098 1764 sed
1126 1737 1175 1765 ex
1198 1738 1287 1782 quo
1314 1723 1457 1767 adhuc

60 1778 137 1824 filii
158 1782 320 1827 saeculi,
349 1785 574 1830 Dominica
598 1787 762 1846 quippe
785 1792 999 1835 sententia
1024 1801 1085 1836 est
1116 1812 1124 1837 ε
1156 1812 1174 1833 (ι
1204 1793 1302 1838 Filii
1329 1796 1458 1854 hujus

64 1866 85 1889 »
111 1853 257 1895 saeculi
279 1864 504 1910 generant,
525 1865 568 1899 et
583 1867 847 1914 generantur
863 1863 892 1904 ¹.
920 1880 933 1899 ι)
956 1863 1019 1905 Ex
1036 1878 1125 1922 quo
1143 1863 1290 1924 itaque
1309 1880 1457 1909 sumus

62 1918 207 1965 adhuc
229 1920 305 1965 filii
327 1922 457 1983 hujus
479 1926 624 1969 saeculi
643 1961 654 1980 ‚
683 1929 866 1973 exterior
883 1931 1016 1975 homo
1042 1942 1188 1977 noster
1210 1936 1456 1994 corrumpi-

63 1993 179 2047 tui-2,
205 2008 256 2036 ex
271 1993 360 2037 -hoc
384 2003 427 2038 et
455 1995 587 2055 hujus
608 1997 754 2041 saeculi
774 1998 849 2042 filii
875 2012 1154 2059 generantur,
1175 2020 1255 2049 nec
1281 2005 1355 2050 filii
1380 2007 1455 2050 Dei

60 2061 144 2106 nisi
165 2066 630 2122 regenerenturfiunt³
653 2086 660 2111 :
683 2067 758 2112 sed
774 2084 824 2113 ex
842 2086 931 2130 quo
951 2087 1100 2117 sumus
1123 2074 1200 2118 filii
1222 2076 1316 2130 Dei,
1342 2077 1456 2121 inte-
1504 2086 1514 2095 “’

62 2132 149 2177 rior
175 2134 230 2177 de
264 2133 333 2179 die
357 2135 400 2179 in
424 2136 539 2180 diem
564 2147 812 2183 renovatur.
843 2143 1050 2195 Quamvis
1082 2154 1123 2188 et
1155 2145 1246 2204 ipse
1274 2147 1458 2191 exterior

62 2217 139 2262 per
166 2202 388 2249 lavacrum
410 2208 749 2265 regenerationis
765 2212 1056 2257 sanctificatus
1085 2216 1154 2269 sit,
1182 2225 1223 2259 et
1241 2232 1360 2275 spem
1387 2217 1458 2260 fu-

62 2281 172 2318 turae
198 2274 535 2335 incorruptionis
571 2281 785 2337 acceperit
800 2315 810 2334 ,
835 2292 1014 2340 propter
1035 2285 1155 2343 quod
1178 2295 1220 2329 ct
1244 2287 1454 2346 templum

62 2344 140 2388 Dei
161 2348 316 2390 merito
345 2345 505 2390 dicitur
530 2366 539 2392 :
570 2367 590 2390 «
615 2350 808 2408 Conpora
835 2360 974 2396 vestra
993 2388 1003 2404 ,
1029 2354 1175 2413 inquit
1193 2358 1426 2415 Apostolus
1445 2395 1454 2413 ,

65 2432 85 2456 »
108 2415 319 2474 templum
349 2417 393 2461 in
430 2418 551 2462 vobis
577 2419 760 2478 Spiritus
781 2422 916 2464 sancti
951 2433 1015 2467 est
1034 2458 1044 2478 ‚
1071 2441 1202 2484 quem
1234 2427 1405 2472 habetis
1427 2447 1447 2472 a

112 2524 121 2539 ¹
142 2520 219 2550 Luc.
237 2530 289 2559 xit,
304 2518 356 2560 31.
379 2537 417 2544 ——-
441 2527 452 2541 ²
473 2528 491 2553 2
514 2522 575 2553 Cor
621 2532 665 2562 iv,
689 2521 737 2553 16.
757 2539 795 2545 —-
817 2521 829 2545 3
860 2524 935 2557 Vide
954 2524 1009 2558 lib.
1031 2537 1050 2558 n
1070 2527 1110 2559 de
1141 2530 1309 2562 Peccator.
1345 2534 1445 2562 Melit.

65 2583 136 2615 cap.
157 2583 189 2615 9.

226 2638 340 2668 exhi.
1225 2642 1234 2676 t
1251 2638 1266 2675 ἐ-
