1804 3205
313 228 473 259 comm
509 230 614 262 ntus
645 233 777 263 imam.
812 233 1040 263 numm.
1076 235 1158 263 Lm.
1195 237 1224 262 1.
1384 224 1468 266 407

82 295 199 341 tibus
219 304 262 340 et
281 295 584 341 insidiantibus
602 312 753 343 eorum
774 299 942 359 scriptis
961 298 1180 344 medentia
1203 308 1246 344 et
1267 303 1471 347 munien-

82 366 140 411 tia
169 366 325 426 scripta
358 368 653 426 praetcndam3
685 370 845 430 quibus
874 371 1013 415 rabies
1044 386 1130 430 qua
1161 371 1360 428 furiunt,
1397 383 1471 418 aut

82 436 212 481 etiam
236 437 325 496 ipsa
346 447 540 493 sanetur,
566 448 642 483 aut
669 454 690 484 a
714 439 924 485 laedendis
947 440 1038 485 aliis
1058 441 1307 500 repellatur.

143 509 224 552 111.
264 510 364 552 llaec
397 518 542 553 autem
571 525 670 570 quae
704 511 874 555 duabus
900 511 1087 571 epistolis
1115 527 1265 556 eorum
1296 528 1476 572 respon-

83 576 190 635 deo;
220 579 295 623 uni
320 579 481 625 scilicet
505 596 638 642 quam
670 581 832 626 dieitur
860 586 1044 627 Romam
1073 583 1235 627 misisse
1257 583 1473 641 Julianus,

83 648 216 693 credo
238 657 286 693 ut
309 664 387 709 per
409 650 525 695 illam
547 686 558 707 ‚
585 666 694 711 quos
717 662 888 712 posset,
913 667 1011 698 suos
1033 662 1108 697 aut
1132 653 1345 698 inveniret
1365 690 1376 708 ,
1403 666 1479 701 aut

82 718 268 777 laceret,
293 720 415 765 alteri
440 731 587 766 autem
617 739 749 783 quam
774 723 924 768 decom
952 734 995 768 et
1019 733 1119 769 octo
1144 724 1265 768 velut
1292 728 1479 786 episcopi

83 790 314 850 participes
332 793 425 850 ejus
443 794 598 837 erroris
615 828 625 847 ‚
647 809 737 838 non
756 795 810 839 ad
827 793 1045 855 quoslibet
1058 830 1068 849 ,
1087 795 1160 838 sed
1177 795 1232 838 ad
1249 795 1330 840 loci
1351 796 1483 855 ipsius

83 861 338 921 episcopum
360 878 438 908 sua
461 863 698 909 calliditate
720 865 1001 922 tentandum,
1023 876 1064 910 et
1084 866 1137 910 ad
1156 881 1253 910 suas
1270 877 1428 926 partes,
1448 870 1482 913 si

83 942 228 992 posset
248 933 366 988 fieri,
392 935 712 980 traducendum
735 971 747 990 ‚
774 937 865 981 ausi
887 946 988 981 sunt
1013 936 1358 981 Thessalonicam
1382 940 1486 982 scri—

83 1002 187 1047 bere
209 1023 219 1049 2
239 1004 333 1049 baec
355 1019 457 1062 ergo
480 1021 580 1065 quae
604 1007 694 1051 istis
715 1041 726 1061 ‚
755 1016 805 1050 ut
828 1006 942 1061 dixi,
969 1006 1138 1050 duabus
1169 1007 1360 1065 epistolis
1385 1007 1485 1052 illo-

84 1089 183 1119 rum
203 1109 214 1129 ,
247 1076 326 1119 ista
354 1075 648 1134 disputatione
673 1075 915 1136 respondeo
935 1111 946 1131 ,
976 1075 1029 1120 ad
1063 1085 1183 1120 tuam
1212 1077 1482 1135 potissimum

85 1143 271 1203 dirigere
289 1145 580 1201 sanctitatem,
598 1156 790 1191 nontam
807 1145 1011 1191 discenda
1027 1162 1158 1207 quam
1175 1148 1458 1192 examinanda
1471 1184 1481 1203 ,

89 1224 134 1260 et
155 1216 230 1259 ubi
255 1215 434 1261 forsitan
456 1216 622 1277 aliquid
645 1216 936 1276 displicuerit,
962 1216 1234 1261 emendanda
1257 1219 1477 1262 constitui.

84 1285 301 1331 Indicavit
329 1287 444 1331 enim
475 1288 583 1331 mihi
611 1286 744 1332 frater
765 1302 902 1341 meus,
928 1288 1049 1347 quod
1072 1302 1141 1331 eas
1174 1287 1237 1330 illi
1264 1289 1366 1332 dare
1388 1290 1478 1348 ipse

83 1355 285 1415 dignatus
307 1372 350 1402 es
370 1391 381 1412 ‚
407 1373 508 1418 quae
531 1359 574 1402 in
598 1367 692 1402 tuas
714 1373 868 1402 manus
887 1392 897 1412 ‚
925 1358 1006 1402 nisi
1029 1357 1355 1417 vigilantissima
1377 1358 1479 1402 dili-

85 1428 232 1487 gentia
252 1429 438 1473 fratrum
468 1438 714 1474 nostrorum
745 1429 935 1473 filiorum
968 1438 1145 1474 tuorum
1163 1464 1175 1484 ‚
1209 1430 1357 1474 venire
1390 1445 1478 1474 non

83 1499 265 1558 possint.
286 1502 382 1559 Ago
399 1509 546 1545 autem
565 1500 719 1558 gratias
737 1499 1034 1544 sincerissimae
1051 1500 1095 1542 in
1113 1514 1191 1544 nos
1208 1499 1475 1544 benevolen-

83 1568 155 1614 tiae
183 1577 297 1625 tuae,
326 1570 449 1630 quod
473 1584 543 1614 eas
571 1584 641 1614 me
662 1570 796 1614 latere
817 1570 997 1615 noluisti
1018 1569 1182 1614 litteras
1202 1569 1478 1614 inimicorum

83 1639 231 1698 gratiae
259 1641 362 1694 Dei,
388 1641 434 1684 in
458 1640 617 1700 quibus
639 1641 835 1699 reperisti
858 1655 1019 1685 nomen
1042 1655 1190 1684 meum
1212 1640 1480 1685 calumniose

83 1720 216 1771 atque
249 1712 473 1757 evidenter
508 1727 772 1771 expressum.
812 1713 897 1757 Sed
934 1726 1060 1771 spero
1091 1710 1147 1755 de
1175 1711 1362 1755 Domino
1390 1713 1481 1755 Deo

82 1792 233 1828 nostro
247 1817 259 1837 ‚
284 1783 407 1843 quod
428 1797 517 1827 non
539 1783 631 1826 sine
653 1781 852 1826 mercede
874 1797 974 1841 quae
998 1781 1044 1825 in
1066 1781 1186 1825 coelis
1210 1789 1273 1824 est
1288 1815 1299 1836 ,
1324 1780 1387 1824 illi
1409 1795 1480 1824 me

83 1852 278 1898 lacerant
298 1852 429 1898 dente
452 1852 682 1908 maledico,
709 1852 869 1912 quibus
891 1866 961 1896 me
982 1867 1062 1911 pro
1083 1850 1289 1911 parvulis,
1314 1865 1369 1895 ne
1391 1849 1478 1895 fal-

82 1924 165 1969 laci
183 1923 402 1969 laudatori
421 1923 595 1983 Pelagio
612 1922 771 1983 perditi
788 1923 1094 1982 relinquantur
1109 1958 1120 1978 ,
1140 1923 1216 1967 sed
1234 1922 1375 1966 veraci
1391 1921 1477 1967 sal-

83 1996 223 2041 vatori
245 1994 418 2041 Christo
439 1993 653 2039 liberandi
675 1993 934 2048 offerantur,
959 1999 1151 2052 op‘pono.

144 2068 220 2111 IV.
253 2068 350 2110 Jam
375 2066 522 2126 itaque
547 2065 710 2110 Juliani
737 2064 1075 2124 respondeamus
1102 2062 1295 2123 epistolae
1321 2080 1330 2107 ε
1356 2081 1376 2105 ι(
1400 2063 1476 2107 Di-

84 2145 208 2191 cunt,
233 2135 392 2196 inquit,
416 2135 479 2179 illi
499 2135 759 2190 Manichaei,
784 2135 944 2195 quibus
965 2135 1099 2178 modo
1120 2148 1210 2178 non
1232 2133 1479 2177 eommuni-

85 2222 252 2262 camus,
271 2206 317 2251 id
333 2215 412 2261 est,
433 2207 513 2251 toti
531 2206 600 2251 isti
619 2221 719 2250 eum
737 2205 900 2265 quibus
919 2204 1212 2258 dissentimus,
1233 2203 1334 2262 quia
1351 2202 1479 2261 primi

85 2278 274 2324 hominis
294 2286 489 2338 peccato,
514 2277 560 2322 id
583 2287 662 2332 est,
678 2278 803 2329 Adae,
821 2276 1009 2320 liberum
1034 2275 1262 2318 arbitrium
1287 2273 1477 2333 perierit,

11 2363 18 2372 ’
86 2357 132 2394 et
151 2363 280 2393 nemo
301 2349 392 2408 jam
414 2356 675 2407 potestatem
698 2346 857 2390 habeat
878 2345 991 2388 bene
1009 2343 1183 2388 vivendi
1202 2378 1213 2398 ‚
1236 2343 1311 2387 sed
1333 2357 1482 2387 omnes

87 2420 134 2464 in
149 2428 378 2479 peccatum
393 2419 533 2463 earnis
550 2433 639 2462 suae
657 2417 911 2462 necessitate
927 2423 1154 2474 cogantur.
1178 2432 1198 2455 »
1218 2413 1483 2459 Maniehaeos

90 2489 283 2550 appellat
308 2489 560 2544 catholicos,
591 2503 712 2533 more
739 2486 856 2531 illius
885 2485 1121 2537 Joviniani,
1147 2485 1222 2545 qui
1248 2493 1348 2528 antc
1374 2499 1484 2542 pau-

89 2576 161 2607 cos
194 2577 330 2608 annos
358 2561 589 2607 haereticus
621 2574 786 2613 novus⁷
821 2557 1111 2616 virginitatem
1135 2564 1303 2615 sanctae
1333 2554 1481 2598 Mariae
