1804 3205
324 228 376 253 uz
410 226 547 258 ΛΜΜΛ
584 234 635 260 ΕΤ
669 235 763 263 Esus
796 241 990 282 otricum,
1028 246 1108 273 Lus.
1145 251 1170 273 ι.
1370 246 1451 283 284⁹

61 285 270 344 fatentur,
296 295 513 340 mutabilis
532 308 609 343 est.
633 303 729 346 Non
752 319 855 364 ergo
875 308 930 352 de
948 309 1039 369 ipso
1059 314 1160 372 quia
1183 330 1269 360 non
1291 329 1353 363 est.
1376 322 1452 366 im-

60 359 280 405 mutabilis
297 362 527 425 sicutipse.
557 370 598 414 Si
618 382 763 418 autem
783 378 837 420 de
854 378 972 426 nulla
995 398 1040 426 re
1057 382 1137 428 alia
1157 385 1270 432 facta
1290 400 1368 445 est,
1397 393 1451 435 dc

58 428 195 474 nihilo
216 430 330 478 faeta
345 444 408 479 est
426 440 577 494 procul
601 442 754 500 dubio,
781 449 854 491 sed
877 451 932 494 ab
949 452 1054 512 ipso.

119 502 168 545 V.
209 521 228 544 «
255 505 384 556 Quod
406 523 508 554 vero
523 526 616 556 eam
641 530 728 560 non
744 520 959 579 spiritum,
977 525 1051 570 sed
1067 542 1222 589 corpus
1239 547 1327 577 esse
1349 552 1450 581 con-

59 571 197 616 tendit
224 592 232 617 :
257 593 276 615 »
302 577 409 636 quid
427 578 545 625 aliud
565 583 657 629 vult
673 586 860 646 etlicere,
882 610 1014 653 quam
1033 613 1109 643 nos
1131 615 1219 645 non
1238 618 1288 647 ex
1307 607 1447 651 anima

56 650 100 685 et
120 658 316 703 corpore,
342 648 417 692 sed
440 666 490 694 cx
508 653 682 700 duobus
703 659 769 703 xe!
800 663 926 708 etiam
953 667 1090 712 tribus
1121 683 1317 718 constare
1349 693 1446 721 cor-

55 714 258 771 poribus?
280 719 393 763 Cum
416 722 533 767 enim
557 727 734 785 spiritu,
770 734 939 791 anima,
975 748 1017 782 et·
1041 756 1222 801 corpore.
1251 757 1447 792 constare

52 799 131 828 nos
153 785 273 843 dicit,
296 799 339 834 et
361 795 506 838 omnia
529 796 621 842 haee
640 801 720 845 tria
741 818 921 863 corpora
941 824 1030 854 esse
1048 815 1193 859 asserit
1212 837 1222 873 3
1250 819 1446 876 profecto

50 869 101 898 ex
121 857 258 903 tribus
276 864 533 922 corporibus
548 884 625 913 nos
645 881 768 929 putat
787 890 876 920 esse
892 892 1156 940 compactos.
1180 889 1226 929 ln
1245 904 1329 946 qua
1348 891 1443 948 opi-

47 925 178 971 nione
206 942 369 989 quanta
392 950 491 980 eum
517 951 725 1000 sequatur
752 947 1017 1006 absurditas,
1049 954 1110 997 illi
1144 959 1288 1014 potius
1311 976 1441 1018 quam

50 996 127 1040 tibi
150 998 539 1052 demonstrandum
563 1021 685 1069 puto.
714 1017 876 1061 Verum
897 1021 975 1065 iste
995 1023 1227 1071 tolerabilis
1244 1045 1363 1075 error
1382 1044 1444 1077 cst

48 1067 259 1127 hominis,
300 1077 377 1134 qui
413 1079 612 1125 nondum
640 1088 847 1144 cognovit
875 1106 965 1136 esse
990 1095 1172 1156 aliquid,
1199 1102 1319 1159 quod
1342 1120 1439 1149 cum

45 1152 202 1198 corpus
226 1157 315 1188 non
337 1146 416 1202 sit,
449 1153 641 1210 corporis
674 1164 818 1202 tamen
847 1163 1083 1220 quamdam
1112 1169 1440 1219 similitudinem

45 1223 193 1268 gerere
216 1216 362 1273 possit.

105 1283 180 1326 VI.
219 1284 335 1330 lllud
358 1288 486 1346 plane
505 1295 602 1352 quis
621 1296 748 1353 ferat,
774 1305 894 1360 quod
918 1306 961 1350 in
983 1313 1176 1357 seeundo
1194 1314 1320 1372 libro,
1339 1337 1439 1364 eum

43 1354 328 1409 quaestionem
357 1359 661 1411 difficillimam
695 1370 861 1417 solvere
894 1391 1125 1426 conaretur
1157 1385 1211 1428 de
1241 1389 1439 1447 originali

41 1433 242 1480 peccato,
284 1438 500 1486 quatenus
530 1435 584 1478 ad
620 1452 776 1498 eorpus
812 1446 1090 1509 animamque
1128 1457 1341 1512 pertineat
1361 1494 1371 1513 ,
1405 1462 1438 1504 si

39 1493 180 1538 anima
202 1511 290 1541 non
313 1499 368 1542 de
391 1505 644 1559 parentibus
674 1512 876 1569 trahitur,
903 1517 979 1562 sed
1003 1536 1023 1564 a
1050 1524 1138 1568 Deo
1163 1541 1274 1571 nova
1298 1530 1438 1574 insuf-

38 1563 191 1622 flatur,
218 1566 329 1612 hane
352 1585 455 1629 ergo
478 1582 565 1619 tam
581 1579 808 1626 molestam
832 1595 874 1630 et
895 1595 982 1631 tarn
1007 1593 1271 1649 profundam
1296 1598 1437 1645 nitens

37 1634 226 1681 enodare
242 1641 524 1698 quaestionem
554 1666 560 1690 :
591 1666 610 1689 «
631 1652 803 1708 Merito,
830 1655 990 1717 inquit,
1011 1676 1088 1720 per
1110 1680 1301 1721 earnem,
1328 1672 1436 1727 pris-

36 1720 131 1750 cam
168 1719 339 1768 reparat
374 1713 699 1776 habitudinem,
732 1740 862 1783 quam
900 1730 986 1774 visa
1034 1732 1176 1780 fuerat
1218 1739 1435 1800 paulisper

36 1776 225 1823 amisisse
242 1796 318 1839 per
333 1799 524 1841 carnem,
546 1799 594 1833 ut
610 1806 687 1849 per
704 1809 797 1838 eam
815 1797 992 1857 incipiat
1008 1807 1185 1859 renasci,
1207 1823 1284 1866 per
1301 1827 1432 1869 quam

36 1859 255 1894 meruerat
277 1851 512 1913 inquinari.
535 1876 555 1898 n
575 1861 724 1905 Cernis
746 1879 904 1925 nempe
927 1869 1146 1917 hominem
1164 1891 1315 1922 ausum
1340 1895 1432 1924 sus-

34 1917 177 1975 cipere
206 1922 325 1980 quod
356 1925 465 1969 vires
494 1928 584 1986 ejus
613 1934 804 1989 excedit,
834 1937 878 1980 in
908 1948 995 1983 tam
1018 1941 1207 1990 immane
1229 1951 1430 2009 praecipi-

35 1988 141 2033 tium
167 1990 392 2048 decidisse,
419 2006 468 2040 ut
491 1997 655 2045 diceret
678 2004 897 2064 inquinari
919 2012 1107 2059 animam
1131 2021 1337 2065 meruisse
1356 2038 1432 2081 per

32 2075 204 2105 carnem
220 2083 230 2119 3
251 2080 350 2109 cum
368 2064 512 2112 dicere
534 2071 657 2117 nullo
672 2076 803 2120 modo
820 2081 965 2137 possit,
988 2085 1107 2129 unde
1123 2087 1206 2133 hoe
1225 2092 1426 2135 meritum

34 2131 210 2175 traxerit
233 2143 333 2178 ante
354 2151 546 2183 carnem.
575 2142 616 2186 Si
641 2144 754 2189 enim
781 2162 802 2190 a
819 2152 1113 2214 carneineipit
1129 2160 1332 2205 meritum
1352 2162 1429 2206 ha-

32 2198 135 2242 bere
164 2204 350 2259 peccati,
383 2205 499 2252 dicat
534 2209 567 2253 si
597 2222 754 2269 potest,
783 2219 902 2263 unde
925 2232 1025 2267 ante
1043 2237 1269 2284 peccatum
1300 2247 1426 2276 suum

31 2283 161 2314 carne
185 2275 393 2319 meruerit
414 2277 645 2337 inquinari.
676 2286 782 2329 Nam
807 2288 889 2333 hoc
918 2294 1120 2338 meritum
1150 2314 1239 2356 quo
1262 2300 1306 2343 in
1335 2318 1429 2346 ear-

31 2354 132 2384 nem
147 2345 432 2400 peccatricem
445 2349 570 2395 missa
585 2362 664 2407 est,
681 2355 1043 2417 utinquinaretur
1055 2366 1206 2423 exilia,
1230 2371 1427 2428 profecto

31 2419 107 2454 aut
128 2426 179 2455 ex
198 2416 426 2475 semetipsa
448 2419 626 2476 habuit,
654 2434 754 2480 aut,
787 2429 907 2485 quod
938 2447 1039 2477 vero
1075 2437 1215 2483 multo
1242 2443 1428 2501 amplius

32 2481 256 2539 abhorret,
285 2502 338 2530 ex
361 2489 464 2533 Deo.
492 2493 556 2535 Ex
585 2508 715 2538 carne
746 2498 909 2560 quippe
937 2505 1141 2550 meritum
1167 2525 1255 2555 non
1287 2516 1427 2570 potuit

34 2551 192 2597 hahere
208 2565 308 2600 ante
330 2574 522 2616 carnem,
547 2579 636 2621 quo
659 2567 814 2614 merito
829 2570 1096 2631 inquinanda
1114 2580 1358 2627 mitteretur
1381 2585 1423 2628 in

172 2637 287 2668 exn.
1191 2655 1237 2689 lit
