1675 3257
206 264 288 302 370
647 269 681 298 s.
718 268 948 297 Accus'mm
980 269 1161 296 EPISCOPI

205 359 226 382 »
245 338 321 384 sed
342 353 442 399 quae
463 337 669 397 praecepit
689 334 769 380 tibi
791 334 1001 379 Dominus
1015 368 1026 389 ,
1050 333 1124 379 illa
1145 323 1288 393 cogita
1308 347 1475 394 semper
1490 335 1535 379 ¹?
1559 352 1579 377 »

200 412 364 455 Verum
394 410 478 454 hoc
511 423 636 453 nosse
657 406 814 465 cupio,
839 413 913 450 aut
943 405 998 449 ab
1030 405 1121 464 ipso
1145 407 1235 450 Deo
1269 405 1430 450 sciente
1464 404 1586 466 quod

199 491 341 537 creat,
362 489 438 525 aut
457 480 588 524 etiam
605 479 659 522 ab
688 477 834 537 aliquo
855 476 987 521 docto
1009 477 1169 521 sciente
1191 476 1311 537 quod
1334 475 1471 532 dicat,
1495 491 1586 522 non

198 553 253 597 ab
276 553 453 597 homine
470 551 689 596 nesciente
706 548 825 609 quod
843 548 1032 593 anhelat.
1060 547 1296 593 Infantiam
1318 563 1440 593 suam
1463 548 1585 608 quis-

197 639 284 684 que
305 638 395 667 non
414 621 587 677 recolit,
607 630 650 665 et
666 627 793 680 putas
809 619 1031 664 hominem
1052 618 1133 662 nisi
1154 622 1243 664 Deo
1261 618 1445 664 docente
1461 633 1585 678 posse

195 707 482 751 cognoscere,
519 692 638 736 unde
668 691 713 734 in
738 690 885 734 matris
913 698 1039 734 utero
1061 689 1206 734 vivere
1236 690 1444 749 eoeperit,
1469 704 1584 748 prae·-

195 764 343 809 sertim
365 764 399 808 si
424 779 564 823 usque
587 762 696 808 adeo
717 761 843 806 illum
868 760 1012 806 adhuc
1034 759 1168 805 lateat
1188 761 1380 805 humana
1402 770 1580 817 natura,

199 844 249 879 ut
272 851 361 879 non
384 833 524 879 solum
551 834 659 894 quid
683 834 799 877 intus
829 833 990 877 habeat
1007 867 1018 886 ,
1049 847 1202 877 verum
1229 833 1358 876 etiam
1389 830 1497 892 quid
1529 829 1585 876 ad

197 921 292 951 eam
319 906 557 950 forinsecus
579 904 772 959 accedat,
800 905 1000 964 ignoret?
1030 907 1189 959 Ita-ne,
1216 902 1506 959 dilectissime,
1535 912 1585 947 tu

196 992 266 1020 me
286 975 462 1020 docebis
480 985 556 1020 aut
574 990 842 1036 quemquam
856 1010 871 1030 ,
891 974 1008 1019 unde
1025 975 1223 1019 homines
1247 983 1474 1019 nascentes
1495 974 1584 1018 ani·

193 1056 392 1102 mentur,
432 1047 509 1106 qui
544 1047 762 1090 nesciebas
802 1045 947 1090 adhuc
976 1061 1115 1105 usque
1145 1044 1264 1089 unde
1300 1045 1493 1090 viventes
1524 1043 1583 1089 sic

194 1117 395 1170 alantur,
430 1126 481 1160 ut
513 1115 589 1160 illo
621 1115 828 1160 alimento
858 1114 1088 1174 paululum
1120 1116 1343 1160 subtracto
1375 1114 1583 1160 continuo

194 1187 462 1231 moriantur?
484 1190 549 1230 Tu
570 1202 639 1230 me
661 1187 836 1230 docebis
855 1196 930 1231 aut
946 1202 1230 1247 quemquam,
1248 1186 1367 1230 unde
1384 1186 1582 1230 homines

191 1257 454 1312 animentur,
467 1259 543 1316 qui
558 1257 777 1300 nesciebas
798 1256 942 1301 adhuc
961 1272 1101 1317 usque
1119 1257 1236 1301 unde
1255 1266 1388 1312 utres,
1403 1256 1582 1316 quando

188 1327 415 1382 inflantur,
432 1327 721 1387 impleantur?
738 1327 909 1372 Utinam
925 1327 1297 1388 quemadmodum
1313 1327 1448 1371 nescis
1463 1327 1582 1371 unde

190 1399 308 1456 origo
332 1399 386 1442 sit
408 1399 673 1454 animarum,
698 1398 756 1442 sic
779 1413 859 1457 ego
886 1397 1036 1443 saltem
1060 1399 1214 1442 scirem
1236 1407 1384 1442 utrum
1406 1398 1512 1441 mihi
1535 1397 1579 1440 in

186 1469 268 1512 hac
302 1468 390 1513 vita
417 1467 643 1515 sciendum
673 1478 798 1512 esset.
835 1469 877 1514 Si
911 1469 1025 1512 6111111
1049 1484 1099 1512 ex
1126 1467 1209 1512 illis
1242 1477 1305 1512 est
1326 1467 1576 1523 altioribus,

186 1555 286 1598 quae
308 1540 527 1597 inquirere
548 1541 817 1599 scrutarique
842 1540 1147 1598 prohibemur,
1172 1538 1415 1583 timendum
1439 1548 1502 1582 est
1523 1552 1580 1582 ne

187 1610 270 1653 hoc
291 1644 302 1664 ,
337 1624 427 1653 non
460 1609 725 1667 ignorando,
762 1609 838 1653 sed
871 1610 1110 1669 quaerendo
1147 1625 1386 1669 peccemus.
1427 1612 1579 1669 Neque

188 1680 302 1724 enim
325 1689 552 1739 propterea
581 1696 668 1724 11011
698 1696 787 1724 6336
809 1680 863 1724 (16
894 1680 979 1725 illis
1007 1680 1232 1725 altioribus
1260 1691 1413 1740 putare
1442 1680 1578 1724 debe-

186 1764 304 1804 mus,
330 1750 433 1809 quia
455 1766 544 1794 non
567 1749 622 1794 ad
644 1752 718 1794 Dei
742 1760 942 1794 naturam
965 1752 1174 1810 pertinet,
1192 1750 1267 1794 sed
1290 1751 1344 1794 ad
1365 1759 1573 1795 nostram.

244 1823 322 1864 VI.
358 1821 474 1873 Quid
496 1821 616 1880 quod
638 1820 851 1866 nonnulla
877 1822 924 1865 in
948 1822 1151 1882 operibus
1172 1823 1278 1879 Dei,
1309 1837 1441 1882 quam
1464 1825 1577 1866 Deus

186 1892 277 1951 ipse
298 1927 309 1946 ,
334 1892 377 1935 in
401 1902 616 1952 quantum
639 1894 843 1952 cognosci
868 1902 1036 1953 potest,
1062 1893 1283 1937 difficilius
1305 1908 1579 1952 cognoscun-

186 1965 285 2007 tur?
307 1966 416 2009 Nam
447 1963 676 2008 didicimus
705 1968 843 2009 Deum
874 1980 965 2009 esse
989 1965 1269 2020 Trinitatem,
1295 1975 1403 2025 quot
1432 1974 1577 2009 autem

188 2034 438 2078 animalium
462 2050 619 2093 genera
641 2036 871 2091 creaverit,
907 2035 1058 2080 saltem
1088 2037 1382 2093 terrestrium,
1408 2053 1507 2097 quae
1532 2036 1577 2080 in

188 2120 329 2148 arcam
351 2107 443 2149 Noe
476 2105 636 2149 intrare
667 2116 937 2165 potuerunt,
973 2108 1117 2152 adhuc
1144 2124 1282 2167 usque
1311 2109 1526 2152 nescimus
1540 2109 1572 2151 ².

187 2175 276 2221 Nisi
299 2176 383 2220 1106
412 2185 459 2220 tu
477 2177 566 2236 jam
590 2176 702 2221 forte
724 2177 927 2221 didicisti.
962 2181 1013 2221 In
1044 2177 1158 2223 libro
1188 2180 1317 2222 etiarn
1348 2179 1576 2238 Sapientiae

187 2247 394 2305 scripturn
414 2257 478 2291 est
500 2267 509 2292 ι
535 2267 554 2290 α
580 2248 621 2292 Si
638 2249 754 2291 enim
774 2258 946 2292 tantum
963 2257 1203 2307 potuerunt
1217 2249 1361 2294 valere
1375 2284 1386 2304 ,
1410 2258 1460 2294 ut
1477 2264 1576 2308 pos-

193 2336 211 2357 »
233 2327 327 2361 sent
349 2318 558 2361 aestimare
582 2318 791 2362 saeculum
825 2338 834 2363 2
865 2318 1087 2378 quomodo
1116 2320 1205 2379 ejus
1228 2320 1463 2364 Dominum
1486 2335 1576 2364 non

191 2405 212 2428 »
234 2387 402 2432 facilius
426 2389 687 2433 invenerunt
705 2392 748 2434 3?
773 2411 790 2431 »
817 2393 884 2434 An
908 2390 1010 2449 quia
1032 2391 1113 2434 hoc
1136 2391 1248 2434 intra
1268 2407 1345 2435 nos
1367 2400 1451 2446 est,
1476 2390 1574 2435 ideo

189 2474 279 2502 non
302 2458 429 2502 altius
451 2461 576 2503 nobis
598 2463 688 2504 cst?
710 2461 894 2504 Interior
912 2462 1027 2504 enim
1050 2470 1113 2505 est
1135 2462 1290 2505 animae
1311 2471 1469 2506 nostrae
1493 2478 1574 2506 na-

190 2538 286 2572 tura
310 2545 439 2588 quam
464 2546 634 2590 corpus.
665 2532 796 2583 Quasi
818 2547 920 2576 vero
943 2547 1098 2591 corpus
1120 2533 1261 2592 ipsum
1294 2547 1384 2577 non
1405 2531 1573 2578 facilius

241 2620 246 2634 ¹
266 2613 364 2646 Eccli.
385 2624 433 2653 111,
450 2623 503 2646 2¹2.
519 2631 559 2637 —-
572 2621 585 2636 2
603 2617 683 2647 Gen.
704 2625 757 2654 vn,
777 2615 808 2648 8.
823 2632 862 2638 —
881 2614 894 2638 3
917 2618 991 2658 Sap.
1013 2627 1080 2656 xiii,
1098 2628 1130 2659 9.
