1804 3205
517 240 570 266 ma
603 239 742 266 GESTls
776 235 960 266 remon.
1384 229 1438 267 89

56 301 173 355 loco,
206 321 225 343 «
252 303 581 348 Anathematizo
606 305 699 349 illos
721 305 795 364 qui
818 304 876 348 sic
900 311 1049 348 tenent
1069 338 1079 356 ‚
1106 312 1181 348 aut
1203 302 1438 363 aliquando

57 381 308 417 tenuerunt.
346 393 363 412 n
399 375 635 419 Sullbccrat
661 376 820 430 diccrc,
849 377 925 436 qui
956 376 1014 418 sic
1049 384 1228 432 tenent3
1258 385 1304 419 ut
1339 391 1438 420 eum

54 444 326 489 crederemus
359 460 447 489 esse
481 456 754 491 correctum:
780 462 879 491 cum
911 462 1012 492 vero
1040 445 1223 501 addidit,
1256 456 1330 491 aut
1360 446 1439 491 ali-

53 515 230 574 quando
260 525 521 575 tenuerunt3
552 519 740 577 primum
770 533 900 577 quam
929 518 1083 577 injuste
1113 516 1320 562 damnare
1355 518 1437 561 im-

52 587 228 631 meritos
247 603 374 632 ausus
392 599 470 641 est,
496 591 572 649 qui
595 589 684 643 illo,
710 605 841 650 quem
861 590 948 633 sive
969 589 1074 643 aliis,
1100 590 1188 634 sive
1215 590 1304 648 ipso
1333 588 1438 633 doc-

54 665 144 700 tore
166 656 422 713 didicerant,
449 675 592 704 errore
613 663 872 704 caruerunt?
889 659 1053 704 Deinde
1065 660 1161 720 quis
1176 675 1345 716 eorum,
1361 661 1435 720 qui

51 742 150 771 cum
174 729 251 773 ista
274 745 361 774 non
381 730 521 774 solum
545 731 780 791 aliquando
806 734 990 776 tenuisse
1007 767 1016 785 ,
1037 746 1186 776 verum
1206 732 1336 776 etiam
1355 731 1437 775 do-

51 800 187 842 cuisse
210 812 442 856 noverunt,
469 818 556 847 non
581 804 733 847 merito
755 804 1012 862 suspicetur,
1034 803 1234 848 simulate
1254 804 1436 847 anathe-

51 871 268 914 matizassv
292 873 366 931 qui
390 873 481 917 haec
505 883 653 917 tonent
671 909 680 927 ‚
706 889 805 918 cum
827 874 978 918 eodem
999 873 1130 918 modo
1148 874 1437 917 anathemati-

49 954 144 982 zare
166 956 253 984 non
276 942 493 987 dubitavit
515 945 590 1002 qui
616 946 704 988 haec
729 944 966 1004 aliquando
986 954 1241 999 tenuerunt,
1268 946 1312 988 in
1335 945 1436 1004 qui-

52 1011 130 1053 bus
151 1028 249 1056 eum
275 1014 413 1072 ipsum
434 1015 779 1059 recordabuntur
796 1016 1048 1073 magistrum
1067 1017 1084 1060 P
1108 1019 1236 1072 Ecce,
1262 1026 1312 1060 ut
1334 1015 1438 1060 alios

50 1091 212 1127 taceam
235 1119 245 1138 ,
269 1085 500 1128 'I'imasium
517 1095 560 1130 et
578 1086 791 1130 Jacobum
805 1121 815 1140 ,
835 1087 994 1146 quibus
1010 1086 1168 1142 oculis,
1187 1103 1273 1148 qua
1294 1087 1436 1132 fronte

47 1155 283 1213 conspiciet
304 1191 314 1210 ,
338 1171 437 1200 suos
456 1166 499 1200 et
519 1156 763 1212 dilectores,
787 1167 830 1202 et
852 1158 1088 1217 aliquando
1110 1158 1361 1218 discipulos,
1382 1158 1436 1203 ad

46 1240 154 1284 quos
187 1224 349 1269 librum
372 1228 550 1286 scripsi,
580 1229 656 1271 ubi
681 1228 793 1272 libro
822 1230 913 1288 ejus
944 1229 1146 1287 respondi
1174 1249 1182 1273 :
1211 1230 1286 1288 qui
1320 1238 1436 1273 certe

45 1296 417 1354 quemadmodum
449 1299 555 1341 mihi
587 1299 898 1357 rescripserint,
933 1300 1164 1342 tacendum
1194 1309 1237 1342 et
1275 1309 1434 1358 praete-

46 1367 261 1410 reundum
295 1383 383 1411 non
420 1370 600 1425 putavi3
634 1369 707 1413 sed
738 1369 985 1428 exemplum
1015 1368 1258 1414 litterarum
1287 1370 1435 1414 subter

46 1437 247 1481 annexui.

104 1510 304 1551 XLVIII.
335 1509 516 1553 Domino
539 1524 639 1553 vere
662 1509 922 1564 beatissimo,
949 1518 992 1554 et
1014 1511 1167 1554 merito
1196 1511 1434 1555 venerabili

45 1579 154 1638 patri
170 1579 372 1637 episcopo
390 1581 636 1638 Augustino
650 1584 683 1634 ²²,
704 1581 911 1624 Timasius
928 1589 971 1624 et
987 1581 1176 1626 Jacobus
1188 1582 1232 1625 in
1248 1582 1434 1627 Domino

44 1649 242 1693 salutem.
268 1669 287 1691 «
312 1653 373 1693 Ita
391 1665 469 1694 nos
485 1651 636 1695 refecit
655 1659 696 1695 et
712 1652 920 1696 recreavit
940 1654 1075 1711 gratia
1094 1653 1171 1696 Dei
1194 1653 1435 1697 ministrata

45 1736 121 1779 per
148 1720 330 1764 verbum
367 1730 508 1776 tuum,
545 1731 593 1765 ut
630 1737 802 1781 prorsus
831 1737 1035 1781 germane
1063 1722 1257 1766 dicamus
1283 1739 1290 1763 :
1318 1723 1436 1767 Misit

45 1791 227 1835 verbum
257 1806 382 1835 suum
405 1827 415 1844 ‚
448 1801 490 1836 et
527 1793 690 1836 sanavit
724 1807 795 1836 eos
816 1796 860 1846 2,
904 1793 1086 1836 Domine
1116 1794 1362 1838 beatissime
1392 1803 1435 1837 et

45 1862 198 1905 merito
230 1862 486 1906 venerabilis
522 1873 659 1922 pater.
704 1865 814 1906 Sane
851 1878 900 1906 ea
939 1863 1164 1920 diligentia
1206 1863 1434 1907 ventilasse

44 1934 316 1976 sanctitatem
352 1942 468 1975 tuam
503 1942 666 1976 textum
707 1932 902 1991 ejusdem
931 1932 1065 1976 libelli
1100 1934 1353 1992 reperimus,
1385 1943 1435 1978 ut

45 2004 99 2046 ad
129 2002 321 2061 singulos
349 2004 489 2062 apices
524 2019 724 2063 responsa
764 2003 932 2048 reddita
963 2014 1229 2063 stupeamus,
1264 2006 1352 2049 sive
1389 2006 1433 2049 in

45 2073 111 2116 his
144 2089 244 2133 quae
274 2072 490 2128 refutare,
522 2073 752 2128 detestari,
784 2089 832 2117 ac
864 2073 1015 2132 fugere
1044 2075 1195 2119 deceat
1225 2076 1433 2121 Christia-

47 2159 177 2201 num3
203 2145 292 2187 sive
313 2145 357 2187 in
377 2143 475 2198 illis,
500 2145 544 2188 in
567 2144 728 2204 quibus
756 2160 844 2188 non
873 2145 973 2189 satis
999 2146 1220 2190 invenitur
1241 2161 1430 2204 errasse3

42 2214 256 2274 quamvis,
294 2214 437 2258 nescio
462 2230 548 2274 qua
573 2214 824 2269 calliditate,
860 2215 906 2258 in
935 2215 1033 2274 ipsis
1055 2232 1232 2276 quoque
1252 2217 1431 2274 gratiam

45 2286 120 2329 Dei
143 2284 326 2330 credidit
355 2286 727 2344 supprimendam.
757 2286 843 2331 Sed
867 2302 1006 2330 unum
1035 2297 1115 2341 est,
1136 2288 1256 2348 quod
1282 2303 1359 2332 nos
1387 2288 1433 2331 in

45 2366 166 2400 tanto
194 2357 406 2401 beneficio
433 2358 566 2402 afficit
587 2393 597 2411 ‚
631 2359 736 2417 quia
764 2358 883 2402 tarde
928 2358 1010 2402 hoc
1044 2368 1132 2402 tam
1176 2359 1431 2417 praeclarum

45 2427 192 2484 gratiae
223 2427 295 2470 Dei
336 2442 492 2471 munus
524 2428 702 2472 effulsit.
739 2429 781 2472 Si
812 2427 990 2488 quidem
1023 2429 1206 2488 contigit
1233 2430 1431 2473 absentes

46 2497 137 2540 fieri
164 2496 392 2555 quosdam,
427 2513 616 2557 quorum
648 2498 832 2542 caecitati
854 2498 932 2542 ista
967 2507 1054 2544 tam
1085 2501 1323 2559 perspicua
1358 2514 1430 2542 ve-

94 2588 100 2603 ·
122 2582 204 2613 Vide
222 2581 276 2612 lib.
296 2582 336 2613 de
353 2583 471 2614 Natura
487 2587 519 2615 et
537 2585 626 2616 Grat.
642 2601 680 2607 —
700 2590 711 2605 ²
733 2583 810 2614 Psal.
832 2593 896 2623 cvr,
917 2591 970 2615 20.
