1784 3205
316 216 399 257 204
746 224 779 256 s.
816 224 1046 254 Aneus'rml
1081 223 1260 252 Emscom

315 296 427 342 servi
445 296 672 356 accipiens,
697 297 821 356 cujus
844 294 996 338 formae
1016 302 1215 353 parentes
1233 291 1386 335 erant?
1410 288 1495 335 Sed
1509 303 1611 333 cum
1627 287 1702 334 illo

316 384 405 414 non
427 369 666 414 seminante
687 367 760 411 illa
782 366 1030 426 peperisset,
1062 364 1257 424 profecto
1285 378 1365 407 nec
1395 361 1528 422 ipsius
1553 360 1704 406 forma²

315 441 426 487 servi
447 449 646 500 parentes
667 440 797 483 ambo
819 446 975 492 essent,
1000 437 1081 481 nisi
1102 436 1214 481 inter
1232 451 1275 480 se
1300 435 1430 479 etiam
1454 433 1545 478 sine
1567 434 1705 478 carnis

321 513 628 562 commixtione
658 512 864 571 conjuges
901 518 1057 554 essent.
1090 508 1214 553 Unde
1242 516 1285 552 et
1313 507 1440 550 series
1464 506 1708 566 generatio-

319 600 443 640 num,
465 599 565 629 cum
590 592 788 643 parentes
810 581 967 626 Christi
992 580 1263 625 connexione
1283 578 1564 623 successionis
1587 591 1707 621 com-

320 664 635 709 memorantur,
675 668 814 713 usque
839 651 893 696 ad
921 652 1080 709 Joseph
1109 650 1252 709 potius
1281 650 1392 694 sicut
1420 648 1585 693 factum
1619 657 1707 703 est,
1759 643 1768 652 ³

322 726 465 770 fuerat
487 724 765 784 perducenda
784 726 793 748 ¹
813 745 823 780 3
853 738 908 766 ne
929 722 973 766 in
997 722 1072 766 illo
1094 721 1314 780 conjugio,
1337 719 1450 765 virili
1478 719 1598 764 sexui
1621 721 1711 763 uti·-

322 813 408 857 que
430 796 589 856 potiori
610 796 733 839 fieret
757 794 930 854 injuria,
956 809 1056 838 cum
1082 793 1249 837 veritati
1278 790 1386 836 nihil
1406 792 1581 850 periret,
1610 790 1710 850 quia

323 884 373 913 ex
391 868 556 913 semine
574 867 727 922 David,
748 882 797 910 ex
820 882 908 926 quo
922 874 1132 911 venturus
1154 864 1390 925 praedictus
1412 872 1475 908 est
1492 862 1710 917 Christus,

323 949 366 983 et
387 940 548 998 ,loseph
571 947 662 983 erat
684 947 726 982 et
743 938 894 982 Maria.

383 1013 509 1055 XIII.
544 1011 685 1054 Omne
702 1010 849 1068 itaque
876 1009 1128 1067 nuptiarum
1149 1007 1315 1051 bonum
1338 1003 1566 1064 impletum
1584 1013 1650 1067 est
1671 1005 1715 1048 in

258 1084 261 1086 ’
327 1081 408 1125 illis
431 1081 683 1140 parentibus
705 1080 882 1134 Christi,
903 1079 1061 1139 proles,
1089 1077 1211 1132 fides,
1240 1085 1576 1133 sacramentum.
1607 1078 1717 1119 Pro-

325 1152 409 1195 lem
439 1152 740 1210 cognoscimus
772 1142 913 1209 ipsum
944 1149 1181 1194 Dominum
1211 1150 1360 1192 ‚Iesum
1391 1147 1555 1192 :fidem
1575 1181 1585 1200 ‚
1617 1146 1718 1205 quia

326 1222 499 1266 nullum
532 1221 794 1265 adulterium
819 1240 826 1265 ε
849 1229 1188 1274 sacramentum,
1232 1218 1334 1278 quia
1364 1217 1536 1261 nullum
1571 1216 1718 1261 divor-

327 1293 597 1356 tiumsSolus
612 1293 672 1336 ibi
689 1291 895 1351 nuptialis
911 1291 1171 1336 concubitus
1189 1288 1391 1343 nonfuit,
1409 1290 1511 1348 quia
1527 1288 1571 1331 in
1589 1302 1719 1332 carne

328 1365 494 1424 peccati
528 1364 621 1407 fieri
646 1378 733 1408 non
759 1371 930 1422 poterat
953 1362 1043 1405 sine
1065 1360 1136 1404 illa
1163 1360 1303 1404 carnis
1327 1359 1534 1419 pudenda
1557 1374 1721 1403 concu-

326 1434 550 1494 piscentia,
572 1448 671 1494 quae
690 1432 845 1477 accidit
866 1447 915 1475 ex
939 1440 1133 1490 peccato,
1160 1431 1251 1475 sine
1271 1445 1357 1489 qua
1375 1429 1546 1488 concipi
1561 1429 1716 1483 voluit,

327 1504 404 1564 qui
426 1503 600 1548 futurus
623 1512 713 1548 erat
731 1503 821 1547 sine
844 1511 1038 1562 peccato,
1059 1501 1206 1546 nonin
1221 1516 1350 1544 carne
1372 1500 1553 1559 peccati,
1580 1498 1655 1543 sed
1677 1498 1722 1542 in

327 1574 608 1620 similitudine
650 1576 789 1619 carnis
825 1574 991 1633 peccati
1009 1576 1025 1598 2
1064 1592 1071 1616 ε
1105 1581 1154 1616 ut
1192 1572 1295 1616 hinc
1343 1571 1470 1615 etiam
1515 1570 1719 1625 doceret,

327 1661 502 1690 omnem
526 1661 625 1706 quae
648 1645 702 1689 de
720 1645 958 1689 concubitu
984 1644 1191 1696 nascitur,
1215 1657 1388 1686 carnem
1413 1656 1503 1685 esse
1525 1641 1721 1699 peccatifg

328 1717 689 1777 quandoquidem
724 1716 813 1760 sola
844 1731 943 1776 quae
965 1729 1054 1758 non
1076 1713 1178 1758 inde
1196 1722 1298 1758 nota
1319 1722 1396 1767 est,
1416 1727 1505 1756 non
1523 1710 1606 1755 fuit
1624 1726 1723 1756 caro

328 1781 515 1848 peccati(
535 1788 742 1841 Quamvis
761 1785 1000 1846 conjugalis
1024 1785 1284 1830 concubitus
1307 1784 1384 1845 qui
1407 1784 1455 1828 fit
1477 1783 1724 1828 intentione

331 1859 582 1919 generandi,
618 1874 707 1903 non
737 1859 790 1902 sit
822 1858 912 1916 ipse
946 1865 1172 1917 peccatum
1199 1875 1207 1900 :
1235 1857 1337 1916 quia
1374 1856 1488 1900 bona
1522 1853 1724 1899 voluntas

330 1932 478 1986 animi,
505 1940 758 1992 sequentem
778 1929 915 1983 ducit,
942 1944 1030 1973 non
1055 1928 1288 1973 ducentem
1310 1928 1506 1986 sequitur
1534 1925 1725 1985 corporis

331 2001 600 2060 voluptatem
618 2022 629 2059 3
656 2017 736 2046 nec
756 2002 999 2045 humanum
1022 2000 1249 2044 arbitrium
1262 1999 1449 2043 trahitur
1464 1998 1726 2058 subjugante

332 2081 527 2131 peccato,
548 2086 646 2115 cum
659 2073 774 2131 juste
795 2071 1006 2128 redigitur
1024 2070 1068 2112 in
1084 2085 1209 2113 usum
1230 2068 1462 2127 generandi
1485 2068 1611 2128 plaga
1627 2081 1724 2127 pec-

332 2143 432 2186 cati.
456 2143 595 2201 Hujus
612 2141 751 2201 plagae
769 2141 948 2200 quidam
968 2140 1159 2198 pruritus
1181 2140 1224 2182 in
1244 2138 1558 2183 adulteriorum
1577 2147 1619 2182 et
1636 2137 1726 2182 for-

333 2214 603 2258 nicationum
628 2223 670 2256 et
693 2211 992 2271 quorumlibet
1009 2220 1259 2270 stuprorum
1282 2219 1414 2269 atque
1430 2209 1726 2253 immunditia-

334 2300 428 2328 rum
454 2283 727 2328 foeditatibus
749 2292 901 2342 regnat
920 2304 931 2340 3
958 2283 1001 2326 in
1027 2282 1347 2327 connubiorum
1368 2297 1471 2327 vero
1489 2280 1726 2326 necessitu-

334 2353 510 2398 dinibus
525 2355 668 2399 servit.
698 2354 764 2398 lbi
783 2353 837 2397 de
856 2353 1034 2398 domino
1052 2352 1127 2397 tali
1144 2352 1369 2410 turpitudo
1388 2351 1638 2406 damnatur,
1655 2351 1725 2394 hic

335 2423 388 2468 dc
407 2425 662 2484 pedissequo
687 2424 759 2468 tali
780 2426 982 2468 honestas
1005 2423 1339 2469 verecundatur.
1375 2425 1472 2467 Non
1502 2431 1565 2466 est
1591 2421 1725 2479 igitur

336 2496 428 2539 haec
441 2494 576 2540 libido
594 2497 844 2554 nuptiarum
859 2496 1039 2548 bonum,
1061 2493 1135 2539 sed
1153 2494 1413 2538 obscoenitas
1427 2492 1718 2551 peccantium,

385 2587 393 2603 ¹
415 2580 525 2611 Matth.
548 2591 571 2619 ι,
595 2580 644 2621 16,
667 2584 697 2611 et
718 2581 792 2611 Luc.
818 2591 868 2620 ιιι,
885 2581 925 2611 9¹3
958 2596 996 2601 ψ·
1011 2586 1022 2601 ²
1043 2581 1132 2610 Rom.
1154 2589 1222 2617 vm,
1245 2578 1273 2609 3.
