1784 3205
313 220 396 258 238
746 227 780 257 s.
817 228 1047 256 mausum
1080 228 1260 256 zmscom

311 296 392 339 nisi
419 310 495 354 per
523 298 661 339 Deum
682 310 840 355 corpus
856 328 867 349 ,
899 293 995 353 quis
1020 294 1211 352 ambigat
1233 293 1572 340 foecunditatem
1609 297 1700 340 Deo

307 366 405 425 jure
431 366 642 425 reputari.
666 384 686 406 »

370 437 496 479 XIII.
539 438 641 479 Post
661 435 755 478 haec
777 449 876 492 quae
899 433 1108 477 veraciter
1134 442 1177 478 et
1194 433 1408 478 catholice
1429 434 1546 478 dicta
1571 444 1699 489 sunt,

312 505 401 550 imo
428 505 474 549 in
496 504 652 549 divinis
673 504 793 548 libris
819 503 1030 548 veraciter
1056 504 1214 563 scripta
1233 539 1245 559 ‚
1265 519 1355 549 non
1372 512 1519 548 autem
1545 503 1599 547 ab
1620 503 1704 548 isto

310 575 528 620 catholice
562 575 679 620 dicta
700 583 802 619 sunt
820 609 830 629 ‚
856 575 959 635 quia
981 589 1071 619 non
1100 575 1345 619 intentione
1374 574 1578 619 catholici
1598 588 1704 633 pec·

311 646 414 690 toris
435 646 551 690 dicta
578 655 681 691 sunt
703 667 714 703 3
731 648 823 705 jam
847 654 1022 704 propter
1052 644 1173 704 quod
1195 660 1243 689 ea
1266 645 1391 699 dixit,
1418 644 1647 702 Pelagiana
1664 654 1709 689 et

310 714 570 759 Coelestiana
611 716 785 760 haeresis
826 714 983 774 incipit
1013 715 1250 759 introduci.
1295 717 1495 774 Namque
1528 713 1708 758 attende

311 786 433 844 quod
465 786 663 845 sequitur
690 805 700 831 ι
741 804 758 826 «
797 788 863 829 Tu
883 800 988 830 vero
1008 820 1019 840 ,
1046 786 1218 845 inquit,
1248 785 1325 844 qui
1359 784 1465 829 dicis
1492 803 1503 830 ι
1532 787 1709 844 Eosque

311 855 366 898 de
388 855 640 914 parentibus
668 854 1064 915 qualibuscumque
1093 864 1330 899 nascantur
1350 888 1362 910 ,
1383 870 1474 900 non
1498 869 1710 914 negamus

310 924 455 970 adhuc
487 941 577 970 esse
615 926 699 970 sub
730 924 935 981 diabolo,
973 926 1055 970 nisi
1090 934 1372 970 renascantur
1406 925 1453 969 in
1484 924 1659 970 Christo
1696 941 1707 968 ε

310 996 490 1040 ostende
508 1011 611 1055 ergo
634 996 777 1054 nunc,
782 995 895 1056 quid
909 1011 1038 1040 suum
1061 994 1264 1041 diabolus
1286 1004 1519 1054 cognoscat
1528 994 1575 1039 in
1594 994 1704 1039 sexi-

311 1067 408 1122 bus,
434 1083 511 1126 per
531 1068 653 1127 quod
680 1068 875 1112 fructum
903 1082 1054 1112 eorum
1071 1102 1082 1122 ,
1112 1077 1163 1111 ut
1185 1067 1294 1111 dicis
1312 1101 1322 1122 ‚
1339 1068 1437 1127 jure
1458 1065 1677 1127 possideat
1692 1099 1705 1120 ,

309 1137 603 1181 diversitatem
635 1152 817 1182 sexuum
838 1139 857 1182 P
877 1137 963 1195 sssed
991 1138 1085 1182 haec
1114 1138 1161 1181 in
1194 1137 1450 1196 corporibus
1479 1146 1544 1181 est
1569 1171 1581 1192 ,
1606 1150 1708 1195 quae

310 1209 425 1251 Deus
443 1207 562 1251 fecit.
589 1208 955 1252 Commixtionem
976 1209 994 1249 ⁶!
1016 1209 1094 1252 sed
1115 1223 1206 1253 non
1227 1209 1371 1252 minus
1392 1205 1710 1252 benedictionis

309 1291 442 1336 quam
464 1277 746 1321 institutionis
758 1276 987 1336 privilegio
998 1277 1365 1322 vindicatur.Vox
1386 1278 1503 1321 enim
1521 1277 1598 1321 Dei
1619 1284 1706 1320 est:

313 1366 334 1389 «
367 1347 604 1408 Relinquet
629 1349 765 1392 homo
786 1358 956 1407 patrem
973 1358 1018 1393 et
1040 1358 1226 1393 matrem
1249 1357 1292 1393 et
1315 1349 1557 1393 adhaerebit
1581 1346 1708 1392 uxori

311 1437 331 1460 >›
368 1435 473 1475 suae,
493 1429 538 1464 et
558 1429 689 1464 erunt
709 1419 798 1464 duo
815 1420 862 1464 in
883 1436 1014 1464 carne
1037 1435 1126 1464 una
1140 1422 1304 1465 ¹.»Vox
1320 1420 1398 1465 Dei
1419 1429 1484 1464 est
1504 1438 1515 1464 :
1544 1438 1565 1462 «
1585 1420 1709 1464 Cres-

311 1507 332 1531 »
367 1491 468 1544 cite,
497 1500 540 1534 et
560 1490 941 1549 multiplicamini,
966 1501 1010 1535 et
1031 1491 1194 1550 replete
1215 1500 1375 1535 terram
1394 1494 1427 1534 2.
1458 1511 1477 1532 »
1502 1494 1573 1535 An
1589 1490 1705 1534 forte

309 1561 447 1619 ipsam
480 1561 816 1606 foecunditatem
845 1562 862 1602 ‘3
887 1561 972 1606 Sed
999 1562 1092 1621 ipsa
1125 1571 1189 1606 est
1212 1561 1401 1607 instituti
1427 1576 1557 1606 causa
1594 1575 1708 1606 con-

302 1631 429 1691 jugii.
468 1650 488 1673 ι)

254 1762 256 1764 v
366 1704 485 1747 XIV.
507 1701 639 1746 Vides
657 1701 792 1760 igitur
813 1702 1189 1761 quemadmodum
1212 1717 1291 1747 nos
1308 1703 1571 1761 interroget,
1596 1700 1706 1761 quid

245 1777 253 1787 ⁴·
307 1788 436 1817 suum
472 1772 673 1817 diabolus
702 1782 938 1831 cognoscat
966 1773 1013 1816 in
1044 1774 1212 1817 sexibus
1236 1807 1247 1827 ,
1269 1788 1346 1832 per
1375 1772 1497 1832 quod
1526 1772 1608 1817 sub
1630 1770 1707 1816 illo

308 1845 419 1897 sint,
449 1844 526 1903 qui
548 1842 602 1888 de
625 1843 881 1903 parentibus
903 1844 1300 1903 qualibuscumque
1331 1852 1572 1888 nascuntur
1587 1876 1599 1898 ,
1621 1842 1706 1886 nisi

308 1923 590 1959 renascantur
626 1914 673 1957 in
720 1913 895 1959 Christo
935 1933 944 1958 :
976 1923 1137 1968 ,utrum
1186 1914 1480 1959 diversitatem
1523 1926 1708 1958 sexuum
1742 1959 1744 1962 ,

307 1982 501 2027 dicamus
533 1983 589 2028 ad
620 1983 850 2029 diabolum
888 1984 1105 2043 pertinere
1123 2019 1135 2040 ,
1165 2000 1221 2029 an
1243 1984 1596 2029 commixtionem
1615 2016 1627 2038 ,
1650 1997 1707 2026 an

306 2053 443 2111 ipsam
459 2052 808 2099 foecunditatem.
838 2054 1169 2113 Respondemus
1192 2055 1357 2114 itaque,
1381 2053 1493 2098 nihil
1511 2054 1673 2099 horum
1692 2070 1702 2097 ε

307 2123 409 2183 quia
426 2132 470 2167 et
485 2123 710 2168 diversitas
731 2140 916 2169 sexuum
938 2125 1128 2183 pertinet
1149 2126 1205 2169 ad
1226 2140 1325 2170 vasa
1347 2126 1637 2184 gignentium,
1661 2129 1706 2166 et

308 2194 537 2254 utriusque
559 2195 810 2240 commixtio
833 2193 889 2240 ad
909 2195 1243 2240 seminationem
1266 2195 1455 2254 pertinet
1476 2194 1669 2239 filiorum
1688 2226 1700 2247 ,

308 2272 351 2306 et
371 2264 461 2323 ipsa
483 2262 751 2310 foecunditas
767 2265 824 2310 ad
844 2265 1198 2310 benedictionem
1219 2266 1406 2325 pertinet
1427 2264 1699 2324 nuptiarum.

310 2337 414 2379 Haec
437 2344 583 2379 autem
611 2336 758 2381 omnia
776 2352 829 2381 ex
844 2340 961 2382 Deo:
985 2336 1061 2381 sed
1081 2337 1160 2381 iste
1183 2339 1228 2381 in
1250 2337 1316 2381 his
1341 2336 1546 2382 omnibus
1560 2333 1704 2380 noluit

279 2427 295 2440 ἡ
308 2406 534 2450 nominare
555 2407 955 2467 concupiscentiam
977 2408 1116 2453 carnis
1132 2442 1148 2466 ,
1170 2422 1270 2467 quae
1292 2422 1383 2452 non
1406 2416 1470 2451 est
1497 2422 1522 2451 a
1541 2409 1670 2450 Patre
1686 2437 1699 2459 ‚

309 2475 385 2521 sed
411 2492 461 2521 ex
480 2478 647 2523 mundo
674 2489 741 2523 est
766 2499 777 2537 3
801 2481 926 2540 cujus
945 2478 1100 2524 mundi
1122 2478 1323 2538 princeps
1356 2477 1499 2523 dictus
1519 2485 1584 2522 est
1604 2474 1700 2521 dia-

360 2567 369 2585 ¹
390 2564 471 2595 Gen.
494 2573 529 2603 ιι,
548 2563 603 2605 24.
619 2569 683 2586 —2
706 2564 754 2597 ld.
777 2576 804 2605 1,
824 2567 877 2598 28.
