1804 3205
328 245 381 270 DE
416 242 553 271 AMMA
587 244 638 271 ET
671 244 767 270 mus
799 243 994 282 unicum,
1030 244 1110 270 Lus.
1150 245 1214 269 ιιι.
1381 233 1463 271 343

499 394 1278 412 wmmmmmmmm
1282 396 1421 413 mm
1427 397 1468 413 W!

407 539 593 639 DE
679 533 1152 642 ANIMA

249 767 394 850 ET
465 766 739 851 EJUS
804 765 1289 851 ORIGINE

581 962 808 1013 LIBER
856 963 959 1013 ΙΙΙ.

301 1142 383 1189 ΑΙ)
421 1141 842 1191 YINCENTIUM
882 1139 1238 1187 VICTOREM.

78 1298 340 1345 [mecentio
368 1297 563 1344 Victori
579 1299 843 1353 monstrat,
868 1313 973 1356 (μαι)
996 1312 1188 1342 necesse
1212 1305 1279 1340 esc
1303 1297 1351 1339 ιή
1371 1297 1465 1340 suis

133 1368 192 1413 (le
229 1370 415 1430 origine
443 1369 619 1413 (mc'mce
644 1367 775 1412 libris
801 1369 1042 1422 emendet,
1067 1368 1109 1411 si
1141 1365 1238 1410 vult
1260 1382 1360 1410 esse
1382 1381 1464 1410 ca-

132 1439 335 1485 tholicus
362 1458 372 1484 .·
411 1456 565 1498 eaque
599 1438 923 1499 superioribus
954 1438 1084 1484 libris
1120 1437 1189 1482 acl
1220 1438 1463 1482 Henatum

131 1522 175 1555 ec
199 1511 269 1556 ad
298 1511 624 1572 Petrumjam
653 1510 894 1571 refictata,
920 1510 1009 1554 lzoc
1035 1509 1173 1553 tertio
1196 1509 1267 1553 acl
1293 1508 1462 1552 Picto-

130 1599 230 1628 rem
253 1585 408 1642 ipsum
429 1583 607 1643 scripto
625 1582 906 1644 perstringit
926 1580 1126 1627 breviter
1142 1580 1460 1642 Augustinus,

128 1663 173 1698 ec
195 1652 267 1699 ad
285 1653 508 1700 undecim
528 1669 743 1700 errorum
765 1654 932 1712 capita
955 1661 1162 1698 revocat.

691 1821 852 1835 *OQ-—

127 1949 160 1991 Ι.
196 1948 323 2000 Qt-on
346 1946 452 1990 mihi
481 1945 537 1990 ad
557 1954 600 1990 te
622 1944 902 1990 scribendum
928 1945 1104 2003 putavi,
1130 1945 1214 1989 hoc
1237 1944 1355 2003 prius
1378 1957 1455 1988 co-

67 2019 175 2077 gites
190 2053 202 2073 ‚
227 2017 289 2062 fili
311 2017 587 2062 dilectissime
621 2018 768 2062 Victor
782 2053 796 2072 ,
829 2016 929 2061 volo
946 2052 957 2071 ‚
982 2018 1014 2060 si
1040 2026 1080 2061 te
1100 2026 1424 2061 contemnerem
1439 2052 1451 2072 ‚

65 2103 346 2148 nequaquam
373 2087 420 2132 id
445 2103 515 2131 me
536 2088 667 2132 fuisse
700 2087 933 2132 facturum.
960 2091 1047 2133 Nec
1075 2088 1175 2132 ideo
1203 2097 1348 2132 tamen
1369 2089 1455 2132 hu-

64 2159 247 2204 militate
282 2168 428 2204 nostra
460 2159 520 2203 sic
557 2150 769 2213 abutaris,
807 2168 857 2202 ut
901 2168 1127 2218 propterea
1164 2168 1207 2202 te
1240 2161 1454 2206 existimes

66 2231 357 2290 approbatum
375 2265 386 2285 ‚
418 2230 520 2290 quia
551 2230 690 2274 cernis
717 2245 807 2274 non
840 2229 971 2274 fuisse
1000 2240 1316 2289 contemptum.
1353 2234 1451 2276 Non

65 2301 180 2345 enim
198 2299 470 2360 sequendum
483 2335 494 2355 ‚
515 2299 590 2344 sed
611 2299 917 2357 corrigendum
938 2309 982 2344 te
999 2300 1134 2359 diligo
1156 2319 1164 2344 :
1186 2309 1229 2344 et
1243 2302 1452 2360 quoniam

66 2385 146 2414 nec
176 2370 333 2429 corrigi
358 2385 482 2430 posse
509 2370 714 2429 despero,
745 2369 849 2414 nolo
878 2370 1041 2413 mireris
1073 2385 1142 2413 mc
1170 2379 1450 2417 contemnere

66 2455 156 2485 non
184 2455 307 2499 posse
334 2455 464 2500 quem
487 2439 636 2499 diligo.
665 2439 709 2484 Si
730 2439 847 2483 enim
873 2449 913 2483 te
932 2448 1167 2499 antequam
1185 2442 1308 2486 nobis
1328 2458 1450 2486 com-

66 2512 329 2567 municaoes,
358 2510 534 2568 diligere
567 2511 727 2565 debui,
756 2520 805 2554 ut
838 2525 946 2555 esses
980 2511 1220 2556 catholicus
1247 2533 1255 2557 :
1281 2524 1447 2572 quanto

69 2583 200 2641 magis
217 2585 355 2641 tejam
373 2583 767 2627 communicantem
785 2581 962 2640 diligere
980 2583 1142 2638 debeo,
1164 2600 1217 2627 ne
1236 2585 1289 2627 sis
1309 2600 1446 2628 novus
