1804 3205
527 202 577 229 υιι
609 204 748 231 GESTts
783 206 964 234 ιἘιΛυιι.
1386 202 1438 238 93

61 278 164 321 crgo
198 265 240 307 in
265 265 522 324 hocjudicio
556 271 736 326 protulit
762 273 871 316 lianc
896 272 1128 332 Epistolam
1153 277 1171 316 ἰ’
1198 278 1438 321 secundum

58 349 188 392 quam
213 336 247 378 si
270 337 324 379 ab
346 336 466 380 initio
499 340 731 398 sapuisset,
756 343 877 387 nullo
899 343 1028 388 modo
1051 343 1242 389 fortassis
1260 381 1270 400 ,
1296 345 1395 390 licet
1417 364 1440 391 a
1473 358 1476 362 '

57 403 182 448 bonis
204 404 511 462 fratribus,sed
531 419 674 454 tamen
692 415 966 470 perversitate
983 415 1330 474 disputationum
1350 419 1439 476 ejus

56 475 251 530 offensis,
278 476 331 521 ad
350 479 591 539 episcopale
606 481 820 541 judicium
845 495 1085 530 vocaretur.
1117 491 1250 532 Porro
1273 498 1437 544 autem,

55 545 166 590 sicut
187 562 267 605 ego
290 549 499 593 rationem
525 551 579 595 de
602 552 680 597 liac
712 569 803 597 mea
840 556 1026 614 Epistola
1060 557 1231 601 reddidi
1254 579 1264 615 3
1300 559 1358 602 ita
1387 559 1441 603 de

54 616 157 670 suis,
181 617 414 664 siessetnec
429 635 534 676 esse,
556 623 788 668 redderent
807 641 996 685 quorum
1017 627 1234 687 allegavit,
1249 629 1440 674 dicentes

54 685 122 731 vel
143 687 249 747 quid
266 693 526 748 putaverint,
540 693 606 738 vel
623 694 730 753 quid
744 695 1054 754 ignoraverint,
1075 700 1144 743 vel
1167 717 1253 760 qna
1273 702 1440 746 ratione

53 759 315 817 scripserint.
340 763 526 806 Proinde
560 764 614 807 de
637 766 935 824 quorumlibet
967 779 1216 815 sanctorum
1254 773 1441 817 amicitia

51 830 347 888 sejactaverit,
364 834 660 893 quorumlibet
684 837 739 880 de
756 839 842 881 suis
863 838 1068 885 laudibus
1086 842 1249 886 litteras
1269 843 1437 902 legerit,

50 901 258 960 quoelibet
292 906 558 963 purgationis
586 923 674 951 suae
698 919 813 966 gesta
849 911 1106 968 protulerit,
1144 914 1222 956 nisi
1256 930 1304 957 ea
1342 930 1441 974 quae

51 981 201 1015 contra
222 974 292 1016 Dei
317 975 514 1031 gratiam,
534 993 621 1036 qua
639 993 851 1022 vocamur
866 990 908 1024 et
924 983 1232 1039 justificamur,
1248 985 1441 1042 posuisse

51 1043 95 1085 in
118 1042 238 1087 libris
267 1045 353 1089 suis
376 1046 634 1093 idoneorum
659 1051 831 1094 testium
856 1052 942 1095 fide
962 1054 1190 1112 probatur,
1216 1055 1440 1100 confessus

52 1114 475 1161 anathematizaverit
499 1154 510 1173 ,
537 1135 585 1163 ac
618 1120 778 1164 deinde
800 1132 948 1167 contra
975 1124 1066 1169 haec
1098 1126 1186 1184 ipsa
1223 1128 1441 1187 scripserit

50 1193 93 1229 et
112 1183 424 1244 disputaverit,
446 1204 722 1251 nequaquam
741 1193 806 1236 his
828 1193 986 1253 quibus
1008 1194 1176 1254 plenius
1196 1206 1326 1242 notus
1345 1207 1435 1253 est,

47 1254 266 1302 videbitur
286 1274 373 1303 esse
393 1270 627 1306 correctus.

107 1330 218 1372 LIV.
242 1332 337 1374 Jam
354 1332 485 1387 enim,
507 1349 606 1392 quae
630 1344 725 1391 post
750 1335 831 1379 hoc
845 1336 1060 1394 judicium
1077 1347 1307 1382 consecuta
1332 1339 1434 1394 sint,

47 1414 148 1458 quae
177 1399 288 1444 hanc
310 1403 599 1461 suspicionem
623 1405 754 1463 magis
772 1416 960 1464 augeant
981 1442 992 1461 ,
1024 1423 1113 1451 non
1133 1409 1302 1452 tacebo.
1333 1412 1438 1452 Per-

46 1470 165 1513 venit
182 1471 226 1514 in
250 1486 403 1516 manus
426 1483 591 1518 nostras
615 1475 826 1520 nonnulla
851 1477 1030 1536 epistola
1049 1513 1058 1531 ,
1084 1494 1184 1538 quae
1203 1479 1336 1538 ipsius
1362 1483 1439 1523 Pc-

46 1538 144 1598 lagii
178 1541 429 1598 diceretur,
469 1544 693 1589 scribentis
727 1545 781 1589 ad
812 1547 999 1592 amicum
1036 1564 1163 1592 suum
1200 1548 1436 1608 quemdam

47 1611 354 1669 presbyterum
371 1648 381 1667 ,
407 1615 481 1673 qui
504 1630 603 1658 eum
622 1616 791 1671 litteris,
816 1618 928 1662 sicut
946 1618 1096 1662 eadem
1123 1619 1304 1678 epistola
1327 1636 1436 1664 con-

47 1680 233 1737 tinetur,
260 1683 446 1743 benigne
471 1685 773 1743 admonuerat,
804 1703 859 1732 ne
881 1704 957 1748 per
979 1690 1069 1749 ejus
1096 1691 1367 1734 occasionem
1393 1706 1436 1735 se

46 1751 198 1812 aliquis
216 1769 239 1797 a
257 1770 437 1814 corpore
451 1757 655 1801 Ecclesiae
672 1768 903 1817 separaret.
920 1761 985 1804 Ibi
1009 1762 1122 1805 inter
1144 1771 1317 1817 caetera,
1339 1778 1438 1822 quae

46 1821 231 1867 inserere
254 1823 432 1883 longum
456 1836 534 1882 est,
556 1843 635 1872 nec
659 1843 767 1887 opus
784 1838 863 1883 cst,
883 1830 942 1874 ait
962 1823 1159 1889 Pelagius
1179 1851 1185 1875 :
1204 1851 1223 1873 «
1239 1835 1438 1885 Quatuo-

49 1892 191 1937 decim
214 1896 515 1953 episcoporum
531 1898 742 1941 sententia
765 1897 961 1943 definitio
983 1909 1128 1944 nostra
1153 1902 1437 1960 comprobata

48 1972 126 2017 est,
147 1980 233 2024 qua
255 1966 440 2011 diximus
464 1983 586 2026 posse
610 1968 827 2012 hominem
848 1970 938 2013 sine
956 1981 1135 2029 peccato
1152 1987 1242 2015 esse
1259 2007 1269 2026 ,
1296 1981 1340 2016 et
1362 1972 1436 2016 Dei

48 2034 253 2079 mandata
276 2035 402 2080 facilc
420 2038 637 2082 custodire
668 2040 701 2081 si
724 2038 842 2082 velit.
871 2042 979 2093 Quae
1000 2042 1236 2098 sententia,
1265 2043 1434 2102 inquit,

49 2105 401 2152 contradictionis
424 2123 470 2152 os
492 2109 748 2153 confusione
765 2109 978 2169 perfudit,
1009 2121 1052 2156 et
1070 2128 1245 2156 omnem
1269 2114 1313 2157 in
1344 2129 1438 2159 ma-

48 2175 141 2220 lum
159 2178 476 2237 conspirantem
501 2180 750 2224 societatem
768 2181 822 2224 ab
844 2181 1029 2226 invicem
1053 2185 1281 2242 separavit.
1299 2203 1317 2225 «
1339 2186 1435 2230 Sive

50 2260 152 2306 ergo
178 2249 302 2293 istam
339 2251 563 2309 epistolam
600 2251 796 2309 Pelagius
820 2268 919 2296 vere
950 2254 1194 2313 scripserit,
1229 2256 1316 2299 sive
1353 2256 1436 2300 sub

51 2318 142 2377 ejus
163 2320 339 2364 nomine
362 2336 382 2364 a
413 2336 693 2381 quocumque
724 2324 909 2367 conficta
932 2325 1012 2378 sit,
1040 2326 1136 2384 quis
1158 2341 1247 2369 non
1269 2327 1432 2381 videat,

49 2389 421 2448 quemadmodum
462 2392 531 2436 hic
565 2408 682 2437 error
713 2402 754 2437 et
785 2393 839 2437 de
867 2394 1063 2454 judicio,
1100 2396 1178 2439 ubi
1213 2398 1437 2442 convictus

5 2507 14 2510 ⁶
55 2468 186 2520 atque
208 2461 438 2506 damnatus
453 2471 542 2516 est,
570 2472 775 2523 tanquam
809 2465 863 2507 de
893 2465 1070 2510 victoria
1090 2466 1335 2525 glorietur?
1369 2469 1438 2513 Sic

57 2530 170 2574 enim
187 2532 330 2591 posuit
353 2533 446 2577 haec
471 2533 620 2587 verba,
648 2534 1017 2593 quemadmodum
1036 2535 1243 2595 leguntur
1264 2538 1307 2582 in
1325 2538 1436 2583 libro
