1784 3205
288 229 369 269 304
726 236 757 265 s.
797 235 1026 265 Aucusauu
1061 237 1237 265 emscom

344 308 490 351 xxii.
516 304 683 365 Adjecit
705 304 832 348 etiam
860 302 1034 346 tertium
1058 301 1376 356 testimonium,
1402 301 1504 361 quia
1526 301 1656 359 scrip-

289 386 383 421 tum
400 385 479 431 est,
508 375 632 428 «Qui
662 375 787 433 fingit
819 373 1017 432 spiritum
1043 372 1228 417 hominis
1250 372 1295 416 in
1317 372 1453 430 ipso1.
1490 390 1510 412 »
1536 371 1667 424 Quasi

288 448 372 492 hoc
390 454 598 505 negetur3
622 444 695 489 sed
718 442 834 488 unde
852 457 952 487 eum
967 443 1142 500 fingat2,
1160 442 1242 486 hoe
1254 442 1477 502 quaeritur.
1499 444 1607 485 Nam
1627 449 1668 484 et

288 516 552 577 corporalem
572 515 757 561 hominis
774 514 952 559 oculum
971 514 1067 573 quis
1082 513 1161 557 nisi
1185 516 1296 556 Deus
1318 512 1467 570 fingit?
1486 514 1541 555 Et
1562 520 1669 570 puto

288 589 407 648 quod
440 603 530 631 non
558 587 723 640 extrass,
747 584 822 629 sed
845 585 890 628 in
911 585 1027 643 ipso3
1052 592 1094 627 et
1131 593 1297 637 tamen,
1323 592 1373 626 ut
1394 591 1560 626 certum
1583 590 1666 635 est,

289 676 339 704 ex
356 659 607 719 propagine.
634 660 746 702 Cum
774 670 874 714 ergo
904 664 947 699 et
976 655 1173 713 spiritum
1202 654 1384 697 hominis
1408 653 1452 696 in
1475 653 1568 712 ipso
1590 653 1670 695 fin-

289 738 376 788 gat,
400 728 686 788 quaerendum
704 735 768 771 est
784 735 930 770 utrum
951 740 1062 769 nova
1085 723 1391 777 insufflatione,
1410 738 1464 766 an
1487 731 1670 766 tractum

289 815 338 843 ex
358 798 608 858 propagine.

347 872 513 914 XXIII.
527 869 734 913 Novimus
747 869 874 912 etiam
885 867 1238 912 Machabaeorum
1249 867 1457 925 juvenum
1472 874 1670 917 matrem,

290 939 610 984 foecundiorem
644 938 880 983 virtutibus
915 937 1093 996 quando
1126 937 1203 980 filii
1235 936 1347 996 passi
1370 945 1470 980 sunt
1497 971 1507 988 ‚
1544 949 1672 995 quam

290 1008 470 1053 foetibus
493 1009 671 1068 quando
701 1009 791 1051 nati
814 1017 916 1051 sunt
936 1043 946 1062 ,
969 1023 1041 1051 eos
1060 1008 1118 1051 sic
1146 1006 1274 1050 fuisse
1301 1007 1574 1050 adhortatam
1591 1040 1602 1059 ‚
1627 1014 1675 1048 ut

291 1079 487 1123 diceret:
521 1097 541 1119 «
574 1077 703 1133 Filii,
743 1078 885 1122 neseio
921 1076 1143 1137 quomodo
1176 1077 1374 1135 paruistis
1402 1077 1447 1119 in
1480 1085 1675 1119 ventrem

294 1167 313 1189 »
326 1164 488 1192 meum.
511 1150 662 1207 Neque
691 1149 806 1191 enim
825 1163 903 1206 ego
931 1148 1129 1206 spiritum
1153 1157 1196 1192 et
1217 1149 1404 1192 animam
1423 1147 1580 1191 donavi
1605 1161 1677 1190 vo·

294 1220 414 1274 nbis,
444 1234 524 1264 nec
554 1219 732 1277 singulis
754 1219 875 1263 vobis
903 1217 1051 1262 vultus
1079 1227 1121 1262 et
1143 1219 1336 1262 membra
1356 1218 1537 1262 formavi
1564 1236 1572 1261 ε
1604 1216 1677 1261 sed

293 1308 313 1330 »
327 1293 440 1333 Deus
455 1290 528 1349 qui
548 1288 648 1333 fecit
661 1290 874 1333 mundum
893 1299 937 1333 et
953 1290 1097 1333 omnia
1116 1291 1275 1349 quaein
1293 1305 1343 1334 eo
1358 1298 1476 1344 sunt,
1490 1289 1678 1348 fecitque

294 1378 314 1400 »
327 1360 555 1404 hominum
575 1374 727 1418 genus,
746 1368 789 1403 et
804 1360 999 1404 omnium
1014 1360 1195 1419 inquirit
1213 1369 1375 1415 actum,
1392 1369 1434 1404 et
1455 1360 1545 1419 ipse
1557 1359 1678 1404 vobis

298 1452 313 1472 »
329 1432 526 1490 spiritum
548 1440 590 1475 et
615 1431 803 1475 animam
826 1431 978 1475 reddet
999 1446 1100 1475 curn
1124 1447 1280 1491 magna
1303 1431 1592 1475 misericordia
1614 1433 1674 1473 ³.»

291 1502 495 1546 Novimus
509 1502 601 1545 haec
626 1500 821 1561 quidem,
841 1500 916 1545 sed
936 1502 1036 1545 huic
1058 1501 1282 1561 quomodo
1301 1502 1600 1560 suffragentur
1623 1501 1678 1544 ad

292 1570 335 1615 id
363 1571 484 1631 quod
513 1572 661 1615 asserit
697 1586 786 1615 non
816 1571 1029 1615 videmus.
1061 1573 1165 1624 Quis
1188 1574 1302 1616 enim
1335 1573 1677 1617 Christianorum

291 1650 419 1699 neget
440 1645 577 1685 Deum
601 1641 764 1685 donare
785 1641 1037 1685 hominibus
1063 1642 1249 1685 animam
1272 1652 1314 1686 et
1337 1643 1534 1701 spiritum
1558 1645 1574 1683 ἶ)
1596 1640 1679 1686 Sed

291 1710 445 1754 eodem
481 1710 611 1755 modo
647 1711 842 1754 existimo
876 1712 1006 1755 istum
1042 1727 1200 1770 negare
1233 1727 1321 1756 non
1352 1728 1475 1771 posse
1496 1747 1505 1766 7
1540 1715 1677 1755 Deum

292 1780 455 1824 donare
488 1781 739 1826 hominibus
773 1781 994 1840 linguam,
1032 1798 1179 1826 aurem
1202 1818 1212 1837 ‚
1251 1799 1451 1837 manum,
1489 1784 1644 1842 pedem
1666 1817 1676 1836 ,

292 1866 529 1912 omnesque
546 1853 738 1912 corporis
756 1868 904 1897 sensus
923 1862 965 1897 et
978 1854 1173 1897 omnium
1188 1854 1374 1899 formam
1392 1863 1680 1913 naturamque

292 1922 604 1967 membrorum.
617 1923 848 1976 Quomodo
863 1924 978 1967 enim
998 1925 1090 1968 haee
1106 1925 1182 1969 Dei
1203 1925 1316 1969 dona
1334 1940 1423 1969 esse
1447 1933 1680 1983 negaturus

293 2002 373 2047 est,
390 1993 470 2036 nisi
488 2009 531 2037 se
546 1992 830 2038 obliviscatur
848 2011 936 2038 esse
950 1996 1271 2040 Christianum?
1293 1996 1375 2041 Sed
1392 1997 1500 2040 sicut
1513 2003 1680 2038 constat

293 2077 343 2104 ex
365 2064 602 2121 propagine
626 2064 680 2107 ab
704 2063 779 2107 illo
800 2064 894 2107 haec
919 2064 1012 2107 fieri
1036 2074 1167 2124 atque
1188 2066 1339 2110 donari
1368 2086 1375 2109 ;
1400 2067 1457 2110 ita
1481 2079 1679 2125 quaeren-

290 2130 398 2175 dum
421 2141 485 2175 est
513 2132 640 2175 etiam
659 2167 670 2187 ‚
702 2134 876 2192 spiritus
905 2142 949 2176 et
982 2134 1124 2177 anima
1156 2135 1342 2178 hominis
1375 2135 1492 2178 unde
1523 2135 1577 2178 ab
1606 2134 1681 2178 illo

291 2202 522 2257 efficiatur,
548 2219 570 2246 a
593 2218 681 2262 quo
703 2204 919 2248 efficiente
941 2203 1146 2259 donatur,
1171 2214 1318 2249 utrum
1342 2222 1391 2249 ex
1410 2206 1676 2265 pai·entibuS‚

293 2287 347 2316 an
370 2288 420 2316 ex
434 2272 571 2318 nihilo
588 2294 598 2331 ς
619 2289 672 2317 an
692 2274 813 2332 quod
828 2274 906 2318 iste
923 2275 1125 2330 affirmat,
1147 2276 1223 2320 sed
1241 2276 1357 2319 omni
1373 2275 1504 2320 modo
1523 2291 1679 2320 caven-

292 2341 399 2386 dum
428 2353 512 2398 est,
545 2360 596 2388 ex
627 2344 770 2404 aliqua
800 2345 928 2389 flatus
951 2346 1042 2405 ejus
1070 2346 1278 2390 existente
1303 2355 1480 2401 natura,
1508 2361 1597 2391 non
1625 2344 1679 2388 de

294 2413 429 2457 nihilo
451 2423 610 2468 creata,
631 2414 706 2458 sed
729 2415 783 2458 de
801 2416 928 2475 ipso?

350 2485 511 2528 XXIV.
536 2488 647 2530 Cum
670 2487 800 2543 igitur
825 2488 1147 2546 Scripturarum
1171 2489 1413 2532 testimonia
1433 2504 1530 2547 quae
1555 2503 1676 2532 com«

342 2575 349 2591 ¹
371 2569 465 2602 Zach.
486 2581 542 2611 xn,
568 2581 595 2602 1.
617 2587 654 2593 —
672 2576 682 2594 ²
705 2571 860 2604 Sulmuclt‘
879 2572 987 2615 lingat.
1005 2589 1043 2596 „-
1062 2570 1075 2595 ³
1098 2582 1116 2605 2
1136 2573 1237 2607 Mach-
1259 2585 1317 2614 vn,
1333 2574 1385 2606 32.
