1804 3205
297 227 458 255 CONTRA
499 229 603 255 uuas
637 228 767 256 musr.
806 230 1034 257 Paucum.
1074 229 1151 255 111⁸.
1192 232 1218 256 1.
1378 220 1455 259 427

62 294 123 338 les
144 303 248 338 sunt
267 293 361 337 sine
382 295 586 348 erimine,
613 296 702 338 sine
727 305 902 354 peceato
923 305 1068 339 autem
1097 296 1140 339 in
1165 296 1243 339 hac
1265 297 1353 340 vita
1379 313 1458 341 ne-

63 365 228 408 minem
248 363 453 416 dixerim,
478 365 749 425 quantalibet
774 367 1009 425 Pelagiani,
1025 366 1127 426 quia
1149 366 1242 410 haec
1257 368 1456 423 dicimus,

0 451 5 458 ·
65 435 294 480 adversum
314 451 391 480 nos
407 436 617 481 inflentur
634 446 676 481 et
694 437 1022 496 disrumpantur
1037 437 1201 481 insania
1227 456 1235 482 ;
1254 452 1341 482 non
1357 439 1458 497 quia

61 505 228 566 aliquid
254 507 417 565 peccati
442 516 653 562 remanet,
669 508 789 566 quod
805 509 848 553 in
873 509 1133 568 baptismate
1153 523 1242 553 non
1264 509 1460 553 remitta-

61 586 160 634 tur,
183 578 259 621 sed
276 577 377 638 quia
397 594 419 622 a
441 578 564 623 nobis
586 579 631 622 in
650 579 777 638 liujus
795 580 894 623 vitae
915 580 1166 624 infirmitate
1180 580 1460 624 manentibus=

59 648 256 708 quotidie
280 649 372 693 lieri
404 665 493 694 non
523 650 778 709 quieseunt,
816 667 916 710 quae
943 650 1128 695 fideliter
1164 651 1390 695 orantibus
1418 662 1461 697 et

58 721 396 765 misericorditer
419 723 700 780 operantibus
722 722 919 782 quotidie
944 724 1241 767 remittantur.
1274 725 1378 767 Haec
1397 733 1461 768 est

60 791 162 834 fidei
189 791 417 836 catholicae
436 794 612 846 sanitas,
633 809 764 853 quam
783 803 956 838 sanctus
975 795 1139 854 ubique
1158 794 1342 838 seminat
1361 795 1458 854 Spi-

59 864 186 918 ritus,
212 879 302 908 non
324 864 547 923 pravitatis
573 866 786 910 haereticae
816 867 981 910 vanitas
1003 875 1046 912 et
1073 865 1354 925 praesumptio
1373 866 1461 925 spi-

60 944 184 979 ritus.

121 1007 285 1050 XXIX.
323 1009 418 1050 Jam
450 1006 597 1066 itaque
624 1008 679 1051 de
707 1017 866 1052 caetero
899 1008 1145 1060 videamus,
1170 1005 1459 1065 quemadmo-

60 1076 166 1120 dum
191 1086 338 1136 postea
353 1093 485 1137 quam
497 1078 617 1121 nobis
634 1077 903 1121 calumniose
916 1076 1342 1135 putavitobjieienda
1361 1092 1460 1134 quae

59 1147 298 1202 eredimus,
325 1157 367 1192 et
402 1148 604 1205 fingenda
628 1164 728 1207 quae
756 1164 845 1192 non
870 1148 1104 1201 credimus,
1133 1162 1253 1191 suam
1278 1148 1368 1205 ipse
1389 1147 1458 1191 vel

59 1219 392 1277 Pelagianorum
418 1220 548 1263 fidem
584 1220 855 1278 profiteatur.
886 1238 905 1260 «
930 1220 1107 1262 Contra}
1137 1219 1251 1272 haee,
1284 1218 1454 1278 inquit,

58 1305 136 1333 nos
158 1290 353 1348 quotidie
376 1288 663 1348 disputamus,
690 1299 732 1333 et
760 1289 857 1333 ideo
882 1288 1087 1333 nolumus
1110 1288 1456 1347 przevaricatori-

58 1361 141 1404 bus
171 1359 380 1403 adhibere
397 1375 673 1414 consensum,
698 1360 801 1419 quia
826 1374 902 1404 nos
925 1358 1110 1403 dicimus
1132 1359 1320 1402 liberum
1339 1359 1457 1402 arbi-

60 1431 191 1476 trium
212 1432 258 1474 in
272 1431 475 1475 omnibus
497 1446 586 1475 esse
602 1430 873 1484 naturaliter,
894 1446 974 1474 nec
993 1430 1098 1474 Adse
1118 1439 1295 1489 peceato
1318 1430 1458 1489 perire

59 1503 248 1560 potuisse
277 1522 286 1547 ε
311 1502 433 1562 quod
457 1503 778 1561 Scripturarum
802 1502 1000 1546 omnium
1030 1501 1288 1545 auctoritate
1306 1501 1454 1543 firma-

58 1582 146 1618 tur.
182 1591 200 1614 n
237 1576 341 1617 Haec
374 1573 408 1616 si
439 1572 811 1631 quemadmodum
847 1581 1042 1631 oportet,
1077 1586 1166 1615 non
1199 1579 1350 1615 eontra
1379 1571 1457 1614 Dei

59 1644 239 1702 gratiam
263 1643 490 1700 diceretis,
515 1659 605 1688 non
628 1657 888 1687 consensum
909 1642 1314 1702 praevaricatoribus
1332 1641 1457 1684 adhi-

58 1713 238 1769 beretis,
267 1713 343 1758 sed
374 1722 569 1757 vestrum
615 1728 789 1758 sensum
829 1712 1115 1769 corrigeretis.
1158 1712 1270 1755 Hinc
1310 1719 1455 1754 autem

57 1794 274 1844 quantum
296 1785 536 1843 potuimus,
557 1793 600 1829 et
617 1793 833 1844 quantum
854 1784 1054 1828 sufficere
1069 1784 1208 1828 visum
1227 1791 1306 1837 est,
1327 1797 1456 1841 supe-

58 1857 147 1899 rius
168 1854 503 1914 disputavimus.

117 1928 260 1970 XXX.
299 1945 318 1967 «
346 1926 551 1980 Dicimus,
568 1926 727 1986 inquit,
748 1926 822 1969 has
835 1940 935 1984 quae
951 1940 1068 1968 nune
1084 1933 1274 1981 aguntur
1288 1924 1334 1968 in
1349 1923 1456 1968 orbe

59 2006 291 2051 terrarum,
313 2013 335 2041 a
359 2000 448 2041 Deo
463 1997 638 2056 nuptias
660 1997 895 2051 institutas,
913 2011 993 2040 nee
1015 2010 1108 2040 reos
1127 2010 1216 2039 esse
1232 1995 1453 2053 conjuges,

58 2067 132 2112 sed
156 2066 437 2113 fornicatores
450 2077 495 2112 et
511 2067 731 2112 adulteros
748 2067 1122 2112 condemnandos.
1144 2084 1164 2107 »
1194 2068 1286 2110 Hoc
1304 2079 1457 2109 verum

58 2147 101 2182 et
122 2138 389 2183 catholicum
402 2148 466 2184 est
488 2157 497 2184 :
518 2139 594 2182 sed
616 2137 736 2198 quod
755 2153 830 2182 vos
852 2139 955 2183 hinc
972 2137 1102 2182 vultis
1123 2136 1312 2190 efficere,
1334 2145 1383 2179 ut
1401 2135 1456 2179 de

59 2209 369 2253 commixtione
390 2208 570 2254 maseuli
597 2217 640 2252 et
667 2209 885 2263 foeminae,
913 2208 1021 2252 nihil
1045 2206 1210 2266 peccati
1233 2213 1456 2249 nascentes

62 2279 252 2333 trahant,
274 2279 395 2339 quod
409 2279 581 2324 lavacro
601 2280 936 2336 regenerationis
954 2279 1170 2337 expietur,
1194 2277 1278 2321 hoe
1298 2274 1454 2319 falsum

60 2358 123 2394 est
141 2357 184 2393 et
200 2349 475 2394 haereticum.

116 2422 281 2464 XXXI.
322 2440 342 2463 «
366 2423 554 2476 Motum,
580 2419 740 2479 inquit,
761 2418 1031 2477 genitalium,
1054 2417 1100 2462 id
1122 2426 1203 2473 est,
1222 2417 1361 2477 ipsam
1382 2415 1454 2460 vi-

60 2490 263 2536 rilitatem
289 2492 380 2535 sine
400 2507 488 2551 qua
505 2506 594 2536 non
615 2498 757 2550 potest
782 2504 870 2533 esse
889 2489 1163 2541 commixtio,
1189 2503 1214 2532 a
1235 2490 1325 2532 Deo
1343 2486 1454 2530 diei-

63 2576 160 2605 mus
181 2560 440 2606 institutam.
470 2580 490 2603 »
517 2562 586 2606 Ad
613 2561 696 2606 hoc
724 2558 1061 2619 respondemus,
1090 2567 1261 2603 motum
1288 2555 1455 2615 genita-
