1804 3205
334 255 385 280 1)ss
427 256 552 281 irum
592 258 640 282 ω·
675 258 768 283 mis
801 259 993 294 urimini-2,
1032 257 1110 283 Lina.
1152 261 1208 284 iv.
1381 248 1454 285 401

82 327 174 362 tum
197 327 260 362 est
287 337 294 363 ε
320 338 339 360 «
364 323 417 364 Et
435 331 605 366 mortua
629 332 690 365 cst
712 324 850 366 omnis
873 338 988 377 earo,
1007 339 1104 382 quic
1123 324 1378 368 movebatur
1396 341 1464 368 su-

81 407 101 430 »
129 404 204 447 per
224 398 396 445 terram,
414 392 673 447 volatilium,
695 408 918 451 pecorum,
939 395 1306 453 etjumentorum,
1333 404 1374 438 et
1401 395 1462 437 l'e-

82 477 102 499 »
130 474 289 514 rarum,
315 469 357 504 et
380 462 518 506 omnis
541 478 714 521 serpens
735 464 808 523 qui
835 472 1033 508 movetur
1054 479 1183 522 super
1214 474 1386 517 terrain,
1424 474 1465 508 et

83 531 267 574 »omnis
306 532 464 586 homo,
501 543 543 577 et
578 535 721 578 omnia
743 550 1037 594 quzeeumque
1071 535 1234 579 habent
1267 536 1464 593 spiritum

81 617 102 640 »
127 601 270 645 vitae¹.
301 620 320 643 »
345 603 425 646 Ubi
450 605 626 649 remotis
652 605 854 649 omnibus
876 605 1158 651 dubitationis
1182 606 1436 665 ambagibus
1455 641 1465 659 ,

78 670 277 727 generale
295 687 455 717 nomen
478 674 634 718 animae
657 690 745 719 esse
773 676 1075 734 intelligimus,
1094 678 1307 736 spiritum.
1335 678 1470 735 Cujus

76 741 255 800 quidem
274 745 460 788 nominis
477 746 735 803 significatio
760 756 845 791 tam
865 747 951 791 late
977 756 1111 806 patet,
1139 757 1187 792 ut
1211 748 1338 792 etiam
1356 750 1469 791 Deus

77 822 258 858 vocetur
282 815 472 873 spiritus.
502 819 556 860 Et
587 817 665 861 iste
690 818 817 862 ssatus
841 822 988 862 aereus
1002 822 1034 873 ²,
1066 820 1263 878 quamvis
1296 819 1350 863 sit
1372 834 1470 863 cor-

78 898 250 942 poreus,
280 885 525 944 appellatur
548 886 590 930 in
617 887 787 933 Psalmo
810 890 986 948 spiritus
1018 889 1322 948 tempestatis³⁵.
1350 891 1470 941 Qua-

77 964 254 1014 propter
269 965 312 1000 et
329 972 440 1011 eam,
461 973 560 1016 quae
576 959 719 1003 anima
732 969 812 1013 est,
833 960 964 1003 etiam
981 960 1179 1018 spiritum
1209 959 1469 1016 nuncupari,

77 1035 186 1085 puto
206 1026 326 1086 quod
349 1030 599 1074 admonitus
620 1031 701 1083 his,
724 1046 825 1089 quae
842 1031 1196 1085 commemoravi,
1228 1030 1473 1074 divinarum

78 1097 334 1142 testimoniis
357 1099 612 1157 paginarum
628 1134 638 1153 ‚
665 1100 742 1143 ubi
768 1109 811 1144 et
831 1101 972 1144 anima
996 1101 1178 1159 pecoris,
1208 1101 1279 1144 cui
1299 1114 1388 1143 non
1413 1107 1476 1141 est

76 1165 339 1222 intellectus,
359 1168 576 1228 appellata
594 1168 753 1227 legitur
767 1170 958 1229 spiritus,
977 1185 1065 1214 non
1079 1170 1257 1228 negabis
1275 1169 1467 1213 ulterius.

74 1238 284 1290 Quocirca
319 1240 353 1282 si
385 1248 428 1284 et
461 1239 534 1284 illa
568 1255 667 1299 quae
697 1240 751 1284 dc
791 1242 932 1286 anima
966 1242 1222 1300 incorporea
1250 1241 1469 1299 disputata

73 1317 192 1364 sunt,
209 1310 325 1368 capis
339 1319 383 1354 et
399 1311 528 1369 sapis,
547 1325 636 1355 non
654 1320 716 1355 est
736 1311 853 1355 unde
874 1311 951 1355 tibi
973 1310 1218 1371 displicem‚
1240 1311 1360 1370 quod
1376 1324 1472 1353 eam

74 1392 145 1422 me
166 1381 274 1424 scire
297 1381 386 1425 dixi
406 1397 496 1426 non
517 1397 677 1441 corpus
701 1397 807 1437 esse,
834 1382 909 1426 sed
929 1382 1127 1441 spiritum
1153 1398 1160 1423 :
1189 1383 1290 1440 quia
1310 1390 1351 1424 et
1374 1394 1472 1424 cor-

74 1463 156 1508 pus
177 1464 267 1494 non
292 1465 381 1494 esse
400 1460 685 1506 monstratur,
703 1462 746 1495 et
764 1451 953 1509 generali
967 1451 1144 1495 nomine
1164 1450 1339 1509 spiritus
1354 1466 1472 1495 nun—

73 1529 276 1579 cupatur.

131 1592 385 1635 XXXVIII.
422 1591 718 1644 Quamobrem
737 1591 770 1635 si
793 1591 872 1634 hos
895 1590 948 1634 ad
977 1600 1018 1634 te
1033 1590 1168 1635 libros
1186 1591 1381 1649 impensa
1396 1590 1466 1633 di-

72 1660 258 1706 lectione
271 1662 554 1721 conscriptos‚
575 1677 755 1721 repensa
769 1660 1003 1706 dilectione
1016 1661 1147 1705 sumis
1165 1670 1208 1705 et
1222 1661 1328 1719 Iegis
1342 1681 1352 1718 3
1368 1660 1400 1703 si
1421 1661 1463 1702 in

70 1732 283 1792 principio
297 1733 426 1792 primi
447 1733 507 1777 tui
529 1732 630 1776 libri
647 1731 769 1776 audis
793 1741 836 1776 et
860 1732 1076 1790 teipsum,
1102 1740 1145 1774 et
1166 1730 1328 1785 studes,
1354 1731 1463 1774 sicut

71 1801 231 1858 dixisti,
244 1812 365 1848 tuam
379 1803 636 1848 sententiam
653 1818 742 1847 non
756 1803 889 1856 tueri,
909 1803 942 1845 si
965 1801 1261 1861 improbabilis
1284 1800 1461 1859 detega-

72 1882 165 1918 tur:
181 1892 200 1916 »
213 1873 286 1918 illa
299 1875 518 1933 praecipue
531 1873 736 1917 undecim
744 1872 925 1928 cave‚de
937 1873 1095 1932 quibus
1109 1881 1151 1916 te
1163 1872 1207 1916 in
1217 1872 1328 1916 libro
1339 1886 1462 1930 supe-

72 1945 184 1990 riore
206 1946 472 1991 commonui.
495 1964 515 1987 «
530 1948 593 1991 Ne
605 1945 793 1989 animam
803 1945 861 1989 sie
871 1944 1047 1988 dieasex
1060 1946 1165 1998 Deo,
1190 1953 1240 1988 ut
1257 1958 1349 1987 eam
1370 1957 1459 1986 non

71 2015 126 2060 de
143 2017 282 2073 nulla,
304 2032 383 2062 nec
398 2016 452 2061 de
469 2015 565 2071 alia,
587 2016 661 2060 sed
677 2016 732 2060 de
745 2031 820 2060 sua
834 2027 987 2060 natura
1002 2015 1210 2060 creaverit
1228 2034 1236 2058 z
1253 2023 1327 2058 aut
1340 2011 1458 2073 quod

70 2103 148 2147 per
169 2089 390 2132 infinitum
413 2097 600 2147 tempus,
624 2096 756 2146 atque
778 2088 836 2131 ita
858 2102 1027 2145 semper
1050 2087 1212 2129 animas
1234 2085 1325 2139 det,
1348 2084 1459 2128 sicut

71 2173 241 2218 semper
273 2167 337 2202 est
366 2159 456 2217 ipse
486 2158 563 2217 qui
596 2157 670 2200 dat
697 2176 705 2200 :
731 2166 808 2200 aut
832 2156 1021 2200 animam
1055 2155 1258 2199 meritum
1283 2152 1462 2213 aliquod

72 2228 309 2288 perdidisse
333 2244 410 2288 per
441 2243 640 2281 carnem,
666 2227 786 2285 quod
808 2226 1011 2270 habuerit
1031 2234 1130 2269 ante
1151 2239 1323 2268 carnem
1355 2243 1363 2267 ;
1390 2230 1464 2266 aut

74 2300 261 2344 animam
270 2315 348 2360 per
361 2314 535 2344 carnem
553 2313 749 2357 reparare
758 2296 1061 2340 habitudinem
1080 2295 1280 2354 priscam,
1300 2308 1463 2353 perque

72 2369 209 2430 ipsam
233 2385 407 2415 carnem
432 2369 611 2423 renasci,
637 2384 713 2427 per
736 2381 866 2426 quam
884 2374 1101 2409 meruerat
1118 2365 1335 2425 inquinari
1362 2384 1369 2408 :
1393 2373 1467 2408 aut

73 2441 195 2502 quod
209 2442 350 2486 anima
368 2450 468 2485 ante
481 2455 610 2485 omne
626 2447 854 2498 peccatum
873 2436 1079 2480 meruerit
1102 2451 1191 2480 esse
1213 2436 1425 2495 peccatrix
1453 2455 1460 2478 :

75 2520 150 2557 aut
181 2511 368 2556 infantes
395 2511 486 2556 sine
516 2509 840 2569 regeneratione
876 2506 1142 2566 baptismatis
1167 2516 1384 2560 mortuos,
1410 2506 1465 2548 ad

127 2603 134 2620 ¹
157 2598 236 2630 Gen.
258 2607 313 2635 vn,
336 2605 390 2628 21.
409 2612 444 2619 --
464 2602 474 2618 ²
493 2597 653 2635 Joan.1v‚
672 2592 725 2634 24.
743 2590 814 2615 ..3
837 2591 915 2624 rsal.
934 2602 999 2630 mv,
1022 2602 1054 2632 9.

265 2661 378 2690 cxm.
1232 2644 1281 2682 26
