1784 3205
314 214 368 254 34
753 221 788 251 s.
823 221 1054 251 Aucus'rlm
1089 221 1269 250 EPISCOPI

314 309 335 333 »
357 291 490 335 turin
508 297 744 349 conspectu
765 297 843 332 tuo
864 287 1004 331 omnis
1026 286 1173 331 vivens
1193 287 1225 328 ¹.
1253 302 1273 325 »
1299 286 1356 329 Et
1374 284 1477 327 huic
1500 282 1698 326 testimo-

314 361 387 406 nio
401 361 524 421 quasi
542 359 764 420 respondit
781 358 835 402 ad
853 357 960 402 nihil
978 355 1113 408 aliud,
1134 356 1214 400 nisi
1229 364 1277 400 ut
1293 354 1525 413 Scripturae
1541 359 1701 396 sanctae

315 432 427 476 inter
454 445 498 476 se
528 431 695 490 litigare
722 429 982 475 videantur:
1005 441 1191 487 quarum
1219 424 1494 471 concordiam
1518 438 1596 467 nos
1625 420 1703 465 dc-

316 503 469 547 bemus
490 501 731 546 ostendere.
757 500 829 545 Ait
848 500 962 543 enim
980 517 990 543 ·.
1009 516 1028 539 «
1055 497 1223 551 Quibus
1248 493 1602 555 respondendum
1621 500 1700 546 est,

316 573 436 633 quod
453 572 507 617 de
529 581 677 616 sancto
692 570 895 615 Zacharia
909 579 952 614 et
963 567 1188 612 Elizabeth
1207 565 1482 624 Evangelista
1502 571 1701 617 testatur,

315 644 485 700 dicens,
509 645 646 687 Erant
666 650 810 687 autem
828 640 1050 684 Zacharias
1071 648 1113 682 et
1130 638 1357 682 Elizabeth
1371 651 1479 681 uxor
1491 636 1581 695 ejus
1599 633 1705 694 justi

318 714 447 757 ambo
477 713 523 756 in
552 721 790 771 conspectu
822 711 1021 764 Domini,
1059 718 1101 753 et
1133 708 1382 753 incedentes
1423 708 1467 751 in
1501 704 1707 750 omnibus

319 781 529 827 mandatis
554 791 597 826 et
612 781 994 842 justificationibus
1012 779 1184 823 Domini
1207 779 1296 821 sine
1319 776 1495 837 querela
1514 777 1546 818 2.
1575 793 1595 816 η
1621 773 1707 827 Qui

316 852 422 912 J'usti
447 852 577 895 ambo
603 852 756 911 utique
776 849 971 909 legerant
996 849 1108 893 inter
1128 849 1219 907 ipsa
1242 846 1443 891 mandata
1460 880 1471 899 ,
1495 844 1709 905 quemad-

319 920 501 966 modum
520 936 594 965 sua
613 929 788 980 peccata
806 920 1083 963 mundarent.
1110 920 1220 964 Nam
1244 916 1485 971 Zacharias,
1511 913 1630 975 quod
1655 912 1710 958 de

321 993 440 1037 omni
462 991 684 1037 sacerdote
707 1007 758 1035 ex
778 990 1028 1035 hominibus
1051 997 1228 1048 accepto
1250 988 1293 1032 in
1317 986 1510 1046 Epistola
1535 986 1590 1029 ad
1620 987 1711 1029 He-

322 1063 461 1106 braeos
479 1062 654 1118 dicitur,
679 1062 806 1106 etiarn
830 1076 909 1121 pro
932 1061 1016 1104 suis
1039 1060 1223 1119 peccatis
1246 1059 1398 1119 utique
1419 1057 1579 1101 hostias
1602 1055 1712 1100 offe-

323 1133 447 1176 rebat
464 1134 495 1175 3.
519 1133 751 1185 Quomodo
779 1140 925 1176 autem
952 1128 1288 1189 intelligendum
1319 1129 1371 1173 sit
1390 1127 1512 1188 quod
1532 1125 1710 1180 dicitur,

327 1222 348 1245 (ι
368 1205 459 1247 sine
479 1204 673 1263 querela,
697 1221 717 1244 »
733 1204 822 1262 jam
840 1217 969 1261 supra
990 1202 1089 1246 satis
1106 1236 1117 1256 ,
1142 1209 1355 1261 quantum
1377 1200 1547 1259 opinor,
1573 1205 1714 1242 osten-

324 1271 503 1316 dimus:
533 1292 551 1311 «
594 1275 650 1316 Et
681 1273 859 1327 beatus,
894 1272 1063 1331 inquit,
1107 1271 1340 1330 Apostolus
1379 1270 1437 1314 ait
1463 1271 1552 1313 :Ut
1583 1268 1715 1312 simus

326 1343 461 1386 sancti
495 1351 538 1386 et
568 1341 836 1386 immaculati
867 1341 912 1384 in
941 1349 1177 1400 conspectu
1198 1342 1337 1400 ejus2.
1371 1358 1391 1381 »
1427 1341 1521 1384 Hoc
1554 1337 1712 1397 agitur,

328 1421 378 1456 ut
405 1414 488 1466 hoc
515 1412 677 1470 simus,
702 1413 736 1456 si
764 1411 1029 1455 immaculati
1063 1410 1335 1467 intelligendi
1371 1417 1488 1464 sunt,
1515 1408 1591 1468 qui
1622 1421 1716 1452 om-

330 1483 433 1527 nino
461 1484 551 1527 sine
583 1493 760 1542 peccato
790 1491 905 1526 sunt.
947 1483 988 1527 Si
1017 1490 1163 1525 autem
1191 1480 1458 1525 immaculati
1486 1488 1613 1534 sunt,
1640 1478 1716 1538 qui

330 1562 432 1597 sunt
450 1554 539 1597 sine
562 1553 742 1597 crimine
761 1574 771 1611 3
802 1554 931 1597 etiam
952 1552 997 1595 in
1018 1553 1098 1596 hac
1117 1552 1204 1596 vita
1226 1551 1357 1595 fuisse
1376 1560 1507 1610 atque
1529 1564 1618 1594 esse
1641 1564 1719 1592 ne-

332 1638 432 1682 gare
454 1639 540 1667 non
561 1634 789 1683 vpossumus
815 1641 823 1667 ι
850 1622 953 1682 quia
978 1637 1068 1667 non
1091 1621 1191 1666 ideo
1218 1622 1310 1665 sine
1335 1620 1426 1665 ullo
1450 1628 1631 1680 peccato
1656 1628 1720 1663 est

334 1693 504 1753 aliquis,
532 1693 738 1754 quoniam
763 1708 852 1738 non
879 1693 1011 1737 habet
1036 1690 1249 1737 maculam
1278 1692 1486 1737 criminis.
1517 1690 1643 1736 Unde
1677 1699 1720 1734 et

339 1765 572 1824 Apostolus
588 1780 689 1810 cum
704 1765 920 1810 ministros
933 1764 1107 1823 eligeret
1125 1764 1404 1819 ordinandos,
1425 1779 1514 1808 non
1532 1764 1590 1807 ait
1608 1782 1616 1807 :
1637 1781 1656 1804 «
1677 1761 1721 1807 Si

339 1854 359 1876 »
395 1836 490 1894 quis
511 1837 602 1880 sinc
621 1844 798 1895 peccato
816 1856 826 1893 3
847 1854 867 1876 »
889 1835 1008 1895 quod
1030 1836 1224 1880 invenire
1241 1851 1330 1880 non
1349 1843 1493 1894 posset
1510 1853 1517 1879 :
1534 1833 1609 1878 sed
1629 1833 1688 1877 ait
1708 1851 1717 1877 z

340 1924 360 1947 «
399 1905 441 1950 Si
458 1906 553 1965 quis
569 1906 660 1949 sine
679 1905 858 1950 crimine
876 1907 908 1962 ⁵3
933 1923 951 1946 »
978 1905 1098 1964 quod
1121 1906 1274 1966 utique
1289 1914 1445 1965 posset.
1464 1907 1553 1950 Nec
1576 1913 1720 1948 tamen

336 1975 414 2019 iste
434 1974 638 2029 ostendit,
660 1974 1033 2034 quemadmodum
1051 1975 1291 2020 secundum
1310 1990 1431 2019 suam
1450 1989 1623 2019 causam
1642 1973 1721 2017 de-

337 2045 515 2089 beamus
533 2046 725 2105 accipere
743 2043 862 2105 quod
880 2045 1089 2104 scriptum
1105 2054 1168 2089 est
1195 2065 1203 2089 :
1229 2046 1441 2098 Quoniam
1463 2061 1552 2089 non
1565 2044 1724 2104 justifi-

345 2137 361 2157 »
378 2116 547 2160 cabitur
561 2116 606 2159 in
624 2125 859 2175 conspectu
879 2124 955 2160 tuo
973 2116 1111 2159 omnis
1127 2116 1275 2160 vivens
1289 2118 1321 2160 ⁶.
1340 2135 1358 2158 »
1380 2119 1540 2175 Aperta
1560 2116 1723 2175 quippe

338 2188 551 2231 sententia
569 2196 633 2232 est
649 2187 703 2230 de
717 2187 937 2247 superiore
951 2202 1078 2231 versu
1094 2186 1301 2231 illustrius
1319 2187 1534 2231 declarata
1556 2204 1565 2231 ε
1589 2208 1602 2225 «
1627 2188 1725 2231 Non

345 2278 363 2298 »
399 2258 546 2313 intres,
572 2257 730 2317 inquit,
747 2258 792 2301 in
804 2256 1019 2318 judicium
1036 2273 1137 2302 cum
1154 2273 1276 2302 servo
1292 2266 1383 2313 tuo,
1406 2258 1613 2317 quoniam
1635 2271 1725 2300 non

346 2346 363 2367 »
392 2328 701 2386 justificabitur
732 2329 776 2372 in
801 2336 1038 2387 conspectu
1073 2337 1150 2372 tuo
1184 2329 1322 2373 omnis
1359 2329 1521 2373 vivens.
1552 2346 1571 2369 »
1605 2327 1724 2372 Judi-

340 2397 456 2441 cium
486 2399 637 2454 timet,
675 2399 776 2458 quia
805 2398 1142 2443 misericordiam
1169 2397 1408 2454 desiderat,
1448 2414 1547 2459 quae
1574 2412 1725 2458 super-

390 2501 404 2520 *
435 2500 516 2533 Psal.
548 2511 644 2541 cun,
669 2509 700 2532 2.
730 2517 767 2523 —
784 2508 796 2522 2
829 2502 906 2533 Luc.
927 2512 952 2542 1,
972 2503 1003 2533 6.
1022 2518 1061 2525 -
1077 2499 1090 2525 3
1113 2501 1212 2534 Hebr.
1244 2512 1276 2541 v,
1308 2501 1341 2535 3.
1360 2515 1400 2524 ·--
1417 2501 1434 2530 4
1455 2498 1728 2543 Ε[)1]εε.ι,4.-

343 2554 358 2579 5
377 2556 437 2588 Tit.
457 2568 479 2598 ι,
505 2555 617 2599 7.-6
640 2557 719 2590 Psal.
746 2568 839 2598 exui,
865 2565 898 2589 2.
