1804 3205
422 256 503 283 Lus.
538 258 566 282 1.
605 258 658 282 oz
689 258 843 284 ιηιΑϊυ
876 258 1056 285 cuman.
1354 249 1426 284 111

48 333 197 378 put-nas
215 320 450 364 sortiantur
471 329 667 365 aeternas.
699 340 718 362 »
744 322 948 382 Quisquis
976 323 1068 365 hacc
1094 321 1232 375 audit,
1265 330 1308 365 et
1330 337 1432 366 sen-

46 405 139 434 sum
162 391 253 450 ejus
274 391 471 450 ignorat,
506 406 638 451 quem
667 392 712 435 in
736 392 854 436 libris
876 393 961 437 suis
988 393 1088 436 satis
1111 392 1337 436 evidenter
1358 408 1432 436 ex-

48 461 213 520 pressit,
240 476 328 505 non
350 460 432 505 illis
453 477 562 522 quos
584 462 688 506 dicit
712 462 1012 507 inemendatos
1033 463 1112 506 sibi
1131 462 1260 506 fuisse
1280 463 1435 506 subre-

47 540 157 591 ptos,
183 541 258 576 aut
285 533 464 577 omnino
486 547 585 577 suos
609 541 752 591 negat,
774 532 848 577 scd
871 534 914 578 in
935 533 1017 577 illis
1040 548 1150 593 quos
1173 533 1326 577 litteris
1348 535 1434 578 suis

44 617 148 662 quas
173 605 353 647 Romam
373 603 489 647 misit
515 614 854 657 commemorat,
876 605 1055 649 omnino
1081 619 1181 649 eum
1205 613 1329 662 putat
1353 606 1434 650 hoc

43 672 201 717 sentire
231 672 350 733 quod
382 674 537 717 veritas
572 674 718 718 habet.
758 675 960 734 Quisquis
990 684 1137 719 autem
1165 674 1272 734 quid
1301 675 1346 719 in
1377 676 1436 719 eis

43 744 231 802 apertius
248 744 364 788 dicat
383 745 585 800 advertit,
606 745 739 789 debet
761 745 920 789 habere
938 746 1067 789 etiam
1088 746 1166 790 ista
1190 746 1321 790 verba
1343 761 1436 790 sus-

43 822 181 871 pecta.
208 814 319 867 Quia
340 824 384 858 et
406 815 440 858 si
464 815 644 873 gratiam
667 815 757 869 Dei,
776 831 860 875 qua
880 816 1079 861 Christus
1099 817 1214 860 venit
1236 817 1280 859 in
1303 831 1434 860 mun-

40 882 422 943 dum-peccatores
450 885 589 930 salvos
614 886 774 940 facere,
803 886 847 929 in
880 887 968 930 sola
1000 887 1248 930 remissione
1280 901 1436 945 pecca-

41 961 184 998 torum
205 956 469 1010 constituat,
496 965 637 1015 potest
662 957 763 1000 huic
797 957 940 1000 sensui
963 957 1095 1000 verba
1123 957 1203 1000 ista
1233 965 1435 1015 coaptare

40 1024 203 1080 dicens,
222 1025 318 1070 idco
334 1042 427 1070 eam
447 1042 522 1086 per
537 1026 727 1085 singulas
746 1027 888 1082 horas,
907 1043 984 1087 per
1000 1026 1169 1086 singula
1188 1036 1432 1082 momenta,

41 1103 83 1138 et
104 1111 181 1154 per
201 1106 322 1141 actus
352 1097 544 1156 singulos
573 1098 871 1154 necessariam,
899 1108 948 1143 ut
969 1114 1138 1157 semper
1159 1100 1204 1142 in
1226 1098 1435 1142 memoria

39 1165 272 1211 retinentes
290 1176 333 1211 et
351 1168 677 1213 reminiscentes
695 1168 870 1214 dimissa
884 1169 1008 1213 nobis
1025 1184 1116 1213 esse
1134 1179 1326 1229 peccata,
1344 1183 1435 1213 non

38 1249 264 1294 peccemus
302 1237 506 1293 ulterius,
551 1239 690 1299 adjuti
719 1255 808 1284 non
839 1239 984 1299 aliqua
1029 1240 1433 1284 subministratione

22 1306 224 1363 virtutis,
249 1308 324 1353 sed
351 1310 516 1355 viribus
541 1311 726 1370 propriae
758 1311 1009 1365 voluntatis,
1045 1310 1154 1371 quid
1175 1311 1257 1355 sibi
1280 1310 1433 1354 remis-

38 1377 156 1422 sione
178 1389 456 1437 peccatorum
480 1382 722 1439 praestitum
752 1380 882 1425 fuerit
907 1397 983 1440 per
1005 1390 1125 1425 actus
1147 1382 1339 1440 singulos
1366 1396 1435 1424 re-

42 1450 274 1494 cordantis.
302 1453 413 1494 Item
435 1452 644 1510 quoniam
669 1451 808 1495 solent
827 1452 986 1506 dicere,
1012 1452 1137 1496 nobis
1152 1452 1197 1495 in
1219 1467 1271 1496 eo
1284 1451 1433 1496 Chris-

42 1529 133 1564 tum
156 1522 208 1565 ad
234 1537 322 1566 non
346 1523 612 1580 peccandum
637 1523 874 1582 praebuisse
896 1523 1180 1583 adjutorium,
1205 1524 1435 1584 quiajuste

40 1590 128 1649 ipse
156 1592 343 1636 vivendo
360 1595 566 1653 justeque
588 1593 788 1638 docendo
822 1593 999 1653 reliquit
1021 1593 1269 1653 exemplum
1299 1613 1307 1638 :
1334 1609 1436 1652 pos-

38 1671 139 1704 sunt
157 1663 286 1707 etiam
305 1664 358 1707 ad
379 1665 462 1708 hoc
484 1664 563 1708 ista
583 1665 711 1708 verba
739 1673 957 1723 coaptare,
979 1674 1028 1708 ut
1048 1664 1211 1716 dicant,
1240 1679 1318 1723 per
1345 1664 1437 1708 sin-

38 1731 136 1789 gula
159 1745 397 1789 momenta,
420 1735 614 1794 singulos
642 1744 762 1779 actus
782 1734 1066 1779 necessariam
1088 1735 1212 1779 nobis
1234 1750 1322 1779 esse
1345 1735 1434 1778 hu-

32 1802 222 1862 jusmodi
250 1806 449 1863 gratiam,
478 1804 522 1848 id
540 1815 619 1859 est,
646 1815 696 1850 ut
717 1806 761 1849 in
785 1806 902 1850 omni
930 1807 1258 1851 conversatione
1286 1814 1435 1849 nostra

39 1871 286 1918 intueamur
314 1875 544 1919 dominicae
570 1876 908 1920 conversationis
938 1875 1202 1934 exemplum.
1232 1874 1437 1919 Pei-videt

40 1952 183 1989 autem
212 1945 317 1990 fid‘es
338 1956 497 2000 vestra,
527 1961 550 1989 a
567 1947 839 1990 confessione
860 1946 1034 2005 gratiae,
1060 1946 1116 1990 de
1140 1962 1228 2006 qua
1251 1945 1434 2006 quaestio

39 2024 118 2071 est,
138 2031 270 2076 quam
293 2017 347 2060 sit
368 2015 675 2075 distinguenda
692 2015 770 2061 ista
787 2016 1001 2061 confessio
1023 2036 1032 2061 ε
1058 2026 1103 2061 et
1126 2026 1274 2061 tamen
1290 2016 1441 2073 obtegi

35 2095 176 2144 potest
190 2086 372 2131 istorum
390 2086 673 2145 ambiguitate
693 2086 945 2131 verborum.

96 2160 177 2202 111.
215 2159 300 2203 Sed
331 2159 439 2218 quid
480 2158 674 2202 mirum?
707 2157 1078 2218 Quandoquidem
1111 2159 1201 2218 ipse
1234 2157 1434 2215 Pelagius

36 2241 136 2272 cum
148 2229 468 2289 episcopalibus
488 2232 498 2254 ¹
520 2229 645 2288 gestis
663 2230 752 2273 sine
769 2228 857 2274 ulla
875 2230 1147 2274 recusatione
1165 2227 1440 2272 damnaverit

36 2311 122 2352 eos,
147 2300 223 2358 qui
246 2299 400 2344 dicunt
422 2300 606 2358 gratiam
631 2300 706 2343 Dei
729 2309 772 2344 et
795 2299 1065 2360 adjutorium
1087 2314 1178 2343 non
1205 2298 1261 2341 ad
1283 2298 1436 2356 singu-

37 2367 100 2414 los
120 2379 239 2414 actus
263 2369 373 2425 dari,
397 2372 474 2415 sed
492 2371 536 2414 in
558 2370 696 2415 libero
714 2371 894 2415 arbitrio
909 2386 1014 2426 esse,
1036 2370 1106 2414 vel
1126 2370 1170 2413 in
1188 2369 1284 2428 lege
1303 2378 1435 2427 atque

39 2437 258 2498 doctrina3
280 2441 356 2485 ubi
386 2441 647 2501 putabamus
668 2443 760 2501 ejus
788 2441 843 2485 de
867 2442 947 2485 hac
973 2456 1016 2484 re
1038 2455 1188 2485 omnes
1209 2441 1428 2499 tergiver-

41 2510 224 2556 sationes
241 2526 332 2556 esse
352 2521 655 2572 consumpta83
685 2512 957 2557 damnaverit
982 2513 1110 2557 etiam
1134 2527 1227 2567 008,
1251 2510 1325 2570 qui
1353 2509 1434 2553 do„

48 2630 57 2633 V
86 2598 96 2614 “
112 2596 192 2630 Vide
208 2597 264 2630 lib.
286 2597 328 2631 de
344 2597 448 2632 Gestis
467 2597 599 2639 Pelagii,
615 2608 689 2641 cap.
714 2597 765 2631 13.
