1784 3205
347 238 431 278 330
772 250 804 276 s.
844 246 1074 276 mensum
1106 247 1287 276 unacort

349 332 368 355 «
393 312 514 373 quod
545 314 605 357 eis
633 313 939 372 praeparaverit
977 312 1338 371 redemptionem.
1374 330 1393 353 »
1426 315 1477 356 In
1512 313 1635 372 cujus
1663 328 1733 357 re-

342 383 605 443 demptionis
633 391 907 428 sacramento
931 382 1102 441 parvuli
1125 383 1405 442 baptizantur
1425 417 1435 437 ,
1459 391 1509 427 ut
1533 383 1736 428 abluatur

342 454 549 513 originale
567 464 810 513 peccatum,
837 453 956 512 quod
976 452 1031 496 de
1054 468 1182 497 carne
1201 462 1424 497 traxerunt
1443 473 1454 510 3
1481 454 1605 512 quasi
1624 453 1737 498 lacta

342 540 418 569 sua
453 528 564 568 Deus
594 524 823 578 emendet,
857 524 977 583 quod
1004 539 1072 567 eas
1101 524 1291 568 insontes
1314 523 1477 567 fecerat
1498 523 1733 583 inquinari.

344 596 429 640 Sed
447 605 730 656 posteaquam
748 603 929 639 ventum
948 604 1027 649 est,
1047 604 1096 639 ut
1112 595 1168 639 de
1185 594 1270 638 illis
1287 594 1556 654 loqueretur,
1577 594 1737 653 quihus

341 665 417 708 tali
452 680 540 709 non
577 666 836 710 subvenitur
878 665 1036 710 auxilio
1061 700 1071 719 ,
1113 675 1157 709 et
1196 673 1430 725 antequam
1466 664 1738 723 baptizentur

341 734 565 793 expirant:
594 754 614 777 «
644 739 695 779 In
725 736 830 789 hoc,
856 735 1024 794 inquit,
1048 735 1146 779 loco
1168 750 1257 779 non
1276 750 1346 778 me
1369 735 1491 794 quasi
1516 743 1737 778 auctorem

341 805 567 864 spondeo,
599 806 674 849 sed
709 805 877 865 aliquid
910 806 965 850 de
1001 806 1200 865 exemplo
1241 806 1440 865 conjicio.
1481 804 1737 849 Habendam

343 876 527 919 dicimus
556 875 611 919 de
635 875 881 919 infantibus
910 875 1154 920 istiusmodi
1183 875 1397 919 rationem
1415 909 1426 930 ,
1451 875 1527 934 qui
1549 873 1738 933 praedes-

343 945 470 989 tinati
494 946 724 1005 baptismo,
750 946 850 990 vitae
879 947 1116 1004 praesentis,
1138 955 1374 1005 antequam
1392 954 1670 989 renascantur
1692 945 1739 988 in

342 1017 532 1071 Christo,
553 1017 885 1075 praeveniuntur
906 1016 1103 1060 occiduo.
1122 1016 1326 1075 Legimus
1341 1017 1472 1070 enim,
1498 1015 1657 1075 inquit,
1683 1015 1737 1060 de

342 1085 502 1129 talibus
524 1087 755 1145 scriptum:
778 1089 977 1144 «Raptus
1000 1095 1062 1130 est
1081 1101 1136 1129 ne
1155 1086 1317 1130 malitia
1338 1094 1526 1130 mutaret
1544 1084 1658 1128 illius
1674 1085 1738 1128 in-

345 1172 365 1195 »
385 1154 630 1210 tellectum,
656 1165 731 1199 aut
755 1171 808 1200 ne
830 1155 948 1200 fictio
974 1156 1194 1215 deciperet
1215 1156 1403 1201 animam
1420 1157 1528 1215 ejus.
1558 1158 1739 1214 Propter

345 1242 366 1265 »
383 1226 464 1269 hoc
486 1226 734 1284 properavit
750 1226 806 1269 de
827 1226 972 1270 medio
993 1226 1234 1285 iniquitatis
1256 1226 1380 1269 illum
1406 1225 1590 1269 educere
1610 1245 1622 1282 3
1644 1225 1738 1284 pla-

346 1312 365 1335 »
385 1295 468 1339 cita
479 1295 593 1339 enim
614 1299 703 1340 Deo
720 1304 811 1339 erat
833 1296 975 1339 anima
999 1297 1115 1355 ejus:
1136 1304 1179 1338 et
1194 1304 1519 1339 consummatus
1537 1295 1581 1338 in
1598 1295 1734 1349 brevi,

345 1383 365 1407 »
383 1366 565 1424 replevit
581 1375 773 1425 tempora
792 1366 922 1424 longa
942 1368 1008 1409 ¹.»
1027 1366 1132 1419 Quis
1145 1366 1275 1410 istum
1293 1365 1556 1424 dedignetur
1574 1365 1736 1410 habere

342 1436 565 1480 doctorem
594 1438 612 1479 P
648 1440 866 1495 Ergo-ne
899 1436 1101 1495 parvuli,
1140 1451 1249 1495 quos
1284 1436 1545 1496 plerumque
1579 1435 1735 1481 volunt

340 1506 536 1550 homines
560 1507 794 1565 baptizari,
828 1516 871 1550 et
893 1508 998 1550 dum
1025 1506 1238 1559 curritur,
1264 1514 1364 1550 ante
1401 1506 1665 1561 moriuntur,
1697 1507 1733 1550 si

345 1577 670 1620 retardarentur
692 1577 737 1619 in
759 1578 838 1620 ista
854 1576 1082 1635 paululum
1101 1577 1205 1632 vita,
1226 1585 1277 1620 ut
1300 1576 1505 1636 baptizati
1525 1577 1735 1622 continuo

343 1655 634 1700 morerentur,
654 1646 819 1690 malitia
837 1655 1023 1690 mutaret
1046 1646 1318 1690 intellectum
1338 1646 1528 1701 illorum,
1553 1655 1597 1690 et
1618 1646 1735 1691 fictio

341 1715 562 1774 deciperet
577 1716 764 1760 animam
787 1731 938 1760 eorum
961 1737 971 1774 3
991 1725 1034 1760 et
1053 1732 1107 1760 ne
1129 1717 1212 1761 hoc
1234 1718 1293 1760 eis
1314 1718 1600 1774 contingeret,
1626 1718 1734 1761 sub·

342 1796 523 1831 ventum
545 1787 628 1831 illis
646 1797 732 1842 est,
755 1796 805 1832 ut
826 1797 926 1832 ante
949 1797 1203 1846 raperentur
1224 1803 1356 1847 quam
1380 1789 1733 1846 baptizarentur?

345 1861 393 1901 In
414 1860 506 1917 ipso
529 1873 631 1917 ergo
664 1859 922 1917 baptismate
946 1868 1222 1902 mutarentur
1243 1859 1288 1902 in
1319 1859 1462 1918 pejus,
1495 1868 1538 1902 et
1558 1859 1733 1904 fictione

342 1928 646 1988 deciperentur
666 1964 677 1984 ,
702 1929 735 1973 si
758 1938 855 1988 post
883 1930 1096 1988 baptisma
1121 1937 1392 1988 raperentur.
1417 1931 1455 1972 Ο
1476 1928 1730 1974 admiranda

341 2008 473 2058 atque
495 1999 699 2044 sectanda
738 2000 935 2044 doctrina
963 2001 971 2043 ἱ
999 1999 1083 2045 Sed
1108 2001 1191 2044 hoc
1214 1999 1269 2044 de
1299 2009 1440 2045 vestra
1461 1999 1694 2059 prudentia
1715 2035 1726 2056 ,

341 2069 417 2126 qui
448 2069 645 2113 adfuistis
662 2104 672 2124 ,
699 2085 800 2113 cum
829 2071 1028 2114 recitaret
1049 2105 1059 2124 ,
1085 2071 1164 2115 iste
1186 2071 1463 2130 praesumpsit
1484 2105 1494 2124 ,
1520 2071 1632 2114 etde
1656 2080 1730 2115 tua

342 2140 526 2183 maxime
545 2140 597 2183 ad
628 2155 760 2200 quem
782 2141 972 2199 scripsit,
998 2150 1041 2184 et
1060 2141 1131 2183 cui
1153 2142 1354 2185 recitatos
1375 2141 1509 2186 libros
1532 2140 1725 2197 tradidit,

340 2218 390 2252 ut
405 2209 644 2254 credituros
664 2226 740 2255 vos
761 2225 850 2255 esse
874 2209 1138 2265 confideret,
1159 2209 1213 2254 de
1235 2225 1324 2254 non
1347 2211 1574 2269 baptizatis
1588 2210 1728 2256 infan-

341 2279 458 2323 tibus
475 2294 564 2323 esse
585 2281 811 2339 scriptum,
831 2279 950 2340 quod
972 2279 1026 2323 de
1048 2280 1244 2324 omnium
1262 2289 1510 2325 sanctorum
1527 2281 1729 2325 immatu-

341 2349 397 2392 ris
426 2351 627 2394 aetatibus
648 2351 857 2409 scriptum
892 2359 978 2405 est,
1006 2365 1106 2394 cum
1129 2351 1288 2410 quibus
1309 2351 1422 2395 male
1440 2360 1585 2395 actum
1607 2351 1728 2396 stulti

341 2420 605 2463 arbitrantur
624 2455 634 2474 ,
660 2420 766 2464 side
792 2422 872 2466 hac
891 2421 977 2465 vita
996 2420 1190 2465 celeriter
1211 2423 1323 2479 rapti
1352 2420 1516 2466 fuerint
1536 2456 1546 2477 ,
1572 2436 1651 2466 nec
1672 2420 1726 2466 ad

341 2505 476 2534 annos
499 2506 607 2550 quos
629 2491 826 2535 homines
848 2507 925 2550 pro
944 2506 1101 2549 magno
1123 2491 1271 2536 divino
1290 2507 1469 2536 munere
1491 2492 1572 2537 sibi
1591 2507 1725 2551 exop-

391 2580 399 2594 ¹
423 2574 497 2614 Sap.
518 2584 563 2613 iv,
589 2584 638 2605 11.
