<?xml version="1.0" encoding="UTF-8"?>
<!DOCTYPE html PUBLIC "-//W3C//DTD XHTML 1.0 Transitional//EN"
    "http://www.w3.org/TR/xhtml1/DTD/xhtml1-transitional.dtd">
<html xmlns="http://www.w3.org/1999/xhtml" xml:lang="en" lang="en">
 <head>
  <title>
</title>
<meta http-equiv="Content-Type" content="text/html;charset=utf-8" />
  <meta name='ocr-system' content='tesseract 3.04.00' />
  <meta name='ocr-capabilities' content='ocr_page ocr_carea ocr_par ocr_line ocrx_word'/>
</head>
<body>
  <div class='ocr_page' id='page_1' title='image "./operaomniaaccura34auguuoft_0448.png"; bbox 0 0 1784 3205; ppageno 0'>
   <div class='ocr_carea' id='block_1_1' title="bbox 325 213 1267 253">
    <p class='ocr_par' dir='ltr' id='par_1_1' title="bbox 325 213 1267 253">
     <span class='ocr_line' id='line_1_1' title="bbox 325 213 1267 253; baseline 0.002 -3"><span class='ocrx_word' id='word_1_1' title='bbox 325 213 405 252; x_wconf 72' lang='grc'><em>438</em></span> <span class='ocrx_word' id='word_1_2' title='bbox 757 221 790 252; x_wconf 89' lang='lat' dir='ltr'><em>s.</em></span> <span class='ocrx_word' id='word_1_3' title='bbox 826 221 1056 252; x_wconf 71' lang='lat' dir='ltr'><em>Anaus&#39;mm</em></span> <span class='ocrx_word' id='word_1_4' title='bbox 1087 222 1267 253; x_wconf 73' lang='lat' dir='ltr'><em>nmscom</em></span> 
     </span>
    </p>
   </div>
   <div class='ocr_carea' id='block_1_2' title="bbox 370 372 1703 394">
    <p class='ocr_par' dir='ltr' id='par_1_2' title="bbox 370 372 1703 394">
     <span class='ocr_line' id='line_1_2' title="bbox 370 372 1703 394; baseline 0.002 -3"><span class='ocrx_word' id='word_1_5' title='bbox 370 374 439 391; x_wconf 62' lang='lat' dir='ltr'><em>m</em></span> <span class='ocrx_word' id='word_1_6' title='bbox 462 372 1665 394; x_wconf 62' lang='lat' dir='ltr'><em>mmmmmmmmmmmmmmmmmmmnwww</em></span> <span class='ocrx_word' id='word_1_7' title='bbox 1669 376 1703 394; x_wconf 73' lang='lat' dir='ltr'>W</span> 
     </span>
    </p>
   </div>
   <div class='ocr_carea' id='block_1_3' title="bbox 866 519 1172 572">
    <p class='ocr_par' dir='ltr' id='par_1_3' title="bbox 866 519 1172 572">
     <span class='ocr_line' id='line_1_3' title="bbox 866 519 1172 572; baseline 0.003 -1"><span class='ocrx_word' id='word_1_8' title='bbox 866 519 1068 572; x_wconf 89' lang='lat' dir='ltr'>LIBER</span> <span class='ocrx_word' id='word_1_9' title='bbox 1105 521 1172 572; x_wconf 90' lang='grc' dir='ltr'><em>ΙΙ.</em></span> 
     </span>
    </p>
   </div>
   <div class='ocr_carea' id='block_1_4' title="bbox 321 698 1712 2105">
    <p class='ocr_par' dir='ltr' id='par_1_4' title="bbox 321 698 1712 2105">
     <span class='ocr_line' id='line_1_4' title="bbox 321 698 1705 763; baseline 0.003 -19"><span class='ocrx_word' id='word_1_10' title='bbox 321 698 601 760; x_wconf 87' lang='lat' dir='ltr'><em>Epistolam</em></span> <span class='ocrx_word' id='word_1_11' title='bbox 645 699 1032 763; x_wconf 84' lang='lat' dir='ltr'><em>Pelagianorum</em></span> <span class='ocrx_word' id='word_1_12' title='bbox 1069 700 1278 746; x_wconf 88' lang='lat' dir='ltr'><em>alteram</em></span> <span class='ocrx_word' id='word_1_13' title='bbox 1299 737 1314 757; x_wconf 84' lang='grc'>,</span> <span class='ocrx_word' id='word_1_14' title='bbox 1357 700 1610 747; x_wconf 83' lang='lat' dir='ltr'><em>calumniis</em></span> <span class='ocrx_word' id='word_1_15' title='bbox 1655 705 1705 749; x_wconf 85' lang='lat' dir='ltr'><em>in</em></span> 
     </span>
     <span class='ocr_line' id='line_1_5' title="bbox 383 769 1706 833; baseline 0.003 -18"><span class='ocrx_word' id='word_1_16' title='bbox 383 769 662 816; x_wconf 85' lang='lat' dir='ltr'><em>Catholicos</em></span> <span class='ocrx_word' id='word_1_17' title='bbox 701 773 857 816; x_wconf 86' lang='lat' dir='ltr'><em>instar</em></span> <span class='ocrx_word' id='word_1_18' title='bbox 885 772 1056 831; x_wconf 77' lang='lat' dir='ltr'><em>primce</em></span> <span class='ocrx_word' id='word_1_19' title='bbox 1080 771 1338 833; x_wconf 80' lang='lat' dir='ltr'><em>refertam,</em></span> <span class='ocrx_word' id='word_1_20' title='bbox 1373 788 1479 831; x_wconf 82' lang='lat' dir='ltr'><em>quce</em></span> <span class='ocrx_word' id='word_1_21' title='bbox 1515 771 1706 819; x_wconf 87' lang='lat' dir='ltr'><em>octode-</em></span> 
     </span>
     <span class='ocr_line' id='line_1_6' title="bbox 383 842 1706 903; baseline -0.002 -14"><span class='ocrx_word' id='word_1_22' title='bbox 383 847 477 889; x_wconf 83' lang='lat' dir='ltr'><em>cim</em></span> <span class='ocrx_word' id='word_1_23' title='bbox 501 843 833 901; x_wconf 78' lang='lat' dir='ltr'><em>episcoporum</em></span> <span class='ocrx_word' id='word_1_24' title='bbox 856 844 1046 886; x_wconf 91' lang='lat' dir='ltr'><em>nomine</em></span> <span class='ocrx_word' id='word_1_25' title='bbox 1081 842 1481 888; x_wconf 75' lang='lat' dir='ltr'><em>Thessalonicam</em></span> <span class='ocrx_word' id='word_1_26' title='bbox 1503 842 1568 888; x_wconf 88' lang='lat' dir='ltr'><em>ab</em></span> <span class='ocrx_word' id='word_1_27' title='bbox 1591 845 1706 903; x_wconf 86' lang='lat' dir='ltr'><em>ipsis</em></span> 
     </span>
     <span class='ocr_line' id='line_1_7' title="bbox 376 911 1706 973; baseline -0.002 -13"><span class='ocrx_word' id='word_1_28' title='bbox 376 915 524 960; x_wconf 85' lang='lat' dir='ltr'><em>missa</em></span> <span class='ocrx_word' id='word_1_29' title='bbox 543 922 628 969; x_wconf 78' lang='lat' dir='ltr'><em>est,</em></span> <span class='ocrx_word' id='word_1_30' title='bbox 653 911 994 958; x_wconf 74' lang='lat' dir='ltr'><em>ex‘cutienclam</em></span> <span class='ocrx_word' id='word_1_31' title='bbox 1014 914 1222 973; x_wconf 75' lang='lat' dir='ltr'><em>suscipit.</em></span> <span class='ocrx_word' id='word_1_32' title='bbox 1244 915 1322 958; x_wconf 90' lang='lat' dir='ltr'><em>Ac</em></span> <span class='ocrx_word' id='word_1_33' title='bbox 1338 915 1496 972; x_wconf 88' lang='lat' dir='ltr'><em>primo</em></span> <span class='ocrx_word' id='word_1_34' title='bbox 1525 912 1706 959; x_wconf 84' lang='lat' dir='ltr'><em>Catho-</em></span> 
     </span>
     <span class='ocr_line' id='line_1_8' title="bbox 380 982 1706 1041; baseline 0 -12"><span class='ocrx_word' id='word_1_35' title='bbox 380 985 495 1029; x_wconf 86' lang='lat' dir='ltr'><em>licos</em></span> <span class='ocrx_word' id='word_1_36' title='bbox 530 982 666 1029; x_wconf 84' lang='lat' dir='ltr'><em>haud</em></span> <span class='ocrx_word' id='word_1_37' title='bbox 706 999 952 1041; x_wconf 84' lang='lat' dir='ltr'><em>quaquam</em></span> <span class='ocrx_word' id='word_1_38' title='bbox 990 982 1199 1029; x_wconf 78' lang='lat' dir='ltr'><em>incidere</em></span> <span class='ocrx_word' id='word_1_39' title='bbox 1237 985 1284 1028; x_wconf 86' lang='lat' dir='ltr'><em>in</em></span> <span class='ocrx_word' id='word_1_40' title='bbox 1319 982 1706 1029; x_wconf 64' lang='lat' dir='ltr'><em>Manichaeorum</em></span> 
     </span>
     <span class='ocr_line' id='line_1_9' title="bbox 378 1053 1704 1117; baseline 0.002 -18"><span class='ocrx_word' id='word_1_41' title='bbox 378 1070 579 1110; x_wconf 74' lang='lat' dir='ltr'><em>errores,</em></span> <span class='ocrx_word' id='word_1_42' title='bbox 599 1053 713 1098; x_wconf 87' lang='lat' dir='ltr'><em>dum</em></span> <span class='ocrx_word' id='word_1_43' title='bbox 729 1053 1113 1116; x_wconf 84' lang='lat' dir='ltr'><em>Pelagianorum</em></span> <span class='ocrx_word' id='word_1_44' title='bbox 1134 1054 1368 1117; x_wconf 77' lang='lat' dir='ltr'><em>dogmata</em></span> <span class='ocrx_word' id='word_1_45' title='bbox 1391 1053 1704 1112; x_wconf 81' lang='lat' dir='ltr'><em>detestantur,</em></span> 
     </span>
     <span class='ocr_line' id='line_1_10' title="bbox 381 1122 1706 1170; baseline 0.002 -2"><span class='ocrx_word' id='word_1_46' title='bbox 381 1124 617 1169; x_wconf 69' lang='lat' dir='ltr'><em>haereticis</em></span> <span class='ocrx_word' id='word_1_47' title='bbox 639 1122 806 1167; x_wconf 87' lang='lat' dir='ltr'><em>iisdem</em></span> <span class='ocrx_word' id='word_1_48' title='bbox 830 1125 953 1168; x_wconf 89' lang='lat' dir='ltr'><em>inter</em></span> <span class='ocrx_word' id='word_1_49' title='bbox 980 1141 1029 1169; x_wconf 89' lang='lat' dir='ltr'><em>se</em></span> <span class='ocrx_word' id='word_1_50' title='bbox 1051 1124 1241 1170; x_wconf 86' lang='lat' dir='ltr'><em>collatis</em></span> <span class='ocrx_word' id='word_1_51' title='bbox 1260 1124 1480 1170; x_wconf 84' lang='lat' dir='ltr'><em>ostendit.</em></span> <span class='ocrx_word' id='word_1_52' title='bbox 1508 1125 1706 1170; x_wconf 89' lang='lat' dir='ltr'><em>Calum-</em></span> 
     </span>
     <span class='ocr_line' id='line_1_11' title="bbox 380 1194 1707 1257; baseline 0.002 -19"><span class='ocrx_word' id='word_1_53' title='bbox 380 1195 513 1238; x_wconf 90' lang='lat' dir='ltr'><em>niam</em></span> <span class='ocrx_word' id='word_1_54' title='bbox 526 1194 945 1253; x_wconf 70' lang='lat' dir='ltr'><em>proeoarz&#39;catiom&#39;s</em></span> <span class='ocrx_word' id='word_1_55' title='bbox 969 1196 1018 1238; x_wconf 89' lang='lat' dir='ltr'><em>in</em></span> <span class='ocrx_word' id='word_1_56' title='bbox 1036 1197 1301 1252; x_wconf 87' lang='lat' dir='ltr'><em>posteriore</em></span> <span class='ocrx_word' id='word_1_57' title='bbox 1312 1194 1510 1257; x_wconf 79' lang='lat' dir='ltr'><em>Pelagii</em></span> <span class='ocrx_word' id='word_1_58' title='bbox 1527 1196 1707 1241; x_wconf 83' lang='lat' dir='ltr'><em>Coeles-</em></span> 
     </span>
     <span class='ocr_line' id='line_1_12' title="bbox 381 1261 1711 1326; baseline 0.002 -18"><span class='ocrx_word' id='word_1_59' title='bbox 381 1266 525 1322; x_wconf 73' lang='lat' dir='ltr'><em>tz&#39;ique</em></span> <span class='ocrx_word' id='word_1_60' title='bbox 548 1262 634 1307; x_wconf 73' lang='lat' dir='ltr'><em>sul)</em></span> <span class='ocrx_word' id='word_1_61' title='bbox 658 1262 857 1307; x_wconf 85' lang='lat' dir='ltr'><em>Zosimo</em></span> <span class='ocrx_word' id='word_1_62' title='bbox 878 1261 1191 1309; x_wconf 85' lang='lat' dir='ltr'><em>damnatione</em></span> <span class='ocrx_word' id='word_1_63' title='bbox 1217 1264 1440 1310; x_wconf 70' lang='lat' dir='ltr'><em>admissae</em></span> <span class='ocrx_word' id='word_1_64' title='bbox 1456 1266 1711 1326; x_wconf 85' lang='lat' dir='ltr'><em>propulsat</em></span> 
     </span>
     <span class='ocr_line' id='line_1_13' title="bbox 377 1332 1710 1399; baseline 0.002 -20"><span class='ocrx_word' id='word_1_65' title='bbox 377 1335 651 1379; x_wconf 83' lang='lat' dir='ltr'><em>aRomanis</em></span> <span class='ocrx_word' id='word_1_66' title='bbox 670 1332 872 1389; x_wconf 71' lang='lat' dir='ltr'><em>clericis,</em></span> <span class='ocrx_word' id='word_1_67' title='bbox 897 1332 1150 1379; x_wconf 84' lang='lat' dir='ltr'><em>ostendens</em></span> <span class='ocrx_word' id='word_1_68' title='bbox 1174 1334 1455 1397; x_wconf 87' lang='lat' dir='ltr'><em>Pelagiana</em></span> <span class='ocrx_word' id='word_1_69' title='bbox 1475 1334 1710 1399; x_wconf 80' lang='lat' dir='ltr'><em>dogmata</em></span> 
     </span>
     <span class='ocr_line' id='line_1_14' title="bbox 376 1404 1709 1465; baseline 0.002 -15"><span class='ocrx_word' id='word_1_70' title='bbox 376 1422 624 1464; x_wconf 82' lang='lat' dir='ltr'><em>nunquam</em></span> <span class='ocrx_word' id='word_1_71' title='bbox 651 1406 816 1451; x_wconf 79' lang='lat' dir='ltr'><em>Romce</em></span> <span class='ocrx_word' id='word_1_72' title='bbox 843 1404 1119 1465; x_wconf 78' lang='lat' dir='ltr'><em>approbata</em></span> <span class='ocrx_word' id='word_1_73' title='bbox 1142 1442 1157 1461; x_wconf 80' lang='grc'>,</span> <span class='ocrx_word' id='word_1_74' title='bbox 1184 1408 1379 1452; x_wconf 79' lang='lat' dir='ltr'><em>tametsi</em></span> <span class='ocrx_word' id='word_1_75' title='bbox 1402 1407 1588 1452; x_wconf 84' lang='lat' dir='ltr'><em>Zosimi</em></span> <span class='ocrx_word' id='word_1_76' title='bbox 1613 1407 1709 1452; x_wconf 86' lang='lat' dir='ltr'><em>cle-</em></span> 
     </span>
     <span class='ocr_line' id='line_1_15' title="bbox 376 1474 1706 1535; baseline 0.001 -13"><span class='ocrx_word' id='word_1_77' title='bbox 376 1478 558 1523; x_wconf 88' lang='lat' dir='ltr'><em>mentia</em></span> <span class='ocrx_word' id='word_1_78' title='bbox 582 1476 731 1522; x_wconf 84' lang='lat' dir='ltr'><em>lenius</em></span> <span class='ocrx_word' id='word_1_79' title='bbox 748 1474 1035 1535; x_wconf 73' lang='lat' dir='ltr'><em>aliquandiu</em></span> <span class='ocrx_word' id='word_1_80' title='bbox 1060 1487 1222 1522; x_wconf 88' lang='lat' dir='ltr'><em>actum</em></span> <span class='ocrx_word' id='word_1_81' title='bbox 1243 1479 1304 1522; x_wconf 88' lang='lat' dir='ltr'><em>sit</em></span> <span class='ocrx_word' id='word_1_82' title='bbox 1324 1494 1432 1523; x_wconf 89' lang='lat' dir='ltr'><em>cum</em></span> <span class='ocrx_word' id='word_1_83' title='bbox 1456 1477 1680 1523; x_wconf 83' lang='lat' dir='ltr'><em>Coelestio</em></span> <span class='ocrx_word' id='word_1_84' title='bbox 1691 1515 1706 1535; x_wconf 79' lang='grc'>,</span> 
     </span>
     <span class='ocr_line' id='line_1_16' title="bbox 379 1545 1710 1608; baseline 0.002 -17"><span class='ocrx_word' id='word_1_85' title='bbox 379 1557 429 1592; x_wconf 92' lang='lat' dir='ltr'><em>ut</em></span> <span class='ocrx_word' id='word_1_86' title='bbox 452 1546 522 1591; x_wconf 86' lang='lat' dir='ltr'><em>ad</em></span> <span class='ocrx_word' id='word_1_87' title='bbox 540 1545 849 1608; x_wconf 80' lang='lat' dir='ltr'><em>corrigendos</em></span> <span class='ocrx_word' id='word_1_88' title='bbox 875 1563 1058 1592; x_wconf 89' lang='lat' dir='ltr'><em>errores</em></span> <span class='ocrx_word' id='word_1_89' title='bbox 1079 1563 1188 1592; x_wconf 87' lang='lat' dir='ltr'><em>suos</em></span> <span class='ocrx_word' id='word_1_90' title='bbox 1219 1547 1553 1594; x_wconf 76' lang='lat' dir='ltr'><em>adduceretur.</em></span> <span class='ocrx_word' id='word_1_91' title='bbox 1582 1548 1710 1594; x_wconf 87' lang='lat' dir='ltr'><em>Gra-</em></span> 
     </span>
     <span class='ocr_line' id='line_1_17' title="bbox 382 1617 1711 1679; baseline 0.002 -17"><span class='ocrx_word' id='word_1_92' title='bbox 382 1619 459 1662; x_wconf 77' lang='lat' dir='ltr'><em>tice</em></span> <span class='ocrx_word' id='word_1_93' title='bbox 495 1620 685 1662; x_wconf 88' lang='lat' dir='ltr'><em>nomine</em></span> <span class='ocrx_word' id='word_1_94' title='bbox 726 1633 813 1662; x_wconf 88' lang='lat' dir='ltr'><em>nec</em></span> <span class='ocrx_word' id='word_1_95' title='bbox 830 1617 1006 1679; x_wconf 88' lang='lat' dir='ltr'><em>fatum</em></span> <span class='ocrx_word' id='word_1_96' title='bbox 1039 1620 1195 1663; x_wconf 82' lang='lat' dir='ltr'><em>asseri</em></span> <span class='ocrx_word' id='word_1_97' title='bbox 1228 1636 1260 1663; x_wconf 87' lang='lat' dir='ltr'><em>a</em></span> <span class='ocrx_word' id='word_1_98' title='bbox 1295 1619 1559 1665; x_wconf 76' lang='lat' dir='ltr'><em>Catholicis</em></span> <span class='ocrx_word' id='word_1_99' title='bbox 1581 1656 1596 1676; x_wconf 83' lang='lat'><em>,</em></span> <span class='ocrx_word' id='word_1_100' title='bbox 1622 1636 1711 1665; x_wconf 93' lang='lat' dir='ltr'><em>nec</em></span> 
     </span>
     <span class='ocr_line' id='line_1_18' title="bbox 376 1688 1710 1749; baseline 0.003 -17"><span class='ocrx_word' id='word_1_101' title='bbox 376 1704 697 1748; x_wconf 85' lang='lat' dir='ltr'><em>personarum</em></span> <span class='ocrx_word' id='word_1_102' title='bbox 721 1690 1051 1747; x_wconf 86' lang='lat' dir='ltr'><em>acceptionem</em></span> <span class='ocrx_word' id='word_1_103' title='bbox 1081 1689 1188 1734; x_wconf 90' lang='lat' dir='ltr'><em>Deo</em></span> <span class='ocrx_word' id='word_1_104' title='bbox 1211 1688 1376 1735; x_wconf 81' lang='lat' dir='ltr'><em>tribui.-</em></span> <span class='ocrx_word' id='word_1_105' title='bbox 1397 1693 1616 1749; x_wconf 82' lang='lat' dir='ltr'><em>quamvis</em></span> <span class='ocrx_word' id='word_1_106' title='bbox 1634 1707 1710 1736; x_wconf 93' lang='lat' dir='ltr'><em>re—</em></span> 
     </span>
     <span class='ocr_line' id='line_1_19' title="bbox 382 1758 1710 1821; baseline 0.002 -17"><span class='ocrx_word' id='word_1_107' title='bbox 382 1775 499 1804; x_wconf 81' lang='lat' dir='ltr'><em>vera</em></span> <span class='ocrx_word' id='word_1_108' title='bbox 535 1758 631 1804; x_wconf 89' lang='lat' dir='ltr'><em>Dei</em></span> <span class='ocrx_word' id='word_1_109' title='bbox 660 1760 877 1821; x_wconf 78' lang='lat' dir='ltr'><em>gratiam</em></span> <span class='ocrx_word' id='word_1_110' title='bbox 915 1775 1011 1803; x_wconf 88' lang='lat' dir='ltr'><em>non</em></span> <span class='ocrx_word' id='word_1_111' title='bbox 1050 1759 1309 1804; x_wconf 88' lang='lat' dir='ltr'><em>secundum</em></span> <span class='ocrx_word' id='word_1_112' title='bbox 1350 1764 1521 1806; x_wconf 90' lang='lat' dir='ltr'><em>merita</em></span> <span class='ocrx_word' id='word_1_113' title='bbox 1560 1760 1710 1806; x_wconf 88' lang='lat' dir='ltr'><em>homi-</em></span> 
     </span>
     <span class='ocr_line' id='line_1_20' title="bbox 382 1828 1711 1892; baseline 0.001 -16"><span class='ocrx_word' id='word_1_114' title='bbox 382 1846 496 1876; x_wconf 92' lang='lat' dir='ltr'><em>num</em></span> <span class='ocrx_word' id='word_1_115' title='bbox 532 1828 645 1875; x_wconf 89' lang='lat' dir='ltr'><em>dari</em></span> <span class='ocrx_word' id='word_1_116' title='bbox 676 1829 842 1874; x_wconf 87' lang='lat' dir='ltr'><em>dicant</em></span> <span class='ocrx_word' id='word_1_117' title='bbox 863 1866 878 1885; x_wconf 82' lang='lat'><em>,</em></span> <span class='ocrx_word' id='word_1_118' title='bbox 919 1840 964 1874; x_wconf 88' lang='lat' dir='ltr'><em>et</em></span> <span class='ocrx_word' id='word_1_119' title='bbox 1004 1828 1117 1875; x_wconf 83' lang='lat' dir='ltr'><em>boni</em></span> <span class='ocrx_word' id='word_1_120' title='bbox 1150 1831 1463 1891; x_wconf 80' lang='lat' dir='ltr'><em>cupiditatem</em></span> <span class='ocrx_word' id='word_1_121' title='bbox 1498 1833 1711 1892; x_wconf 89' lang='lat' dir='ltr'><em>primam</em></span> 
     </span>
     <span class='ocr_line' id='line_1_21' title="bbox 383 1900 1710 1964; baseline 0.003 -19"><span class='ocrx_word' id='word_1_122' title='bbox 383 1902 615 1961; x_wconf 86' lang='lat' dir='ltr'><em>inspirari</em></span> <span class='ocrx_word' id='word_1_123' title='bbox 633 1918 667 1946; x_wconf 83' lang='lat' dir='ltr'><em>a</em></span> <span class='ocrx_word' id='word_1_124' title='bbox 687 1900 795 1945; x_wconf 89' lang='lat' dir='ltr'><em>Deo</em></span> <span class='ocrx_word' id='word_1_125' title='bbox 804 1937 819 1957; x_wconf 77' lang='grc'>,</span> <span class='ocrx_word' id='word_1_126' title='bbox 843 1902 912 1945; x_wconf 89' lang='lat' dir='ltr'><em>ita</em></span> <span class='ocrx_word' id='word_1_127' title='bbox 942 1911 992 1946; x_wconf 89' lang='lat' dir='ltr'><em>ut</em></span> <span class='ocrx_word' id='word_1_128' title='bbox 1012 1903 1205 1948; x_wconf 89' lang='lat' dir='ltr'><em>omnino</em></span> <span class='ocrx_word' id='word_1_129' title='bbox 1227 1919 1324 1948; x_wconf 86' lang='lat' dir='ltr'><em>non</em></span> <span class='ocrx_word' id='word_1_130' title='bbox 1346 1905 1545 1964; x_wconf 89' lang='lat' dir='ltr'><em>incipiat</em></span> <span class='ocrx_word' id='word_1_131' title='bbox 1569 1902 1710 1949; x_wconf 88' lang='lat' dir='ltr'><em>homo</em></span> 
     </span>
     <span class='ocr_line' id='line_1_22' title="bbox 384 1971 1712 2037; baseline 0.002 -20"><span class='ocrx_word' id='word_1_132' title='bbox 384 1988 447 2017; x_wconf 74' lang='lat' dir='ltr'><em>ex</em></span> <span class='ocrx_word' id='word_1_133' title='bbox 469 1971 601 2017; x_wconf 87' lang='lat' dir='ltr'><em>malo</em></span> <span class='ocrx_word' id='word_1_134' title='bbox 623 1989 672 2016; x_wconf 83' lang='lat' dir='ltr'><em>in</em></span> <span class='ocrx_word' id='word_1_135' title='bbox 697 1971 871 2017; x_wconf 82' lang='lat' dir='ltr'><em>bonum</em></span> <span class='ocrx_word' id='word_1_136' title='bbox 892 1975 1193 2030; x_wconf 82' lang='lat' dir='ltr'><em>commutari,</em></span> <span class='ocrx_word' id='word_1_137' title='bbox 1206 1975 1301 2018; x_wconf 79' lang='lat' dir='ltr'><em>nisi</em></span> <span class='ocrx_word' id='word_1_138' title='bbox 1312 1973 1402 2020; x_wconf 90' lang='lat' dir='ltr'><em>hoc</em></span> <span class='ocrx_word' id='word_1_139' title='bbox 1421 1976 1470 2020; x_wconf 88' lang='lat' dir='ltr'><em>in</em></span> <span class='ocrx_word' id='word_1_140' title='bbox 1487 1974 1568 2020; x_wconf 88' lang='lat' dir='ltr'><em>illo</em></span> <span class='ocrx_word' id='word_1_141' title='bbox 1590 1984 1712 2037; x_wconf 84' lang='lat' dir='ltr'><em>agat</em></span> 
     </span>
     <span class='ocr_line' id='line_1_23' title="bbox 383 2041 1381 2105; baseline 0.003 -18"><span class='ocrx_word' id='word_1_142' title='bbox 383 2041 598 2088; x_wconf 76' lang='lat' dir='ltr'><em>indebita</em></span> <span class='ocrx_word' id='word_1_143' title='bbox 621 2052 667 2088; x_wconf 89' lang='lat' dir='ltr'><em>et</em></span> <span class='ocrx_word' id='word_1_144' title='bbox 682 2044 899 2105; x_wconf 82' lang='lat' dir='ltr'><em>gratuita</em></span> <span class='ocrx_word' id='word_1_145' title='bbox 921 2042 1252 2090; x_wconf 87' lang='lat' dir='ltr'><em>misericordia</em></span> <span class='ocrx_word' id='word_1_146' title='bbox 1272 2044 1381 2091; x_wconf 89' lang='lat' dir='ltr'><em>Dei.</em></span> 
     </span>
    </p>
   </div>
   <div class='ocr_carea' id='block_1_5' title="bbox 324 2328 1710 2602">
    <p class='ocr_par' dir='ltr' id='par_1_5' title="bbox 324 2328 1710 2602">
     <span class='ocr_line' id='line_1_24' title="bbox 384 2328 1710 2387; baseline 0.002 -14"><span class='ocrx_word' id='word_1_147' title='bbox 384 2332 419 2373; x_wconf 92' lang='grc' dir='ltr'><em>Ι.</em></span> <span class='ocrx_word' id='word_1_148' title='bbox 437 2331 462 2373; x_wconf 88' lang='lat' dir='ltr'>J</span> <span class='ocrx_word' id='word_1_149' title='bbox 466 2345 527 2373; x_wconf 83' lang='lat' dir='ltr'><em>AM</em></span> <span class='ocrx_word' id='word_1_150' title='bbox 556 2344 674 2374; x_wconf 90' lang='lat' dir='ltr'><em>nunc</em></span> <span class='ocrx_word' id='word_1_151' title='bbox 693 2328 842 2386; x_wconf 78' lang='lat' dir='ltr'><em>aliam,</em></span> <span class='ocrx_word' id='word_1_152' title='bbox 867 2346 957 2376; x_wconf 90' lang='lat' dir='ltr'><em>non</em></span> <span class='ocrx_word' id='word_1_153' title='bbox 978 2333 1002 2374; x_wconf 86' lang='lat' dir='ltr'>J</span> <span class='ocrx_word' id='word_1_154' title='bbox 1007 2330 1139 2375; x_wconf 89' lang='lat' dir='ltr'><em>uliani</em></span> <span class='ocrx_word' id='word_1_155' title='bbox 1153 2339 1342 2387; x_wconf 77' lang='lat' dir='ltr'><em>tantum,</em></span> <span class='ocrx_word' id='word_1_156' title='bbox 1362 2330 1437 2376; x_wconf 88' lang='lat' dir='ltr'><em>sed</em></span> <span class='ocrx_word' id='word_1_157' title='bbox 1458 2331 1497 2374; x_wconf 91' lang='lat' dir='ltr'><em>ei</em></span> <span class='ocrx_word' id='word_1_158' title='bbox 1517 2345 1710 2375; x_wconf 89' lang='lat' dir='ltr'><em>commu-</em></span> 
     </span>
     <span class='ocr_line' id='line_1_25' title="bbox 324 2400 1709 2462; baseline 0.003 -20"><span class='ocrx_word' id='word_1_159' title='bbox 324 2413 425 2442; x_wconf 86' lang='lat' dir='ltr'><em>nem</em></span> <span class='ocrx_word' id='word_1_160' title='bbox 453 2415 553 2443; x_wconf 90' lang='lat' dir='ltr'><em>cum</em></span> <span class='ocrx_word' id='word_1_161' title='bbox 581 2400 778 2458; x_wconf 88' lang='lat' dir='ltr'><em>plurimis</em></span> <span class='ocrx_word' id='word_1_162' title='bbox 803 2400 1040 2459; x_wconf 82' lang='lat' dir='ltr'><em>Pelagianis</em></span> <span class='ocrx_word' id='word_1_163' title='bbox 1069 2401 1303 2461; x_wconf 84' lang='lat' dir='ltr'><em>episcopiS‚</em></span> <span class='ocrx_word' id='word_1_164' title='bbox 1328 2416 1459 2462; x_wconf 87' lang='lat' dir='ltr'><em>quam</em></span> <span class='ocrx_word' id='word_1_165' title='bbox 1484 2400 1709 2446; x_wconf 86' lang='lat' dir='ltr'><em>Thessalo-</em></span> 
     </span>
     <span class='ocr_line' id='line_1_26' title="bbox 324 2470 1707 2531; baseline 0.002 -18"><span class='ocrx_word' id='word_1_166' title='bbox 324 2470 464 2514; x_wconf 85' lang='lat' dir='ltr'><em>nicam</em></span> <span class='ocrx_word' id='word_1_167' title='bbox 484 2472 695 2514; x_wconf 87' lang='lat' dir='ltr'><em>miserunt</em></span> <span class='ocrx_word' id='word_1_168' title='bbox 710 2506 721 2525; x_wconf 82' lang='grc'>,</span> <span class='ocrx_word' id='word_1_169' title='bbox 747 2471 1066 2516; x_wconf 79' lang='lat' dir='ltr'><em>consideremus</em></span> <span class='ocrx_word' id='word_1_170' title='bbox 1088 2471 1328 2530; x_wconf 83' lang='lat' dir='ltr'><em>epistolam,</em></span> <span class='ocrx_word' id='word_1_171' title='bbox 1355 2473 1498 2531; x_wconf 86' lang='lat' dir='ltr'><em>eique,</em></span> <span class='ocrx_word' id='word_1_172' title='bbox 1522 2472 1707 2517; x_wconf 90' lang='lat' dir='ltr'><em>Domino</em></span> 
     </span>
     <span class='ocr_line' id='line_1_27' title="bbox 325 2538 1706 2602; baseline 0.003 -19"><span class='ocrx_word' id='word_1_173' title='bbox 325 2538 576 2598; x_wconf 78' lang='lat' dir='ltr'><em>adjuvante,</em></span> <span class='ocrx_word' id='word_1_174' title='bbox 602 2543 937 2600; x_wconf 84' lang='lat' dir='ltr'><em>respondeamus</em></span> <span class='ocrx_word' id='word_1_175' title='bbox 951 2578 961 2598; x_wconf 85' lang='grc'>,</span> <span class='ocrx_word' id='word_1_176' title='bbox 983 2552 1032 2587; x_wconf 90' lang='lat' dir='ltr'><em>ut</em></span> <span class='ocrx_word' id='word_1_177' title='bbox 1052 2557 1294 2602; x_wconf 85' lang='lat' dir='ltr'><em>possumus.</em></span> <span class='ocrx_word' id='word_1_178' title='bbox 1317 2543 1447 2595; x_wconf 86' lang='lat' dir='ltr'><em>Quod</em></span> <span class='ocrx_word' id='word_1_179' title='bbox 1476 2556 1584 2601; x_wconf 89' lang='lat' dir='ltr'><em>opus</em></span> <span class='ocrx_word' id='word_1_180' title='bbox 1603 2557 1706 2587; x_wconf 90' lang='lat' dir='ltr'><em>nos-</em></span> 
     </span>
    </p>
   </div>
  </div>
 </body>
</html>
