1784 3205
316 221 399 257 288
752 229 784 254 5.
822 225 1052 253 Αιωετωτι
1089 225 1267 251 muscom

377 296 451 337 IV.
493 295 546 337 Ut
563 293 676 335 enim
695 293 784 350 jam
804 289 1002 347 incipiam
1028 287 1338 342 demonstrare,
1359 301 1458 345 quae
1482 285 1699 345 praecipue

316 364 463 408 sintin
486 363 577 421 ejus
596 361 886 421 disputatione
908 357 1082 402 vitanda
1113 377 1120 401 ι
1151 377 1166 396 «
1191 359 1386 401 Animam
1415 356 1520 399 dicit
1557 371 1579 398 a
1612 357 1701 398 Deo

315 433 493 493 quidem
516 432 691 485 factam,
716 446 794 474 nee
815 429 890 473 Dei
915 443 1004 472 esse
1029 437 1192 486 partem
1216 428 1303 471 sive
1326 436 1524 470 naturam
1544 446 1556 482 3
1580 422 1700 484 quod

317 505 495 548 omnino
524 517 674 547 verum
696 510 758 545 est
779 520 788 545 ;
813 499 887 543 secl
908 514 1006 543 cum
1030 514 1124 542 eam
1154 514 1242 542 non
1264 499 1359 541 vult
1378 513 1427 540 ex
1452 497 1589 540 nihilo
1615 495 1705 538 fac-

318 584 403 619 tam
427 573 567 625 fateri,
594 580 636 614 et
660 570 786 614 aliam
810 569 975 613 nullam
995 578 1235 612 ereaturam
1252 567 1369 611 unde
1386 567 1439 610 sit
1457 566 1569 610 faeta
1586 580 1705 608 com-

319 652 544 696 memorat,
568 651 698 701 atque
720 641 777 684 ita
800 640 864 684 illi
886 640 960 685 dat
987 649 1205 684 auctorem
1237 642 1372 681 Deum
1393 673 1403 690 ‚
1429 649 1474 680 ut
1494 651 1636 695 neque
1653 650 1705 678 ex

319 714 448 758 nullis
470 713 743 767 extantibus,
770 731 788 753 »
812 712 856 754 id
879 721 957 766 est,
979 726 1027 755 ex
1052 710 1203 763 nihilo,
1230 724 1371 768 neque
1389 723 1439 751 ex
1462 707 1606 766 aliqua
1642 721 1701 761 re,

319 801 417 843 quae
441 800 529 828 non
548 793 610 827 est
633 782 752 842 quod
781 786 893 826 Deus
923 792 1007 837 est,
1034 780 1108 824 sed
1136 800 1155 821 «
1180 779 1233 823 de
1255 795 1299 822 se
1324 779 1415 837 ipso
1437 793 1530 821 eam
1562 776 1710 820 fecisse

319 855 522 900 credatur
545 875 556 912 3
592 872 611 894 n
643 854 778 897 nescit
805 868 855 896 eo
880 868 922 895 se
947 850 1133 905 revolvi,
1165 850 1285 909 quod
1307 848 1540 892 declinasse
1561 863 1605 890 se
1628 862 1710 905 pu-

322 935 399 981 tat,
428 935 475 970 ut
498 925 660 969 seilicet
682 923 789 967 nihil
813 923 931 967 aliud
957 923 1098 967 anima
1121 936 1250 980 quam
1279 921 1351 964 Dei
1382 929 1535 962 natura
1556 919 1638 975 sit3
1665 934 1713 961 ae

321 998 380 1042 sic
410 1004 726 1056 consequenter
756 1004 799 1038 et
832 995 887 1038 de
912 994 987 1038 Dei
1015 1002 1168 1036 natura
1192 992 1267 1035 fiat
1296 990 1459 1049 aliquid
1484 990 1538 1033 ab
1560 989 1714 1033 eodem

322 1071 428 1122 Deo,
454 1068 524 1112 cui
544 1066 744 1112 faciendo
767 1066 943 1109 materia
964 1064 1018 1108 de
1045 1080 1131 1123 qua
1153 1063 1271 1116 facit,
1297 1063 1349 1105 sit
1372 1062 1461 1120 ipse
1479 1061 1554 1119 qui
1578 1059 1681 1104 facit
1703 1077 1711 1102 :

324 1154 372 1183 ac
388 1154 465 1198 per
479 1140 562 1182 hoc
586 1147 628 1181 et
646 1139 719 1181 Dei
747 1137 800 1180 sit
823 1146 975 1180 natura
1001 1133 1238 1187 mutabilis,
1265 1142 1308 1176 et
1335 1141 1501 1175 mutata
1523 1131 1568 1174 in
1594 1130 1714 1173 dete-

325 1210 412 1253 rius
437 1208 630 1269 ejusdem
655 1208 787 1266 ipsius
817 1206 892 1249 Dei
923 1206 976 1248 ab
1003 1204 1158 1257 eodem
1181 1204 1274 1262 ipso
1296 1205 1385 1246 Deo
1408 1211 1562 1245 natura
1587 1200 1712 1244 dam-

326 1288 468 1323 netur.
509 1278 637 1330 Quod
673 1293 750 1336 pro
777 1286 851 1320 tua
886 1274 1003 1319 fideli
1039 1273 1350 1330 intelligentia,
1385 1287 1515 1331 quam
1545 1286 1633 1314 non
1663 1270 1717 1313 sit

328 1349 614 1410 opinandum,
641 1358 684 1392 et
706 1363 837 1408 quam
861 1347 914 1390 sit
936 1362 959 1389 a
984 1345 1114 1389 corde
1142 1343 1359 1388 catholico
1382 1341 1716 1395 secludendum,

328 1421 543 1480 longeque
561 1418 837 1477 fugiendum,
864 1417 997 1461 vides.
1020 1420 1083 1460 Ita
1108 1416 1270 1475 quippe
1288 1414 1430 1458 anima
1454 1412 1523 1457 vel
1542 1412 1595 1456 de
1615 1412 1722 1455 flatu

332 1491 532 1546 fact-affel
548 1492 622 1534 Dei
641 1491 769 1534 ssatus
785 1489 927 1532 faetus
945 1497 1008 1531 est
1022 1486 1127 1546 ipsa,
1142 1496 1190 1530 ut
1208 1501 1295 1530 non
1306 1485 1359 1528 de
1377 1485 1468 1543 ipso
1487 1484 1555 1538 sit,
1576 1482 1651 1526 sed
1667 1482 1722 1526 ab

336 1562 427 1620 ipso
451 1561 504 1604 de
523 1560 660 1604 nihilo
689 1569 829 1603 creata
852 1559 920 1602 sit.
947 1561 1096 1617 Neque
1121 1558 1235 1600 enim
1258 1557 1367 1600 sieut
1394 1556 1524 1600 homo
1545 1552 1722 1613 quando

333 1632 497 1686 sufflat,
516 1647 603 1675 non
618 1630 822 1690 potestde
837 1629 971 1673 nihilo
989 1629 1141 1672 flatum
1161 1629 1318 1681 faeere,
1334 1626 1408 1671 sed
1423 1641 1551 1686 quem
1574 1625 1627 1668 de
1643 1625 1724 1668 isto

335 1708 431 1747 aere
450 1702 585 1756 ducit,
599 1703 716 1746 hunc
731 1701 872 1745 reddit
886 1722 896 1757 3
911 1701 968 1744 ita
988 1703 1075 1744 Deo
1087 1699 1331 1758 putandum
1349 1707 1410 1741 est
1425 1713 1547 1741 auras
1562 1696 1725 1754 aliquas

335 1772 616 1818 circumfusas
634 1775 722 1831 jam
742 1772 889 1826 fuisse,
918 1785 1102 1829 quarum
1120 1770 1316 1827 exiguam
1335 1767 1566 1827 quamdam
1592 1765 1726 1824 parti-

337 1844 477 1889 culam
492 1844 696 1901 spirando
712 1843 917 1894 traheret,
937 1850 979 1883 et
998 1840 1248 1898 respirando
1268 1837 1533 1891 refunderet,
1550 1835 1724 1896 quando

337 1916 382 1958 in
408 1915 592 1959 hominis
617 1913 766 1956 faeiem
788 1912 992 1965 sufflavit,
1013 1911 1138 1969 eique
1157 1909 1232 1953 illo
1250 1908 1381 1953 modo
1400 1908 1587 1952 animam
1604 1906 1722 1951 feeit.

340 1984 468 2037 Quod
491 1993 532 2027 et
554 1984 586 2026 si
610 1984 667 2026 ita
687 1992 811 2035 esset,
835 1997 914 2025 nee
937 1983 995 2025 sic
1020 1980 1074 2024 de
1096 1981 1205 2038 ipso,
1231 1979 1305 2023 sed
1335 1981 1388 2023 de
1416 1977 1651 2038 subjacenti
1682 1992 1726 2019 re

342 2054 484 2113 aliqua
505 2054 642 2097 flabili
668 2063 807 2110 posset
826 2068 915 2095 esse
933 2050 1053 2110 quod
1072 2051 1204 2094 flavit.
1228 2051 1310 2094 Sed
1328 2050 1436 2093 absit
1455 2058 1502 2092 ut
1521 2062 1727 2106 negemus

343 2126 685 2183 omnipotentem
710 2123 762 2166 de
786 2122 921 2165 nihilo
944 2122 1098 2164 flatum
1118 2121 1220 2163 vitae
1246 2120 1389 2163 faeere
1413 2120 1615 2178 potuisse,
1639 2133 1727 2177 quo

344 2197 464 2239 fleret
488 2197 618 2239 homo
642 2195 685 2237 in
709 2194 894 2237 animam
915 2193 1053 2236 vivam
1084 2210 1092 2234 ·.
1119 2201 1248 2250 atque
1270 2191 1313 2233 in
1331 2206 1399 2233 eas
1416 2189 1728 2234 contrudamur

344 2267 577 2324 angustias7
614 2275 662 2308 ut
683 2264 748 2307 vel
765 2265 854 2323 jam
880 2261 1009 2306 fuisse
1033 2261 1196 2320 aliquid
1219 2261 1337 2319 quod
1370 2261 1457 2320 ipse
1487 2276 1574 2303 non
1597 2268 1724 2313 esset,

347 2339 462 2380 unde
491 2338 643 2380 flatum
667 2336 844 2388 faceret,
873 2335 1131 2392 opinemur3
1159 2331 1225 2376 vel
1252 2332 1369 2391 quod
1405 2330 1614 2374 mutabile
1638 2330 1728 2374 sac-

349 2417 439 2451 tum
463 2408 676 2460 videmus,
701 2407 754 2449 (le
773 2421 814 2449 se
832 2407 924 2464 ipso
949 2404 1096 2448 secisse
1120 2403 1360 2447 credamus.
1387 2402 1515 2455 Quod
1539 2403 1652 2444 enim
1676 2400 1730 2444 de

348 2479 439 2536 ipso
461 2487 538 2531 est,
567 2492 737 2521 necesse
754 2485 816 2520 est
837 2485 884 2519 ut
908 2475 1098 2535 ejusdem
1129 2483 1294 2518 naturae
1315 2473 1370 2516 sit
1389 2474 1510 2532 eujus
1533 2472 1621 2529 ipse
1649 2480 1726 2525 est,

349 2565 397 2594 ac
415 2564 490 2608 per
506 2550 593 2594 hoc
614 2549 742 2593 etiam
763 2545 1032 2594 immutabile
1049 2546 1116 2591 sit.
1136 2544 1290 2590 Anima
1304 2559 1421 2599 vero,
1441 2543 1560 2602 quod
1582 2556 1729 2586 omnes
