1804 3205
529 230 581 258 οε
613 229 754 258 casua
787 227 972 255 autimi.
1393 215 1442 251 87

68 298 168 344 fidei
189 297 393 357 reprobat
413 305 457 341 et
477 295 834 349 anathematizat,
853 291 1172 338 communionis
1189 290 1444 335 ceclesiasti-

67 384 130 415 coe
155 382 256 413 eum
276 382 366 412 esse
387 377 430 412 et
450 366 677 411 catholicae
699 366 975 411 confitemur.

126 441 258 485 XLV.
287 440 330 485 Si
358 440 438 484 ista
465 439 553 482 sint
577 447 710 497 gesta,
736 437 897 496 quibus
926 433 1052 479 amici
1080 432 1238 490 Pelagii
1262 430 1454 491 gaudent

65 525 167 555 eum
191 525 280 555 esse
301 518 535 570 purgatum
562 526 570 554 ε
591 522 686 564 nos,
709 507 916 568 quoniam
936 519 1037 564 erga
1057 518 1102 548 se
1123 512 1314 547 nostram
1337 515 1453 561 quo-

65 595 153 642 que
168 581 417 636 amicitiam,
434 579 611 640 prolatis
626 579 754 624 etiam
774 577 1057 622 familiaribus
1073 573 1264 635 epistolis
1278 573 1450 627 nostris,

66 662 197 712 atque
227 653 272 696 in
306 652 388 697 hoc
414 650 581 712 judicio
622 650 807 695 recitatis
828 684 839 704 ,
873 663 981 708 quas
1012 649 1191 692 insertas
1225 645 1452 689 continent

65 731 181 782 gesta
200 758 211 778 ,
251 723 351 767 satis
390 722 575 782 probare
612 720 806 775 curavit,
848 719 1032 764 salutem
1065 717 1244 778 quidem
1283 716 1375 774 ejus
1407 715 1452 757 in

67 795 240 839 Christo
258 793 458 852 cupimus
479 803 522 838 et
539 803 740 852 optamus
759 791 837 838 :de
856 792 933 835 ista
953 804 1056 835 vero
1071 790 1161 849 ejus
1178 786 1451 847 purgatione,

66 880 167 924 quae
184 866 319 923 magis
336 864 550 918 creditur,
570 879 702 924 quam
722 862 888 924 liquido
906 863 1243 906 demonstratur,
1267 857 1454 916 gaudere

68 944 230 979 temere
260 950 348 979 non
375 935 602 979 debemus.
629 938 779 993 Neque
802 936 884 978 hoc
906 933 1078 984 dicens,
1101 929 1297 988 judicum
1320 942 1455 985 arguo

67 1004 135 1049 vel
152 1004 478 1064 negligentiam,
500 1004 567 1048 vel
583 1003 928 1058 conniventiam,
949 1002 1017 1047 vel
1033 999 1153 1061 quod
1171 999 1224 1042 ab
1246 999 1304 1042 eis
1326 996 1456 1054 longe

65 1076 299 1120 abhorrere
316 1076 599 1119 certissimum
617 1083 695 1125 est,
715 1075 949 1133 impiorum
964 1073 1218 1130 dogmatum
1235 1069 1455 1113 conscien-

67 1147 170 1191 tiam
193 1147 294 1192 :sed
318 1161 469 1191 eorum
486 1146 652 1205 judicio
675 1161 753 1205 pro
775 1145 928 1188 merito
949 1143 1189 1202 approbato
1209 1151 1339 1200 atque
1357 1139 1455 1183 lau·

65 1216 185 1272 dato,
208 1218 405 1277 Pelagius
427 1227 573 1262 tamen
592 1217 707 1277 apud
730 1232 800 1260 eos
822 1212 1184 1276 quibusamplius
1207 1212 1453 1269 certiusque

67 1298 195 1333 notus
217 1299 295 1343 est,
321 1304 410 1333 non
431 1289 536 1333 mihi
554 1288 727 1333 videtur
749 1302 839 1332 esse
865 1294 1087 1345 purgatus.
1116 1282 1184 1327 Illi
1209 1283 1325 1325 enirn
1354 1291 1453 1324 tan-

66 1374 199 1419 quam
222 1360 276 1403 de
298 1360 448 1418 ignoto
467 1358 728 1419 judicantes,
756 1359 819 1401 his
841 1356 1080 1416 praesertim
1104 1352 1357 1398 absentibus
1379 1351 1453 1411 qui

67 1439 219 1475 contra
233 1445 332 1473 eum
350 1429 549 1474 libellum
572 1428 806 1482 dederant,
829 1429 1051 1472 hominem
1074 1423 1250 1484 quidem
1268 1422 1455 1479 diligen-

69 1501 150 1545 tius
170 1502 414 1545 examinare
433 1500 612 1544 minime
632 1507 893 1559 potuerunt:
914 1497 1111 1542 haeresim
1133 1505 1280 1540 tamen
1299 1494 1452 1552 ipsam,

64 1572 98 1614 si
115 1585 269 1615 eorum
287 1579 526 1630 sequantur
537 1569 753 1630 judicium
775 1569 852 1629 qui
867 1583 947 1628 pro
965 1569 1055 1628 ejus
1068 1566 1346 1627 perversitate
1362 1578 1456 1608 cer-

64 1642 245 1696 tabant,
285 1641 457 1701 penitus
480 1649 774 1700 peremerunt.
805 1638 875 1683 Illi
903 1647 1048 1683 autem
1074 1638 1151 1698 qui
1176 1637 1288 1680 bene
1312 1635 1456 1680 sciunt

64 1726 164 1771 quae
184 1711 380 1770 Pelagius
398 1711 553 1756 docere
569 1710 810 1765 consuevit,
831 1709 918 1754 sive
936 1709 1013 1769 qui
1030 1709 1121 1768 ejus
1143 1705 1454 1766 disputationi-

65 1781 147 1825 bus
175 1783 437 1836 restiterunt,
467 1781 556 1825 sive
589 1782 665 1841 qui
696 1796 749 1825 ex
775 1780 870 1840 ipso
897 1794 1042 1825 errore
1064 1794 1107 1824 se
1134 1779 1339 1822 liberatos
1361 1791 1452 1821 esse

64 1851 354 1915 gratulantur,
379 1851 604 1912 quomodo
629 1860 815 1910 possunt
837 1865 938 1894 eum
966 1865 1056 1894 non
1083 1850 1246 1893 habere
1273 1862 1453 1907 suspec-

66 1932 178 1977 tum,
203 1923 382 1982 quando
405 1923 495 1980 ejus
516 1937 605 1965 non
628 1921 869 1979 simplicem
896 1919 1210 1964 confessionem
1236 1918 1453 1977 praeterita

65 2001 204 2037 errata
227 1992 526 2046 damnantem,
550 1991 625 2035 sed
649 1990 779 2035 talem
800 1989 1116 2035 confessionem
1137 1989 1306 2046 legunt,
1333 1988 1455 2048 quasi

65 2078 293 2123 nunquam
312 2062 434 2107 aliter
455 2062 650 2116 senserit,
663 2076 793 2121 quam
816 2061 897 2105 isto
915 2058 1081 2121 judicio
1103 2058 1149 2103 in
1169 2059 1260 2118 ejus
1280 2067 1343 2103 est
1366 2073 1457 2102 res-

69 2134 352 2194 ponsionibus
373 2133 690 2193 approbatum?

128 2207 284 2249 XLVI.
312 2207 437 2259 Nam,
473 2213 519 2248 ut
552 2203 607 2247 dc
633 2218 703 2247 me
730 2203 823 2262 ipso
846 2201 1116 2261 potissimum
1148 2200 1307 2254 dicam,
1339 2199 1456 2258 prius

70 2276 259 2320 absentis
284 2284 327 2320 et
357 2278 510 2319 Romae
537 2274 763 2319 constituti
791 2271 950 2332 Pelagii
980 2287 1141 2316 nomen
1170 2286 1270 2315 cum
1300 2285 1454 2329 magna

69 2348 160 2406 ejus
186 2346 316 2390 laude
336 2346 519 2404 cognovi
540 2364 550 2391 ι
572 2353 721 2405 postea
751 2344 887 2403 coepit
912 2342 967 2387 ad
1001 2357 1079 2386 nos
1106 2340 1222 2385 fama
1248 2340 1455 2400 perferre,

69 2416 190 2477 quod
215 2418 417 2462 adversus
446 2417 523 2461 Dei
552 2416 733 2476 gratiam
762 2415 1027 2474 disputaret3
1057 2412 1176 2473 quod
1204 2412 1304 2457 licet
1331 2411 1457 2455 dole-

69 2500 176 2543 rem,
206 2497 250 2542 et
275 2488 331 2532 ab
359 2487 418 2531 eis
447 2486 555 2531 mihi
574 2485 808 2540 diceretur,
839 2484 1000 2544 quibus
1022 2483 1260 2537 crederem,
1286 2482 1341 2526 ab
1362 2482 1457 2540 ipso

71 2569 218 2605 tamen
246 2558 333 2605 tale
354 2556 519 2618 aliquid
538 2592 550 2613 ,
574 2557 643 2604 vel
664 2557 709 2602 in
729 2557 820 2616 ejus
841 2555 989 2615 aliquo
1018 2553 1132 2599 libro
1154 2567 1279 2599 nosse
1303 2552 1457 2610 cupie-
