1804 3205
279 230 329 254 ιιι·
363 231 530 259 merus
564 236 607 261 ιιι
645 238 1015 282 conetriscuuam,
1052 246 1133 271 mu.
1173 250 1219 273 ιι.
1378 245 1458 281 275

71 288 203 344 diem,
221 292 255 335 si
273 307 444 338 necesse
469 297 538 351 sit,
565 301 794 356 parvulum
816 303 1022 365 baptizari
1047 320 1271 368 oportere,
1298 331 1350 359 nc
1381 334 1459 377 pe—

71 368 161 403 reat
184 362 326 407 anima
341 365 445 423 ejus.
466 368 603 420 Quem
623 379 742 416 tanto
760 374 854 419 vult
872 376 1053 438 intelligi
1070 380 1123 424 ad
1144 381 1459 443 indulgentiam

67 429 267 489 baptismi
291 433 458 480 facilius
487 441 726 497 pervenire,
753 456 920 503 quanto
946 450 1080 509 magis
1104 451 1143 495 ei
1175 452 1458 502 dimittuntur

65 515 153 546 non
178 506 364 563 propria,
392 507 465 552 sed
492 509 630 556 aliena
669 525 854 572 peccata.
889 522 977 563 llos
1011 522 1090 566 iste
1120 524 1278 570 audeat
1311 526 1457 574 dicere

62 573 354 631 Manichaeos,
392 587 435 622 et
454 574 804 640 &antiquissimam
842 589 1043 635 Ecclesiae
1073 593 1349 641 traditionem
1374 599 1456 646 isto

62 642 225 689 nefario
254 649 437 694 crimine
459 647 684 712 aspergat]
723 673 808 716 qua
838 663 1162 721 exorcizantur,
1199 678 1245 713 ut
1273 669 1384 727 dixi,
1409 681 1453 718 et

58 717 343 763 exstttllantur
375 723 558 779 parvuli,
587 735 635 770 ut
655 727 697 771 in
720 744 903 789 regnum
921 735 1081 780 Christi
1105 753 1127 781 a
1147 748 1360 797 potestate
1385 752 1451 788 te·-

58 786 306 845 nebrarum,
333 791 414 837 hoc
432 803 511 848 est,
530 794 693 842 diaboli
715 810 756 844 ct
779 803 1032 861 angelorum
1049 809 1140 867 ejus
1158 812 1287 865 eruti,
1311 822 1451 859 trans-

55 853 252 903 feran’ur
268 863 296 904 ¹.
323 864 409 907 Nos
425 874 570 909 autem
597 870 830 926 paratiores
851 890 1000 920 sumus
1022 892 1121 922 cum
1143 880 1230 925 istis
1260 882 1376 939 viris,
1406 894 1450 929 et

53 942 152 971 cum
178 930 368 976 Ecclesia
399 935 558 980 Christi
592 938 634 981 in
674 940 802 1000 hujus
839 944 939 988 fidei
968 950 1226 1008 antiquitate
1258 953 1443 1010 firmata,

51 998 259 1056 quaelibct
286 1002 515 1049 maledicta
533 1016 575 1050 et
591 1012 876 1057 contumelias
900 1019 1083 1075 perpeti,
1103 1035 1234 1079 quam
1257 1037 1356 1067 curn
1377 1027 1450 1069 Pe-

47 1065 227 1127 lagianis
248 1074 479 1133 cujuslibet
502 1076 662 1138 eloquii
686 1081 991 1139 praedicatione
1023 1087 1206 1134 laudari.

105 1141 202 1184 Lu.
228 1142 488 1200 Aisitcrum,
512 1147 671 1208 inquit,
697 1160 740 1195 et
759 1151 865 1198 dicis
893 1174 902 1201 :
928 1157 1057 1202 Nulla
1081 1170 1189 1205 esset
1207 1165 1442 1224 concupis—

45 1210 187 1254 centia
208 1246 219 1266 ,
253 1213 331 1257 nisi
362 1215 494 1261 homo
528 1229 628 1263 ante
661 1234 913 1280 peccasset;
946 1229 1111 1286 nuptiae
1145 1246 1246 1277 vero
1269 1245 1439 1292 essent,

45 1279 209 1325 etiamsi
236 1298 366 1328 nemo
389 1299 651 1345 peccasset.«
675 1294 770 1337 Non
788 1294 876 1338 dixi
900 1315 908 1339 ;
939 1315 958 1338 «
982 1297 1111 1343 Nulla
1141 1311 1249 1346 essct
1278 1319 1442 1350 concu-

45 1350 274 1411 piscentia,
292 1374 309 1395 »
326 1356 427 1415 quia
441 1368 508 1402 est
523 1369 565 1403 ct
580 1359 803 1419 glorianda
823 1369 1171 1427 concupiscentia
1188 1374 1474 1433 spiritualis,

39 1437 125 1481 qua
145 1427 470 1485 concupiscitur
486 1431 697 1490 sapientia
721 1436 736 1459 ²
758 1454 765 1479 ;
785 1437 859 1480 sed
883 1437 972 1482 dixi
994 1460 1002 1484 :
1033 1460 1052 1482 «
1076 1442 1204 1487 Nulla
1223 1448 1437 1507 essetspu-

39 1490 183 1538 denda
199 1496 597 1562 eoncupiscentia-j»
615 1503 882 1563 Relegantur
903 1511 1033 1555 verba
1055 1528 1166 1569 mea,
1187 1531 1286 1575 quae
1303 1518 1434 1562 etiam

38 1561 126 1620 ipse
154 1567 328 1622 posuit,
367 1579 414 1613 ut
447 1581 610 1630 quanta
638 1574 693 1618 ab
730 1575 805 1620 illo
842 1576 996 1623 fraude
1031 1597 1432 1632 commemorentur

35 1646 254 1692 appareat.
275 1638 358 1683 Sed
372 1656 461 1700 quo
483 1642 670 1689 voluerit
692 1660 786 1690 eam
817 1651 994 1694 nomine
1017 1653 1220 1713 appellet.
1243 1656 1323 1703 Illa
1345 1659 1457 1705 dixis

33 1706 155 1763 quod
176 1722 266 1751 non
289 1719 415 1765 esset,
433 1712 512 1756 nisi
536 1713 667 1758 homo
685 1726 786 1760 ante
813 1731 1044 1777 peccasset,
1062 1723 1116 1767 de
1138 1741 1223 1784 qua
1247 1728 1429 1773 erubue-

22 1784 134 1821 ruut
152 1775 196 1820 in
211 1778 423 1836 paradiso,
436 1782 512 1840 qui
529 1784 733 1841 pudenda
752 1795 968 1843 texerunt,
984 1807 1114 1850 quain
1131 1809 1260 1840 nemo
1275 1808 1422 1856 negat,

29 1847 239 1904 quoniam
264 1860 488 1906 peccatum
512 1853 818 1900 inobedientiae
842 1873 1136 1918 praecesserat,
1157 1865 1256 1910 ideo
1278 1871 1423 1913 subse-

27 1925 175 1960 cutam
197 1919 229 1960 3.
257 1921 340 1972 Qui
364 1930 510 1965 autem
529 1923 623 1966 vult
646 1925 884 1986 intelligere
906 1930 1013 1988 quid
1035 1932 1262 1991 senserint,
1290 1937 1463 1984 debet!

26 1986 298 2033 considerare
328 1992 435 2050 quid
474 1994 671 2038 texerint.
710 1998 1005 2045 Succinctoria
1041 2004 1205 2065 quippe
1248 2008 1325 2052 sibi
1365 2008 1420 2054 de

16 2054 138 2102 foliis
152 2058 385 2115 ficulneis‘,
401 2078 488 2106 non
509 2065 762 2110 vestimenta
777 2067 999 2129 fecerunt,
1017 2089 1116 2133 quae
1131 2078 1417 2124 succinctoria

18 2127 173 2180 ‚Graece
207 2139 410 2184 περιζὼματν-
439 2146 766 2195 nuncupantur.
810 2142 926 2194 Quid
975 2155 1121 2190 autem
1163 2151 1416 2208 cooperiant

21 2198 298 2256 perizomata,
317 2203 522 2247 omnibus
537 2215 690 2250 notum
707 2219 792 2254 est:
812 2227 911 2270 quae
925 2216 1126 2260 nonnulli
1139 2219 1280 2262 Latini
1302 2236 1413 2265 cam—
1456 2283 1460 2294 Ι

15 2270 176 2333 ,pes-tria
200 2281 302 2315 sunt
322 2273 608 2333 interpretati.
636 2278 742 2331 Quis
765 2290 910 2325 autem
933 2284 1103 2341 ignorat
1119 2289 1195 2347 qui
1211 2305 1409 2351 campes-
1434 2297 1456 2329 *J

15 2346 206 2396 arantur,
232 2358 339 2402 quas
362 2354 503 2402 partes
523 2349 715 2406 corporis
743 2360 978 2412 contegant
999 2357 1017 2399 P
1040 2359 1125 2402 Has
1147 2360 1263 2404 enim
1288 2370 1408 2421 tege-

8 2440 29 2461 (ι
67 2464 74 2480 ¹
97 2458 216 2491 coloss.
244 2472 269 2501 1,
291 2460 340 2493 13.
357 2479 396 2485 —
411 2470 423 2485 ²
443 2465 518 2506 Sap.
540 2473 584 2503 xi,
608 2474 722 2497 21.—
739 2466 751 2490 ³
770 2470 849 2501 ch.
879 2482 924 2511 ni,
944 2483 975 2514 7.
992 2474 1058 2503 —4
1075 2476 1154 2509 Vide
1179 2477 1235 2510 lib.
1255 2489 1266 2512 1
1290 2485 1405 2514 contra

8 2511 93 2546 ‘duas
109 2515 263 2556 Epistolas
281 2517 520 2561 Pelagianorum
539 2532 611 2563 cap.
637 2521 687 2563 16,
721 2529 754 2556 et
776 2530 889 2559 contra
916 2527 1031 2561 Julian.
1057 2542 1130 2573 cap.
1155 2533 1189 2574 6,
1221 2539 1256 2567 et
1284 2535 1340 2569 lib.
1368 2548 1402 2575 v,

15 2577 87 2612 cap.
109 2579 141 2603 2.

1123 2644 1182 2682 18.
