1804 3205
303 207 463 234 conruit
498 205 604 235 nuAs
639 206 766 234 EPIST.
804 202 1033 231 panorm.
1072 204 1153 230 Lm.
1191 205 1220 230 1.
1371 192 1449 231 437

67 283 206 328 tenet,
240 282 411 333 oportet
443 281 492 316 ut
526 273 636 316 sicut
670 272 740 316 alii
766 270 954 315 haeretiei
981 271 1262 328 segregemini
1294 280 1335 314 et
1358 285 1448 315 vos.

122 347 261 388 XLU.
277 346 374 388 Jam
391 358 492 388 vero
514 344 633 403 quod
652 343 709 386 ita
731 340 955 387 concludit
974 341 1200 400 epistolam
1218 376 1228 395 ‚
1246 350 1295 385 ut
1310 340 1449 385 dicat:

67 435 86 458 «
102 419 238 461 Nemo
251 430 353 473 ergo
376 429 449 459 vos
471 414 666 468 seducat,
691 428 770 457 nee
788 428 831 457 se
857 421 1011 470 negent
1032 412 1151 471 impii
1173 413 1251 456 ista
1274 413 1447 456 sentire.

65 486 148 532 Sed
170 488 202 531 si
227 502 376 530 verum
399 487 552 531 dieunt
575 521 585 540 ,
615 495 690 530 aut
710 485 929 530 audientia
962 483 1090 529 detur
1109 519 1120 539 ,
1141 494 1217 527 aut
1244 493 1360 528 certe
1384 484 1451 528 isti

64 559 141 617 ipsi
172 559 383 618 episcopi,
422 559 498 619 qui
531 573 649 602 nunc
682 556 890 602 dissident
916 592 927 611 ,
964 555 1173 600 damnent
1195 571 1294 615 quse
1322 570 1450 614 supra

63 629 149 673 dixi
172 645 271 673 cum
296 630 544 674 Maniehaeis
568 630 646 674 ista
672 639 833 683 tenere,
860 629 970 673 sieut
994 642 1071 672 nos
1091 628 1167 671 ista
1195 627 1452 671 damnamus

61 716 160 760 quse
189 701 244 744 de
272 701 398 744 nobis
421 702 587 759 jactant
614 722 624 758 3
659 710 702 745 et
733 701 781 744 sit
817 699 943 758 plena
978 697 1241 744 concordia:
1273 697 1395 757 quod
1417 698 1452 742 si

59 770 233 824 nolunt,
258 771 410 815 scitote
426 787 498 815 eos
516 786 605 815 esse
622 771 901 825 Maniehaeos,
928 779 971 815 et
985 769 1040 813 ab
1061 783 1211 813 eorum
1226 782 1302 813 vos
1322 768 1451 812 absti-

60 852 160 887 nete
179 844 405 887 consortiis
431 863 438 888 :
469 862 488 884 »
510 843 881 888 contemnendum
905 852 966 887 est
999 842 1141 902 potius
1172 856 1303 901 quam
1327 839 1453 884 refel-

57 913 255 957 lendum.
301 914 408 966 Quis
446 915 561 958 enim
601 924 798 959 nostrum
833 913 1006 958 dubitat
1046 914 1274 958 anathema
1309 911 1453 955 dicere

58 984 310 1029 Manichaeis
329 1020 340 1040 ,
378 985 454 1044 qni
483 984 636 1030 dieunt
668 1001 690 1028 a
722 985 839 1029 bono
872 987 962 1028 Deo
998 998 1077 1027 nec
1111 983 1309 1027 homines
1329 1015 1340 1035 ,
1371 995 1452 1023 nec

58 1056 232 1114 nuptias
263 1056 509 1110 institutas,
540 1070 620 1100 nec
649 1059 808 1113 Legem
831 1055 977 1098 datam
997 1087 1009 1108 ,
1038 1068 1137 1113 quae
1159 1067 1236 1111 per
1268 1053 1451 1107 Moysen

58 1125 245 1170 Hebraeo
281 1126 448 1185 populo
482 1126 724 1169 ministrata
753 1134 816 1169 est
849 1126 867 1166 ‘3
896 1123 979 1169 Sed
1007 1132 1050 1167 et
1086 1121 1326 1180 Pelagianis
1361 1136 1451 1165 non

57 1196 276 1240 immerito
311 1197 542 1240 anathema
577 1195 760 1240 dicimus
797 1215 805 1240 :
850 1214 870 1236 «
907 1195 990 1246 Qui
1029 1203 1116 1237 tam
1154 1201 1255 1237 sunt
1288 1191 1451 1235 inimici

59 1286 78 1309 »
115 1268 265 1326 gratiae
290 1268 366 1311 Dei
387 1302 397 1322 ,
420 1283 520 1327 quae
542 1268 661 1311 venit
684 1282 760 1326 per
789 1269 936 1311 Jesum
957 1266 1180 1311 Christum
1214 1265 1450 1309 Dominum

58 1355 79 1379 »
111 1347 308 1382 nostrum
336 1341 366 1393 ¹,
393 1356 412 1379 »
440 1347 488 1382 ut
511 1353 605 1382 eam
641 1338 788 1382 dicant
817 1352 903 1382 non
928 1337 1082 1395 gratis,
1109 1335 1184 1380 sed
1205 1333 1448 1379 seeundum

56 1409 208 1453 merita
230 1418 374 1452 nostra
397 1408 506 1462 dari,
532 1423 579 1452 ae
602 1408 660 1452 sic
681 1408 814 1466 gratia
843 1409 933 1467 jam
957 1422 1046 1451 non
1068 1407 1122 1450 sit
1153 1406 1287 1463 gratia
1314 1426 1324 1460 3
1351 1414 1449 1448 tan·

56 1488 239 1540 tumque
261 1479 536 1524 constituunt
552 1480 597 1522 in
618 1478 757 1522 libero
774 1478 993 1532 arbitrio‘2,
1010 1492 1098 1537 quo
1113 1477 1158 1519 in
1176 1474 1447 1535 profundum

55 1549 276 1595 demersus
300 1559 364 1595 est
387 1552 518 1595 homo
535 1585 545 1605 ,
571 1559 621 1594 ut
643 1565 694 1593 eo
716 1550 829 1593 bene
857 1549 1023 1592 utendo
1046 1547 1194 1591 dicant
1223 1546 1448 1589 hominem

56 1622 211 1665 mereri
234 1623 416 1680 gratiam
445 1641 453 1665 2
478 1636 579 1665 eum
602 1635 732 1664 nemo
755 1620 867 1663 bene
889 1618 966 1663 illo
999 1618 1063 1661 uti
1087 1617 1220 1676 possit
1237 1650 1248 1670 ,
1269 1616 1349 1659 nisi
1372 1630 1449 1674 per

56 1692 259 1750 gratiam,
285 1707 385 1752 quae
407 1706 497 1736 non
518 1690 758 1735 seeundum
793 1689 993 1733 debitum
1016 1686 1237 1740 redditur,
1262 1685 1337 1728 sed
1357 1687 1448 1728 Deo

54 1762 183 1820 gratis
204 1762 434 1805 miserante
455 1761 660 1805 donatur.
688 1760 896 1804 Parvulos
919 1767 1066 1802 autem
1091 1758 1149 1800 ita
1170 1754 1448 1800 contendunt

55 1847 144 1876 esse
156 1833 246 1892 jam
269 1831 423 1886 salvos,
449 1840 499 1875 ut
522 1847 545 1876 a
573 1831 793 1876 Salvatore
815 1830 1004 1874 audeant
1026 1842 1182 1886 negare
1198 1825 1441 1871 salvandos.

54 1905 110 1947 Et
127 1903 222 1947 haee
242 1901 498 1947 execrabilia
519 1901 722 1960 dogmata
738 1909 935 1945 tenentes
947 1908 989 1943 et
1009 1898 1285 1952 seminantes,
1300 1896 1445 1940 adhue

50 1974 227 2035 insuper
248 1975 446 2034 flagitant
465 1974 731 2020 audientiam
755 1989 855 2019 cum
877 1973 1072 2017 damnati
1099 1970 1290 2016 debeant
1316 1981 1443 2028 agere

53 2046 352 2105 poenitentiam
361 2080 370 2089 .

103 2150 111 2166 ¹
133 2146 225 2176 Rom.
244 2154 304 2186 vn,
324 2143 430 2177 25;-
450 2149 462 2166 ²
482 2142 645 2184 1d.x1,6.
