1784 3205
301 226 386 266 446
743 245 775 271 s.
812 242 1042 273 Aucusmnu
1073 246 1251 276 zmscom

298 305 427 348 etiam
442 305 531 348 sine
554 305 821 365 baptismatis
837 310 970 366 gratia
990 326 1112 370 posse
1132 313 1303 370 donari,
1328 318 1578 376 perfatuum
1602 331 1682 366 est.

299 374 388 418 Nisi
410 375 525 418 enim
555 376 911 423 manducaverint
933 395 1107 426 carnem
1124 383 1221 428 Filii
1244 386 1429 432 hominis
1449 391 1481 443 ¹,
1501 399 1544 433 et
1565 390 1688 436 bibe-

299 444 386 488 rint
407 447 659 503 sanguinem
681 449 771 508 ejus
789 484 798 502 ‚
826 465 914 494 non
938 452 1166 499 habebunt
1194 456 1327 501 vitam
1351 458 1397 502 in
1428 461 1682 521 semetipsis.

297 515 382 566 Qui
398 525 542 559 autern
566 518 677 562 hanc
700 519 759 562 eis
784 520 876 564 sine
898 526 1222 580 regeneratione
1240 526 1505 586 defendunt,
1528 531 1685 577 viden-

297 593 368 628 tur
389 585 495 629 mihi
517 586 659 646 ipsum
681 589 944 648 baptismum
967 592 1078 638 velle
1101 610 1268 641 cassare
1290 632 1300 651 ‚
1326 613 1426 643 cum
1446 600 1686 660 praedicant

297 655 374 698 hos
409 656 594 712 habere,
619 661 740 718 quod
768 661 813 705 in
843 677 915 707 eos
949 664 1166 710 credimus
1195 683 1284 712 non
1314 669 1393 713 nisi
1427 670 1686 731 baptismate

297 725 630 772 conterendum.
665 747 685 771 »
717 731 832 784 Quid
870 733 925 777 ad
961 735 1053 780 haec
1083 737 1188 782 dicit
1216 738 1434 798 ingratus,
1465 743 1536 787 cui
1566 745 1687 789 sedes

297 797 541 854 Apostolica
553 799 644 858 jam
657 815 731 845 sua
746 802 1010 861 professione
1023 809 1146 866 quasi
1164 820 1358 856 correcto
1381 812 1688 871 benignissima

296 866 473 912 lenitate
495 876 773 929 pepercerat?
796 874 913 927 Quid
935 876 989 920 ad
1006 879 1100 923 haec
1122 880 1225 925 dicit
1242 883 1260 926 P
1279 891 1427 927 utrum
1443 894 1540 942 post
1558 885 1686 945 hujus

296 936 395 980 vitae
417 938 549 983 finem
571 942 756 999 parvuli,
782 945 948 990 etiamsi
979 948 1083 993 dum
1106 951 1260 996 vivunt
1284 968 1374 997 non
1411 954 1687 1013 baptizentur

295 1006 340 1050 in
354 1009 541 1064 Christo,
558 1010 603 1054 in
627 1013 713 1057 vita
731 1024 892 1061 aeterna
913 1029 1057 1074 erunt,
1075 1037 1128 1064 an
1147 1037 1236 1066 non
1254 1033 1382 1068 erunt
1403 1025 1418 1064 ⁶?
1440 1025 1482 1069 Si
1501 1024 1682 1081 dixerit,

296 1086 425 1120 erunt
451 1097 460 1123 :
485 1082 708 1138 quomodo
725 1099 826 1143 ergo
855 1103 956 1146 quae
990 1089 1045 1133 de
1070 1093 1245 1136 nomine
1267 1094 1358 1152 ejus
1373 1095 1535 1153 jactata
1559 1104 1683 1152 sunt,

294 1145 536 1192 secundum
557 1154 815 1197 sententiam
836 1157 973 1201 beatae
992 1162 1211 1205 memoriae
1233 1166 1479 1209 Innocentii
1497 1181 1541 1210 se
1558 1166 1686 1212 dam-

295 1231 416 1261 nasse
440 1220 696 1278 respondit?
721 1227 832 1269 Ecce
855 1227 996 1272 beatae
1021 1234 1240 1276 memoriae
1263 1237 1544 1280 Innocentius
1576 1253 1686 1297 papa

294 1287 387 1331 sine
416 1288 631 1349 baptismo
653 1294 846 1351 Christi,
874 1307 918 1342 et
946 1300 1039 1344 sine
1069 1303 1400 1363 participatione
1424 1308 1615 1366 corporis
1643 1318 1687 1354 et

299 1359 517 1416 sanguinis
553 1363 712 1407 Christi
751 1366 884 1411 vitam
924 1384 1013 1414 non
1046 1371 1206 1417 habere
1246 1376 1446 1433 parvulos
1479 1377 1599 1422 dicit.
1642 1380 1685 1424 Si

298 1427 469 1486 dixerit,
495 1447 585 1477 non
606 1445 736 1480 erunt
761 1456 770 1481 ;
795 1441 1020 1497 quomodo
1045 1458 1148 1503 ergo
1170 1461 1259 1490 non
1282 1449 1540 1507 accipientes
1559 1459 1687 1495 aeter-

296 1512 397 1542 nam
410 1500 561 1557 vitam,
575 1505 727 1564 utique
741 1521 1058 1569 consequenter
1071 1524 1233 1560 aeterna
1246 1527 1384 1563 morte
1399 1518 1680 1578 damnantur,

294 1570 327 1613 si
350 1569 523 1615 nullum
545 1575 725 1621 trahunt
746 1579 956 1638 originale
978 1595 1205 1642 peccatum
1224 1589 1242 1629 ⁶?

353 1642 475 1685 VIII.
497 1644 609 1696 Quid
626 1646 682 1690 ad
699 1647 792 1693 haee
809 1649 961 1696 dicunt
978 1653 1067 1710 isti,
1088 1656 1165 1716 qui
1182 1672 1279 1701 suas
1296 1653 1585 1707 calumniosas
1602 1662 1680 1706 im-

293 1709 472 1767 pietates
504 1713 667 1758 audent
696 1718 826 1762 etiam
864 1723 1069 1779 scribere,
1109 1727 1272 1773 audent
1305 1740 1348 1774 et
1385 1732 1679 1778 Orientalibus

291 1780 501 1841 episcopis
529 1785 729 1830 mittere?
760 1791 950 1836 Tenetur
981 1795 1210 1842 Coelestius
1238 1798 1393 1845 litteris
1418 1804 1677 1849 venerabilis

290 1852 533 1898 Innocentii
555 1857 790 1914 praebuisse
811 1876 1070 1910 consensum
1097 1887 1105 1912 :
1136 1868 1343 1927 leguntur
1373 1872 1475 1932 ipsae
1503 1890 1676 1921 memo-

288 1922 368 1965 rati
395 1924 594 1970 antistitis
610 1926 791 1986 litterae,
813 1933 1037 1980 scribentis
1057 1953 1146 1982 non
1169 1939 1408 2000 baptizatos
1425 1944 1559 1989 vitam
1571 1961 1674 2005 par-

288 1991 411 2037 vulos
433 1995 592 2041 habere
605 2014 695 2043 non
712 2016 849 2060 posse.
876 2006 982 2058 Quis
999 2017 1143 2053 autem
1161 2013 1339 2071 negabit
1355 2013 1400 2058 id
1414 2029 1504 2060 esse
1518 2031 1672 2061 conse-

287 2077 423 2120 quens
445 2076 495 2110 ut
512 2078 696 2113 mortem
719 2072 932 2132 habeant,
959 2080 1033 2138 qui
1061 2095 1150 2126 non
1178 2083 1342 2129 habent
1362 2085 1525 2131 vitam?
1546 2088 1669 2132 Unde

285 2146 388 2191 ergo
410 2135 456 2178 in
477 2136 717 2185 infantibus
730 2142 810 2187 ista
823 2146 1074 2193 miserabilis
1091 2166 1236 2209 poena,
1257 2155 1289 2197 si
1307 2155 1427 2200 nulla
1450 2158 1669 2217 originalis

284 2211 347 2246 est
374 2205 527 2265 culpa?
554 2210 784 2261 Quomodo
815 2215 945 2273 igitur
974 2219 1028 2263 ab
1057 2220 1146 2265 istis
1179 2222 1281 2267 fidei
1309 2225 1602 2273 desertoribus
1623 2237 1667 2273 et

281 2279 654 2333 oppugnatoribus
676 2284 823 2341 gratiae
845 2288 1030 2333 Romani
1049 2289 1192 2337 clerici
1217 2297 1578 2352 praevaricationis
1595 2315 1664 2344 ar-

281 2354 475 2400 guuntur
504 2349 586 2392 sub
613 2351 815 2413 episcopo
844 2359 1036 2416 Zosimo‚
1061 2364 1183 2422 quasi
1215 2364 1335 2410 aliud
1371 2369 1582 2414 senserint
1615 2370 1662 2415 in

279 2412 557 2464 damnatione
572 2425 806 2480 posteriore
822 2429 1014 2475 Coelestii
1036 2442 1078 2478 et
1094 2434 1270 2495 Pelagii,
1287 2453 1420 2498 quam
1438 2442 1558 2500 quod
1576 2441 1658 2486 sub

278 2484 535 2534 Innocentio
557 2491 600 2536 in
624 2494 764 2552 priore
788 2504 1044 2548 senserunt?
1071 2504 1184 2558 Quia
1207 2506 1360 2568 utique
1385 2525 1488 2555 cum
1505 2510 1658 2557 litteris

325 2571 334 2588 ¹
357 2572 450 2607 Joan.
468 2584 513 2616 vi,
534 2575 589 2618 54.
