1804 3205
332 232 383 257 υε
417 232 553 259 ANUM
591 235 640 260 m·
676 237 769 261 ints
803 238 996 277 (innume,
1036 241 1114 265 riu.
1156 243 1200 266 ιι.
1377 235 1457 269 337

74 293 219 339 ‹lentia
252 295 329 340 ista
354 298 630 356 perduxerit,
658 311 765 360 puto
796 303 915 362 quod
940 319 1056 349 nunc
1079 305 1224 350 videas
1253 326 1261 351 2
1288 309 1464 353 uberius

73 374 219 409 autem
256 380 336 423 ago
372 370 460 413 Deo
490 371 665 427 gratiam,
700 373 732 416 si
765 382 807 417 et
841 383 964 418 antea
990 376 1079 435 jam
1116 376 1307 422 videbas.
1348 383 1459 424 Cum

72 436 187 480 enim
211 437 347 482 nollet
365 441 567 485 cohibere
589 444 855 503 praecipitem
882 462 1079 502 cursum,
1106 458 1284 508 propter
1301 452 1461 511 ancipi-

72 515 159 551 tem
195 521 420 554 excursum
436 545 448 565 ,
485 512 774 558 miserabilem
812 516 978 561 invenit
1010 518 1231 563 incursum
1271 537 1462 565 asserens

69 579 207 622 Deum
227 581 416 638 parvulis
433 582 525 627 sine
542 584 784 630 Christiana
804 590 1128 645 regeneratione
1150 591 1392 648 defunctis,
1416 602 1459 637 et

70 647 201 692 modo
224 650 488 709 paradisum,
514 663 556 698 et
574 665 722 714 postea
744 673 924 715 regnum
948 659 1146 705 conferre
1169 663 1397 707 coelorum.

128 722 249 766 XIX.
273 724 594 784 Scripturarum
612 743 712 774 vero
732 731 972 776 testimonia
990 749 1281 795 quaecumque
1299 736 1457 794 posuit,

69 791 230 851 quibus
251 795 414 840 animas
438 799 574 841 Deum
598 813 687 844 non
705 815 755 844 ex
779 800 892 846 illius
914 803 1064 862 primae
1081 807 1319 865 propagine
1336 816 1462 851 attra-

68 861 187 918 here,
200 863 275 908 sed
287 866 398 911 sicut
410 867 546 926 ipsam
564 870 746 927 primam
762 874 1113 934 suasquibusque
1128 875 1308 935 singulis
1323 877 1461 921 insuf-

68 933 187 989 flare,
211 935 331 981 velut
354 939 538 997 probare
560 951 738 986 conatus
764 953 853 997 est,
881 944 937 987 ita
961 955 1091 999 sunt,
1115 946 1236 1005 quod
1259 946 1313 990 ad
1338 948 1460 991 istam

67 1007 354 1064 quaestionem
373 1010 544 1065 attinet,
562 1011 724 1055 ineerta
743 1021 785 1056 et
802 1013 1022 1073 ambigua,
1042 1024 1090 1058 ut
1106 1017 1235 1059 etiarn
1260 1016 1384 1060 aliter
1398 1033 1461 1061 ac-

67 1075 169 1134 cipi,
183 1093 313 1136 quam
328 1079 418 1138 ipse
433 1079 544 1134 vult,
559 1080 763 1126 facillime
778 1083 958 1141 possint.
976 1086 1106 1138 Quod
1119 1087 1209 1146 jam
1229 1087 1270 1130 in
1287 1102 1337 1131 eo
1351 1087 1462 1132 libro

66 1162 199 1206 quem
221 1150 368 1209 scripsi
392 1150 447 1194 ad
469 1152 657 1196 amicum
685 1162 880 1198 nostrum
895 1190 904 1207 ,
932 1156 1054 1214 cujus
1078 1160 1459 1202 commemoratio-

66 1232 166 1261 nem
187 1219 385 1278 superius
407 1219 506 1276 feci,
531 1223 647 1277 satis,
673 1233 888 1283 quantum
913 1225 1123 1280 existimo,
1146 1227 1455 1272 demonstravi.

68 1289 330 1334 Testimonia
357 1292 519 1351 quippe
548 1293 638 1352 ipsa
668 1310 768 1353 quae
798 1295 1013 1351 adhibuit,
1047 1298 1121 1341 ubi
1155 1297 1314 1357 legitur
1348 1302 1460 1344 Deus

65 1359 229 1403 animas
250 1361 318 1404 vel
341 1361 443 1406 dare
461 1398 471 1416 ‚
496 1363 564 1408 vel
588 1362 730 1409 faeere
748 1401 758 1420 ,
785 1366 853 1410 vel
876 1368 1069 1426 fingere,
1094 1368 1212 1413 unde
1234 1369 1328 1413 illas
1352 1370 1426 1414 det
1446 1406 1456 1425 ,

64 1428 134 1473 vel
148 1430 267 1475 unde
284 1432 414 1476 faciat
435 1434 524 1479 sive
544 1436 696 1494 fingat,
718 1452 808 1480 non
828 1437 1090 1497 ostendunt,
1116 1450 1264 1484 utrum
1287 1456 1337 1485 ex
1359 1458 1459 1502 pro-

64 1501 222 1560 pagine
235 1502 351 1548 illius
365 1505 532 1563 primae,
551 1522 606 1550 an
621 1506 888 1553 insufflando
900 1510 1010 1554 sicut
1025 1510 1144 1555 illam
1159 1513 1358 1570 primam.
1374 1517 1458 1558 Iste

65 1582 211 1617 autem
234 1589 286 1617 ex
307 1590 358 1619 eo
379 1576 473 1634 ipso
496 1578 617 1637 quod
637 1577 799 1638 legitur
821 1580 984 1625 animas
1005 1584 1119 1626 Deus
1140 1582 1259 1638 dare,
1283 1585 1371 1629 sive
1394 1583 1459 1628 fa·

63 1659 176 1700 cere,
194 1646 281 1690 sive
294 1647 457 1705 fingere
476 1650 509 1703 ²,
526 1649 615 1709 jam
634 1659 759 1709 putat
776 1652 1017 1696 animarum
1034 1663 1234 1712 negatam
1250 1670 1338 1699 esse
1351 1671 1456 1715 pro-

62 1715 262 1773 paginem
284 1732 411 1762 :cum
435 1721 565 1773 Deus,
592 1720 743 1764 eadem
765 1722 985 1780 Scriptura
1009 1732 1131 1778 teste,
1153 1725 1282 1768 etiam
1305 1740 1458 1784 corpo-

63 1799 109 1828 ra
124 1785 214 1840 det,
240 1787 328 1831 sive
347 1787 492 1842 faciat,
518 1790 607 1833 sive
629 1791 806 1849 fingat2,
821 1807 920 1850 quae
945 1801 1090 1837 tamen
1111 1794 1165 1838 ab
1187 1793 1263 1839 illo
1285 1810 1336 1839 ex
1359 1811 1454 1854 pro-

62 1856 219 1914 pagine
241 1858 413 1901 seminis
435 1857 542 1914 dari,
568 1860 676 1915 fieri,
702 1861 808 1920 fingi
834 1876 962 1906 nemo
985 1863 1179 1921 ambigit.

121 1927 221 1970 XX.
243 1929 354 1971 Item
377 1930 498 1988 quod
521 1930 731 1989 scriptum
751 1941 830 1984 est,
851 1949 871 1974 «
889 1934 953 1976 Ex
971 1949 1059 1978 uno
1082 1935 1292 1993 sanguine
1314 1937 1451 1979 Deum

66 2012 87 2036 »
112 1995 264 2042 fecisse
287 2013 417 2042 omne
439 2013 573 2057 genus
595 2000 824 2045 hominum
843 2002 881 2059 ³3
909 2020 928 2044 »
958 2003 1027 2047 vel
1049 2004 1168 2063 quod
1191 2005 1250 2048 ait
1271 2004 1411 2049 Adam
1440 2023 1448 2049 :

65 2083 87 2107 «
112 2068 206 2111 Hoc
229 2083 348 2112 nunc
369 2083 415 2113 os
439 2084 489 2113 ex
511 2070 678 2114 ossibus
700 2071 822 2126 meis,
849 2080 892 2116 et
914 2088 1013 2117 caro
1035 2073 1088 2117 de
1110 2090 1239 2118 carne
1259 2090 1356 2118 mea
1374 2076 1406 2119 4:
1429 2092 1448 2115 »

61 2136 165 2195 quia
193 2152 336 2198 neque
364 2140 425 2183 ibi
453 2140 619 2184 dictum
650 2150 743 2196 est,
781 2157 831 2186 ex
857 2158 945 2186 una
973 2144 1144 2201 anima,
1179 2160 1322 2205 neque
1356 2145 1447 2198 hie,

62 2207 204 2260 anima
237 2208 293 2252 de
321 2211 463 2254 anima
498 2226 619 2268 mea,
653 2221 778 2270 putat
811 2214 958 2271 negari
989 2215 1152 2258 animas
1179 2216 1368 2258 filiorum
1398 2229 1449 2257 ex

60 2278 315 2335 parentibus
329 2315 351 2334 ‚.
366 2280 435 2325 vel
461 2280 576 2326 illius
597 2281 788 2326 mulieris
810 2299 861 2327 ex
883 2285 976 2328 viro
1003 2304 1011 2328 ι
1035 2286 1158 2343 quasi
1180 2301 1282 2328 vero
1306 2286 1339 2329 si
1361 2299 1450 2329 non

61 2361 112 2392 ex
131 2364 221 2394 uno
237 2351 465 2409 sanguine,
485 2352 561 2397 sed
579 2369 629 2397 ex
646 2369 733 2397 una
753 2354 893 2397 anima
916 2354 1147 2410 diceretur,
1176 2355 1293 2400 aliud
1316 2371 1447 2416 quam

61 2426 179 2463 totus
197 2420 328 2466 homo
342 2422 670 2482 intelligeretur,
687 2440 766 2468 nec
783 2425 977 2483 corporis
993 2425 1247 2485 propagatio
1265 2441 1447 2485 negare-

111 2529 121 2545 ¹
141 2524 212 2556 lsai.
232 2535 306 2562 un,
334 2525 366 2566 5,
385 2531 417 2558 et
436 2537 508 2568 nvn,
531 2527 581 2560 16.
601 2545 631 2551 -
651 2534 664 2550 ²
686 2528 779 2560 Zacli.
801 2539 857 2566 xii,
886 2540 911 2559 ι.
929 2547 968 2552 -
987 2528 1000 2552 3
1015 2532 1072 2562 Act
1107 2540 1186 2570 xvir,
1208 2530 1262 2561 26.
1284 2528 1348 2558 ψ-[ο
1367 2531 1446 2560 Gen.

61 2579 98 2621 ii,
121 2580 174 2614 23.

253 2647 367 2677 CXLL
1212 2639 1264 2677 22
