1784 3205
335 221 384 258 18
759 225 794 255 s.
828 225 1060 256 AUGUSTINI
1091 226 1274 254 Emscom

332 313 351 336 »
379 294 425 337 in
454 293 655 352 operibus
684 291 805 336 malis
824 326 834 346 ‚
860 307 978 336 nunc
1000 299 1143 335 autem
1167 287 1432 334 reconciliati
1461 287 1506 330 in
1528 298 1710 344 corpore

331 383 351 406 »
377 364 515 409 carnis
543 365 633 424 ejus
666 378 740 422 per
770 371 953 407 mortem
989 363 1108 421 ejus,
1139 360 1338 404 exhibete
1369 373 1443 402 vos
1475 364 1643 401 sanctos
1668 363 1711 400 et

330 454 350 477 »
376 434 674 479 immaculatos
691 443 733 478 et
755 432 1149 493 irreprehensibiles
1172 434 1202 474 1.
1231 450 1250 472 »
1272 432 1380 474 Item
1395 429 1449 473 ad
1468 427 1676 487 Ephesios
1697 444 1706 470 :

330 525 350 547 «
375 507 431 549 Ut
448 505 673 548 exhiberet
694 505 783 563 ipse
803 504 884 548 sibi
909 503 1137 560 gloriosam
1160 500 1413 553 Ecclesiam,
1437 513 1525 542 non
1543 497 1711 541 haben-

333 596 350 617 »
377 584 464 620 tem
485 575 699 619 maculam
722 583 796 618 aut
810 588 960 631 rugam
979 609 990 629 ,
1017 581 1092 617 aut
1115 571 1278 631 aliquid
1300 568 1563 630 hujusmodi,
1590 576 1638 612 ut
1659 568 1712 611 sit

329 664 348 686 »
374 654 521 689 sancta
548 653 590 688 et
619 643 897 689 immaculata
923 647 954 685 2.
992 661 1011 684 »
1044 645 1153 687 Item
1179 641 1233 685 ad
1262 639 1511 686 Corinthios
1536 638 1673 697 prima
1699 654 1709 681 ε

326 735 346 756 «
372 715 509 759 Sobrii
526 724 678 768 estote,
695 723 737 758 et
751 714 872 774 justi,
892 712 1079 757 etnolite
1094 726 1274 770 peccare
1289 712 1320 754 ³.
1352 728 1370 751 »
1398 712 1506 752 Item
1520 709 1564 751 in
1583 707 1711 766 Epis-

326 784 412 830 tola
433 785 567 828 sancti
589 784 703 827 Petri
733 802 741 827 ε
771 803 790 824 «
818 787 998 841 Propter
1019 781 1139 840 quod
1162 780 1375 824 succincti
1396 779 1570 822 lumbos
1593 792 1713 820 men·

329 877 345 898 »
372 856 425 900 tis
446 864 620 910 vestrae,
645 854 801 909 sobrii,
819 853 1009 914 perfecte
1031 860 1196 910 sperate
1218 852 1262 895 in
1285 865 1380 895 eam
1401 865 1501 909 quac
1530 849 1713 894 offertur

326 946 345 969 »
370 927 492 972 vobis
511 927 689 985 gratiam
709 960 719 980 ,
744 925 866 986 quasi
890 924 966 968 filii
994 923 1253 968 obedientiae
1277 957 1287 977 ,
1323 937 1411 965 non
1449 919 1710 978 configurati

327 1017 346 1039 »
370 998 586 1057 prioribus
608 996 864 1055 ignorantiae
886 1004 1039 1040 vestrae
1062 993 1439 1053 concupiscentiis,
1463 991 1537 1035 sed
1560 1005 1713 1035 seeun-

325 1085 344 1109 »
370 1067 475 1111 dum
499 1082 598 1111 eum
617 1066 962 1126 quivocavitvos
976 1075 1197 1119 sanctum,
1219 1073 1261 1108 et
1280 1063 1360 1123 ipsi
1373 1063 1509 1107 sancti
1532 1062 1576 1105 in
1594 1062 1714 1106 omni

326 1157 345 1180 »
370 1137 698 1182 conversatione
720 1137 807 1180 sitis
822 1138 837 1161 4
859 1157 869 1194 3
891 1154 911 1177 »
935 1136 1037 1195 quia
1061 1136 1269 1194 scriptum
1294 1142 1355 1178 est
1381 1152 1389 1177 ε
1421 1152 1439 1174 «
1459 1132 1605 1178 Sancti
1628 1132 1712 1175 eri-

326 1227 345 1249 »
372 1209 440 1262 tis,
461 1209 561 1267 quia
575 1221 653 1264 ego
667 1216 840 1251 sanctus
857 1208 994 1250 sum⁵.
1017 1224 1036 1248 »
1059 1205 1181 1249 Unde
1199 1214 1241 1249 et
1261 1205 1411 1248 beatus
1430 1202 1567 1248 David
1583 1203 1709 1246 dicit:

328 1295 348 1319 «
373 1277 582 1331 Domine,
609 1277 705 1336 quis
737 1276 954 1319 habitabit
981 1276 1027 1318 in
1053 1274 1338 1320 tabernaculo
1371 1283 1447 1318 tuo
1468 1309 1478 1328 ,
1511 1282 1585 1317 aut
1618 1272 1715 1333 quis

326 1366 347 1388 »
373 1347 611 1407 requiescet
631 1347 675 1389 in
694 1353 842 1390 monte
864 1354 1012 1389 sancto
1034 1344 1509 1402 tuo⁰PQuiingreditur
1521 1344 1611 1386 sine
1628 1358 1717 1386 ma-

329 1434 349 1458 »
373 1416 470 1466 cula
486 1451 497 1471 ,
523 1425 566 1460 et
587 1424 791 1475 operatur
807 1415 1063 1474 justitiam.»
1090 1417 1147 1458 Et
1169 1414 1272 1457 alibi
1300 1433 1309 1458 :
1340 1431 1361 1455 «
1389 1415 1444 1457 Et
1467 1428 1540 1457 ero
1563 1413 1716 1457 imma-

326 1504 347 1527 »
373 1485 541 1530 culatus
564 1500 664 1529 cum
683 1500 733 1529 eo
758 1487 788 1528 ⁷.
812 1503 831 1525 »
853 1487 909 1528 Et
926 1484 1030 1528 alibi
1058 1504 1066 1529 :
1096 1503 1116 1527 «
1142 1484 1261 1527 Beati
1283 1483 1548 1527 immaculati
1564 1483 1609 1526 in
1626 1482 1711 1538 via,

326 1575 348 1598 »
372 1558 448 1616 qui
463 1556 689 1600 ambulant
702 1556 746 1599 in
765 1555 860 1614 lege
879 1555 1091 1599 Dominiss.
1109 1572 1129 1596 »
1148 1557 1257 1598 Item
1276 1552 1393 1613 apud
1410 1552 1711 1599 Salomonem:

328 1644 349 1670 «
374 1628 518 1685 Diligit
548 1629 756 1671 Dominus
784 1635 930 1670 sancta
961 1626 1091 1670 corda
1109 1660 1119 1679 ,
1147 1626 1311 1683 accepti
1341 1633 1443 1669 sunt
1471 1633 1616 1668 autem
1652 1623 1715 1668 illi

330 1719 346 1739 »
373 1712 522 1742 omnes
552 1696 883 1740 immaculati9.
922 1715 941 1738 »
981 1698 1147 1740 Horum
1181 1695 1533 1740 testimoniorum
1569 1695 1715 1754 aliqua

323 1775 545 1812 currentes
563 1767 862 1822 exhortantur,
884 1775 931 1810 ut
955 1765 1147 1825 perfecte
1169 1774 1350 1810 currant
1373 1786 1383 1823 3
1408 1765 1551 1824 aliqua
1571 1765 1714 1824 ipsum

324 1838 453 1880 finem
480 1845 850 1892 commemorant,
875 1851 964 1895 quo
986 1835 1203 1880 currendo
1232 1834 1510 1895 pertendant.
1542 1835 1715 1892 Ingredi

325 1917 469 1951 autem
487 1908 578 1950 sine
600 1906 769 1950 macula
783 1921 871 1950 non
895 1905 1082 1950 absurde
1104 1905 1233 1950 etiam
1249 1905 1323 1949 ille
1345 1904 1521 1960 dicitur,
1534 1920 1622 1948 non
1639 1906 1714 1964 qui

319 1979 409 2036 jam
429 1976 644 2036 perfectus
662 1986 748 2031 est,
777 1976 851 2020 sed
875 1978 950 2036 qui
973 1976 1027 2020 ad
1050 1977 1185 2035 ipsam
1204 1976 1522 2035 perfectionem
1535 1977 1715 2035 irrepre-

324 2048 592 2091 hensibiliter
617 2047 767 2102 currit,
782 2062 931 2091 carens
945 2047 1199 2090 criminibus
1219 2046 1560 2102 damnabilibus,
1582 2057 1714 2107 atque

324 2119 412 2178 ipsa
431 2128 604 2178 peccata
628 2118 810 2163 venialia
830 2134 919 2163 non
937 2117 1160 2177 negligens
1179 2120 1392 2162 mundare
1410 2117 1709 2175 eleemosynis.

324 2192 569 2248 Ingressum
592 2189 771 2248 quippe,
787 2189 870 2233 hoc
893 2189 1063 2243 est,iter
1085 2196 1282 2232 nostrum
1305 2203 1394 2248 quo
1417 2188 1635 2232 tendimus
1658 2187 1714 2232 ad

321 2259 632 2318 perfectionem
655 2294 666 2314 ,
693 2259 857 2303 munda
891 2259 1076 2303 mundat
1098 2259 1250 2303 oratio.
1285 2258 1453 2303 Munda
1475 2268 1538 2303 est
1567 2268 1713 2304 autem

321 2331 458 2376 oratio
482 2331 558 2374 ubi
575 2330 986 2375 veraciterdicitur:
1017 2347 1037 2371 «
1063 2329 1240 2374 Dimitte
1262 2330 1386 2374 nobis
1404 2364 1415 2385 ‚
1441 2330 1551 2374 sicut
1572 2340 1615 2375 et
1633 2345 1712 2376 nos

369 2460 377 2474 1
400 2451 517 2483 Coloss.
538 2462 559 2489 ι,
581 2460 635 2483 21.
653 2469 695 2475 —-
712 2458 724 2473 ²
743 2451 859 2492 Ephes.
886 2462 918 2492 v,
942 2461 995 2492 27.
1012 2466 1053 2473 —
1071 2448 1085 2472 3
1108 2461 1119 2481 1
1141 2452 1213 2482 Cor.
1234 2460 1289 2491 xv,
1310 2448 1364 2491 34.
1379 2448 1446 2480 -4
1469 2461 1481 2482 1
1504 2453 1590 2483 Petr.
1611 2463 1633 2491 1,
1657 2452 1709 2484 13.

321 2523 361 2530 —-
374 2506 388 2530 5
410 2507 514 2539 Levit.
534 2517 598 2548 xix,
616 2516 647 2539 2.
665 2523 706 2529 —
725 2505 740 2529 ⁶
755 2506 838 2539 Psal.
865 2516 932 2543 xiv,
954 2516 981 2539 1.
1001 2521 1041 2528 —
1059 2513 1072 2539 7
1087 2506 1134 2539 Id·
1155 2515 1230 2546 xvn,
1249 2505 1302 2547 24.
1323 2523 1364 2530 —
1377 2505 1393 2529 8
1411 2507 1459 2540 Id.
1481 2517 1597 2549 cxvm,
1625 2518 1653 2540 1.
1667 2524 1709 2532 —

321 2571 336 2595 9
358 2565 452 2595 Prov.
472 2574 509 2600 11,
532 2573 585 2604 20,
606 2562 699 2603 juxta
714 2563 815 2595 LXX.
