1784 3205
352 272 426 311 164
764 282 795 304 s.
841 274 1058 303 xtffls’rffil
1095 273 1273 299 Episcopi

341 346 581 393 fallendum
599 346 725 387 etiam
759 340 1005 401 apostolicae
1028 338 1138 381 sedis
1169 332 1410 395 episcopale
1434 333 1648 392 ,iudicium
1679 334 1723 375 in

340 421 420 463 hac
448 418 538 477 ipsa
555 415 794 475 quaestione
816 411 870 454 de
893 409 1150 468 baptismate
1172 406 1470 467 parvulorum,
1491 403 1722 461 diligenter

341 488 564 534 attendite.
589 489 639 529 In
671 483 823 527 litteris
851 481 965 525 enim
982 515 992 535 ,
1018 495 1125 539 quas
1148 482 1331 522 Romam
1356 475 1471 519 misit
1502 474 1556 517 ad
1584 473 1724 516 beatae

342 560 561 605 memoriae
583 570 739 616 papam
762 551 1086 605 Innocentium,
1112 549 1320 609 quoniam
1343 547 1387 590 in
1416 559 1595 604 corpore
1624 557 1725 587 eum

342 646 430 676 non
451 630 734 680 invenerunt,
756 633 799 668 et
815 631 960 667 sancto
983 636 1106 680 papae
1134 620 1305 663 Zozimo
1322 617 1434 660 datae
1452 623 1576 668 sunt,
1598 621 1728 673 atque

341 701 395 745 ad
417 714 495 742 nos
519 697 619 741 inde
649 695 840 749 directae,
867 713 886 735 «
917 691 1023 735 dicit
1056 705 1099 734 se
1134 689 1189 732 ab
1216 687 1468 732 hominibus
1497 682 1723 735 infamari,

339 768 460 829 quod
492 776 622 825 neget
653 764 841 824 parvulis
875 761 1075 820 baptismi
1110 767 1427 803 sacramentum
1446 791 1456 810 ‚
1490 764 1533 799 et
1565 754 1730 812 absque

341 838 639 896 redemptione
676 835 835 880 Christi
872 831 1088 892 aliquibus
1124 829 1336 874 coelorum
1371 841 1500 884 regna
1540 824 1725 884 promit·

345 918 419 953 tat.
448 927 467 948 ³>
496 906 581 952 Sed
603 922 691 950 non
712 905 770 949 sic
799 903 881 947 illis
908 904 1001 946 haec
1030 901 1321 960 objiciuntur,
1346 907 1394 941 ut
1422 895 1580 955 posuit.
1618 896 1727 939 Nam

344 993 489 1037 neque
521 975 711 1035 parvulis
738 982 900 1032 negant
930 970 1131 1030 baptismi
1162 976 1502 1020 sacramentum,
1531 980 1610 1008 nec
1634 963 1733 1007 abs·

341 1065 427 1110 que
461 1046 760 1106 redemptione
793 1043 952 1090 Christi
990 1041 1206 1099 aliquibus
1233 1038 1445 1083 coelorum
1473 1051 1603 1093 regna
1630 1050 1732 1093 pro-

343 1121 539 1164 mittunt.
585 1121 738 1176 Itaque
781 1115 899 1159 unde
940 1128 983 1157 se
1015 1112 1213 1172 queritur
1250 1108 1476 1162 infamari,
1520 1122 1570 1151 eo
1602 1105 1733 1149 modo

346 1189 589 1248 proposuit,
607 1196 657 1230 ut
680 1185 806 1230 facile
819 1193 964 1243 posset
985 1182 1156 1226 crimini
1178 1180 1366 1239 objecto,
1384 1177 1502 1222 salvo
1525 1192 1602 1220 suo
1623 1174 1734 1233 dog-

348 1268 475 1311 mate,
502 1256 777 1316 respondere.
799 1254 1015 1313 Objicitur
1038 1261 1183 1295 autem
1210 1249 1291 1292 illis
1306 1284 1316 1302 ,
1342 1247 1462 1308 quod
1481 1262 1569 1290 non
1589 1245 1733 1304 bapti-

346 1336 459 1372 zatos
477 1325 680 1385 parvulos
701 1324 859 1368 nolunt
877 1320 1146 1365 damnationi
1170 1318 1296 1377 primi
1319 1316 1507 1361 hominis
1529 1314 1735 1359 obnoxios

346 1397 568 1450 confiteri,
598 1404 640 1439 et
662 1395 706 1439 in
724 1410 796 1438 eos
814 1392 1013 1437 transisse
1036 1388 1244 1448 originale
1261 1395 1486 1447 peccatum
1505 1401 1733 1444 regenera—

350 1468 467 1511 tione
488 1463 790 1525 purgandum,
811 1462 1018 1522 quoniam
1037 1468 1215 1519 propter
1236 1456 1537 1516 accipiendum
1554 1468 1736 1514 regnum

351 1536 563 1581 coelorum
586 1532 890 1579 tantummodo
913 1546 984 1575 eos
1008 1527 1289 1588 baptizandos
1311 1542 1400 1570 esse
1424 1526 1700 1570 contendunt
1727 1544 1735 1568 ;

355 1608 476 1668 quasi
498 1615 654 1666 praeter
676 1619 857 1664 regnum
872 1602 1085 1647 coelorum
1108 1600 1268 1643 habere
1290 1598 1369 1641 nisi
1387 1606 1592 1641 aeternam
1618 1611 1737 1640 mor-

359 1688 444 1722 tem
467 1678 648 1737 possint,
673 1676 749 1735 qui
770 1675 860 1718 sine
889 1670 1218 1731 participatione
1242 1668 1431 1726 corporis
1457 1676 1499 1710 et
1520 1666 1738 1725 sanguinis

360 1747 532 1792 Domini
564 1755 771 1790 aeternam
800 1743 932 1788 vitain
961 1741 1122 1785 habere
1148 1755 1236 1782 non
1264 1747 1459 1798 possunt.
1486 1740 1598 1781 Ecce
1621 1736 1741 1796 quod

358 1819 416 1861 eis
434 1818 635 1876 objicitur
659 1815 713 1858 de
735 1813 949 1872 baptismo
974 1809 1254 1869 parvulorum
1283 1828 1290 1853 :
1317 1823 1405 1852 non
1424 1807 1543 1866 quod
1569 1807 1659 1866 ipse
1683 1807 1741 1850 ita

360 1886 610 1946 proposuit,
636 1894 685 1928 ut
707 1884 838 1943 possit
862 1897 950 1926 suae
973 1880 1285 1940 propositioni,
1321 1878 1443 1937 quasi
1479 1877 1743 1921 adversantis

359 1957 606 2016 objectioni,
627 1953 867 1999 secundum
885 1967 960 1996 sua
978 1951 1183 2009 dogmata
1198 1948 1474 2008 respondere.

418 2029 516 2069 XX.
546 2025 740 2084 Denique
761 2022 982 2083 quomodo
1005 2020 1265 2078 respondeat
1283 2018 1509 2072 advertite,
1536 2027 1578 2062 et
1600 2019 1744 2062 videte

361 2097 547 2141 latebras
579 2093 871 2151 ambiguitatis
900 2091 1075 2135 falsitati
1107 2105 1350 2149 praeparare
1379 2089 1566 2147 refugia,
1595 2090 1745 2134 offun-
1778 2106 1779 2112 ¹

363 2166 509 2211 dendo
530 2166 753 2222 caliginem
790 2162 981 2217 veritati,
1012 2162 1069 2204 ita
1092 2169 1139 2204 ut
1167 2160 1297 2203 etiam
1323 2175 1400 2203 nos
1427 2175 1527 2203 cum
1555 2161 1746 2219 primum

364 2252 411 2280 ea
430 2235 630 2294 legimus,
655 2243 771 2278 recta
791 2232 861 2276 vel
886 2239 1077 2276 correcta
1099 2229 1417 2289 propemodum
1441 2231 1743 2287 gauderemus.
1775 2276 1777 2280 ,

366 2305 450 2350 Sed
467 2304 639 2349 latiores
655 2302 970 2362 disputationes
993 2301 1084 2359 ejus
1098 2300 1143 2342 in
1165 2299 1299 2352 libris,
1325 2299 1402 2342 ubi
1420 2314 1464 2343 se
1483 2299 1748 2359 quantumli-
1774 2318 1784 2330 =·

364 2375 441 2418 bet
461 2374 642 2433 operiat,
664 2372 922 2432 plerumque
944 2370 1107 2429 aperire
1128 2367 1419 2427 compellitur,
1444 2368 1644 2413 fecerunt
1665 2383 1747 2412 no-
1782 2396 1784 2406 ι

367 2443 432 2487 bis
461 2452 504 2487 et
532 2444 611 2487 ista
639 2451 861 2501 suspecta,
886 2449 937 2484 ut
966 2439 1173 2484 attentius
1207 2439 1422 2482 intuentes
1457 2439 1748 2483 inveniremus

368 2513 585 2571 ambigua.
610 2514 723 2557 Cum
745 2512 859 2555 enim
887 2510 1082 2564 dixisset,
1111 2527 1130 2550 «
1156 2521 1383 2567 nunquam
1408 2523 1451 2552 se
1473 2508 1543 2552 vel
1565 2508 1747 2566 impium
1781 2524 1784 2550 1

366 2582 555 2643 aliquem
583 2582 835 2627 haereticum
862 2580 1030 2625 audisse
1059 2598 1067 2624 :
1092 2579 1169 2638 qui
1196 2579 1280 2624 hoc
1301 2577 1421 2638 quod
1437 2579 1663 2638 proposuit
1691 2578 1745 2621 de
1779 2580 1784 2620 l
