1784 3205
317 222 367 259 38
746 229 779 259 s.
816 230 1044 258 Auaus’nm
1078 229 1254 257 zmscom

310 299 503 357 juvetur.
534 297 637 339 Haec
663 304 726 339 est
744 294 844 338 fidei
876 294 1047 348 sanitas,
1085 309 1182 352 quae
1206 308 1283 338 nos
1314 291 1414 337 facit
1436 307 1628 352 quaerere
1649 300 1700 337 ut

315 367 611 420 inveniamus,
640 374 785 423 petere
816 373 864 407 ut
893 364 1172 423 accipiamus,
1211 363 1453 421 pulsarent
1485 364 1700 419 aperiatur

316 438 441 481 nobis
461 439 489 479 ¹.
507 438 669 481 Contra
685 435 812 478 istam
827 434 903 493 qui
919 433 1127 492 disputat,
1144 442 1294 477 contra
1317 448 1361 476 se
1378 433 1519 491 ipsum
1537 431 1702 477 claudit

314 509 475 553 ostium
496 506 801 551 misericordiae
831 505 923 549 Dei.
959 504 1069 550 Nolo
1092 503 1217 563 plura
1246 503 1389 548 dicere
1412 503 1467 547 de
1490 518 1536 547 re
1563 512 1698 559 tanta,

313 580 415 639 quia
433 577 587 622 melius
611 591 706 622 eam
723 575 950 622 committo
971 574 1170 619 fidelium
1193 574 1441 633 gemitibus,
1463 588 1597 634 quam
1614 589 1703 619 ser-

317 649 520 695 monibus
542 648 664 692 meis,

374 722 489 763 XLI.
516 717 672 763 Videte
702 726 850 761 tamen
877 716 1058 761 obsecro
1090 715 1219 774 quale
1245 716 1320 770 sit,
1344 714 1444 759 ideo
1474 714 1639 760 volenti
1662 724 1705 760 et

317 789 509 834 currenti
530 786 869 831 misericordiam
888 787 965 829 Dei
982 800 1073 829 non
1094 800 1185 829 esse
1204 786 1503 840 necessariam,
1529 801 1628 845 quae
1649 785 1705 829 il-

318 860 411 904 lum
446 859 576 902 etiam
595 856 821 917 praevenit,
858 864 909 899 ut
941 864 1165 909 curreret,
1201 856 1303 914 quia
1334 855 1390 899 de
1421 856 1615 915 quodam
1648 856 1707 900 ait

317 928 572 988 Apostolus,
603 946 620 967 «
647 926 777 980 Quod
795 925 891 970 vult
916 925 1049 970 faciat
1077 944 1085 968 ε
1116 942 1135 966 »
1161 924 1222 968 ibi
1243 934 1294 969 ut
1315 925 1518 980 arbitror,
1542 925 1621 970 ubi
1639 941 1709 969 se-

316 1001 465 1060 quitur
497 1008 540 1043 et
567 998 674 1042 dicit
700 1016 708 1042 :
741 1016 762 1040 «
785 999 883 1043 Non
905 1005 1080 1055 peccat,
1121 997 1155 1040 si
1184 995 1325 1040 nubat
1337 999 1369 1040 ².
1407 1015 1427 1039 »
1463 997 1596 1050 Quasi
1629 1012 1709 1056 pro

319 1084 479 1127 magno
504 1067 756 1113 habendum
786 1068 855 1123 sit,
879 1066 990 1113 velle
1016 1066 1204 1122 nubere,
1229 1066 1305 1110 ubi
1326 1066 1381 1111 de
1405 1065 1621 1126 adjutorio
1637 1068 1709 1111 di·-

318 1141 432 1184 vinae
460 1137 762 1183 misericordiae
787 1138 1007 1196 operosius
1031 1138 1292 1196 disputatur.
1329 1139 1418 1182 Aut
1449 1152 1554 1183 vero
1580 1138 1710 1182 etiam

319 1210 379 1253 ibi
398 1208 571 1268 prodest
598 1208 764 1268 aliquid
790 1207 918 1263 velle,
944 1208 1024 1252 nisi
1047 1211 1162 1252 Deus
1187 1207 1484 1266 providentia,
1519 1223 1607 1268 qua
1629 1223 1711 1266 gu-

324 1282 478 1325 bernat
494 1280 656 1334 omnia,
672 1294 834 1323 marem
849 1280 1166 1338 soeminamque
1180 1280 1433 1339 conjungat.
1454 1298 1474 1321 «
1492 1282 1582 1324 Aut
1600 1295 1713 1340 quo-

321 1352 438 1395 niam
463 1351 518 1394 ad
536 1349 837 1394 Philemonem
869 1349 1036 1408 scripsit
1057 1348 1311 1407 Apostolus,
1337 1358 1386 1392 ut
1407 1364 1497 1394 non
1514 1351 1637 1409 quasi
1659 1365 1711 1395 ex

320 1421 573 1466 necessitate
596 1422 763 1464 bonurn
785 1421 876 1479 ejus
909 1428 1019 1463 esset
1036 1454 1046 1474 ,
1072 1418 1147 1463 sed
1167 1418 1513 1475 voluntarium,
1540 1438 1560 1462 »
1588 1422 1713 1480 quasi

323 1490 448 1536 aliter
469 1491 523 1535 sit
544 1490 843 1535 voluntarium
871 1490 1056 1544 bonum,
1083 1489 1165 1534 nisi
1188 1504 1289 1533 cum
1316 1508 1336 1531 «
1360 1492 1475 1534 Deus
1509 1500 1713 1549 operatur

325 1580 347 1604 »
367 1563 412 1606 in
426 1562 552 1606 nobis
575 1571 617 1606 et
639 1560 752 1605 velle
778 1569 822 1605 et
849 1560 1018 1620 operari
1040 1575 1118 1619 pro
1144 1561 1261 1604 bona
1289 1560 1517 1605 voluntate
1531 1562 1562 1604 4.
1583 1579 1604 1601 n
1626 1565 1715 1607 Aut

323 1633 427 1692 quia
457 1633 503 1676 in
536 1631 877 1676 Deuteronomio
898 1630 1107 1690 scriptum
1131 1639 1215 1685 est,
1250 1649 1272 1673 «
1304 1631 1448 1675 Vitam
1465 1639 1508 1676 et
1528 1640 1716 1677 mortem

327 1721 349 1745 »
374 1702 491 1750 dedit
513 1712 612 1747 ante
625 1701 781 1747 faciem
800 1702 988 1747 hominis
1010 1701 1177 1746 bonum
1201 1710 1244 1745 et
1266 1701 1431 1746 malum
1445 1703 1462 1727 4
1485 1722 1496 1759 3
1523 1720 1544 1744 »
1570 1712 1614 1747 et
1634 1702 1715 1747 ad—

325 1774 496 1818 monuit
514 1782 564 1817 ut
584 1791 604 1815 «
628 1772 806 1831 eligeret
824 1773 958 1817 vitam
978 1790 998 1814 »
1029 1773 1176 1832 :quasi
1198 1781 1241 1816 et
1255 1772 1344 1831 ipsa
1369 1771 1610 1818 admonitio
1627 1789 1718 1818 non

327 1845 382 1889 de
413 1842 705 1888 misericordia
728 1844 900 1900 veniat3
929 1842 999 1887 vel
1028 1841 1194 1901 aliquid
1219 1840 1442 1901 prodesset
1469 1843 1629 1903 eligere
1648 1845 1718 1889 vi-

326 1925 433 1969 tam,
453 1914 535 1957 nisi
558 1916 672 1957 Deus
691 1912 878 1970 eligendi
906 1912 1163 1956 charitatem
1190 1912 1443 1972 inspiraret,
1467 1923 1511 1958 et
1535 1913 1719 1960 electam

330 1986 490 2030 habere
511 1992 735 2043 praestaret
755 2003 765 2028 ε
785 1984 840 2027 de
857 1999 946 2043 quo
963 1982 1132 2027 dictum
1146 1992 1226 2037 est,
1245 2002 1265 2026 «
1281 1985 1501 2037 Quoniam
1517 1986 1580 2030 ira
1595 1986 1642 2031 in
1655 1986 1720 2030 in-

331 2074 352 2098 »
378 2055 630 2114 dignatione
651 2055 763 2113 ejuS,
788 2062 832 2097 et
851 2053 941 2098 vita
960 2053 1006 2096 in
1027 2052 1253 2098 voluntate
1283 2055 1375 2113 ejus
1395 2057 1428 2099 ⁵.
1458 2073 1479 2098 »
1505 2058 1595 2100 Aut
1615 2056 1720 2116 quia

331 2126 497 2171 dictum
519 2133 583 2168 est
603 2159 614 2178 ‚
643 2142 664 2166 «
690 2124 732 2169 Si
754 2124 870 2168 voles
894 2131 1134 2183 praecepta,
1160 2123 1400 2168 servabunt
1416 2134 1459 2169 te
1476 2126 1491 2152 ⁰
1516 2141 1525 2167 :
1553 2144 1573 2167 >›
1597 2127 1720 2186 quasi

330 2212 420 2242 non
443 2195 599 2240 debeat
620 2198 710 2240 Deo
730 2208 853 2252 agere
871 2194 1027 2253 gratias
1043 2228 1054 2250 ,
1087 2195 1189 2253 quia
1213 2204 1432 2254 praecepta
1458 2194 1618 2252 voluit,
1644 2198 1720 2257 qui

331 2268 525 2311 desertus
542 2267 662 2310 omni
682 2266 847 2309 lumine
862 2266 1050 2310 veritatis
1067 2265 1161 2309 haec
1174 2264 1286 2309 velle
1304 2281 1394 2310 non
1412 2277 1569 2326 posset.
1594 2287 1616 2311 «
1636 2271 1721 2313 Po-

331 2338 421 2382 sitis
453 2346 552 2396 ante
574 2337 796 2381 hominem
819 2338 940 2395 igne,
965 2345 1008 2380 et
1027 2351 1162 2396 aqua,
1185 2351 1274 2395 quo
1295 2336 1391 2381 vult
1421 2337 1601 2398 quidem
1622 2353 1721 2398 por-

335 2409 435 2467 rigit
478 2422 686 2463 manum,
720 2424 741 2448 »
781 2407 856 2451 sed
888 2406 1014 2451 altior
1050 2415 1114 2451 est
1149 2407 1225 2465 qui
1265 2417 1391 2452 vocat
1425 2408 1554 2454 altius
1587 2425 1721 2469 quam

384 2517 393 2530 ¹
418 2511 494 2541 Luc.
520 2519 564 2550 xi,
588 2519 637 2540 11.
655 2525 695 2531 -
709 2516 721 2530 2
745 2520 755 2540 1
778 2511 851 2542 Cor.
878 2519 931 2548 vn,
952 2508 1006 2541 36.
1023 2526 1063 2532 —
1081 2507 1094 2532 3
1110 2508 1240 2541 Philem.
1268 2508 1318 2550 ¹4·
1341 2508 1407 2539 -4
1421 2510 1534 2553 Philip.
1554 2521 1590 2553 n,
1612 2512 1662 2545 13.
1679 2528 1719 2535 -

338 2565 351 2587 ‘³
374 2568 467 2598 Deum
488 2576 563 2605 xxx,
585 2564 621 2597 15
640 2569 673 2597 et
696 2576 745 2605 ις).
765 2564 832 2589 -6
850 2565 929 2598 Psal.
950 2575 1041 2604 xxm,
1058 2564 1093 2597 6.
1107 2581 1146 2588 —-
1160 2573 1174 2599 7
1192 2565 1292 2599 Eccli.
1314 2577 1349 2606 v,
1371 2566 1422 2598 16.
