1784 3205
311 282 395 321 340
752 290 784 313 s.
820 283 1049 312 Aususnm
1083 281 1266 308 EPISCOPl

308 375 390 403 nec
407 353 645 401 abluendas
663 352 894 411 baptismo,
915 361 994 391 nec
1011 345 1243 405 expiandas
1261 341 1421 388 Christi
1440 340 1631 399 corporis
1648 347 1691 381 et

309 426 530 487 sanguinis
552 423 758 469 sacrificio
776 456 787 476 ,
813 429 855 464 et
876 419 922 462 in
943 427 1156 462 aeternnm
1179 413 1446 459 damnandas
1474 411 1593 455 carni
1621 409 1691 452 in-

311 507 424 543 serat
446 494 674 556 peccatrici
695 513 706 550 3
730 499 805 536 aut
828 489 1006 534 omnino
1028 486 1213 531 haerebit
1229 520 1240 541 ,
1266 494 1309 528 et
1331 484 1369 527 ei
1391 490 1535 526 nostra
1556 495 1692 524 cunc-

311 570 418 615 tatio
446 566 515 613 vel
541 581 634 611 sero
661 561 850 625 placebit
864 596 879 616 ,
904 569 980 604 aut
1000 557 1126 603 simul
1148 572 1228 616 pro
1249 554 1452 600 omnibus
1474 550 1662 611 parvulis
1680 584 1691 603 ,

311 640 387 698 qui
416 647 508 682 toto
536 637 642 681 orbe
678 644 889 679 terrarum
921 631 1012 675 sine
1052 628 1286 673 christiano
1314 624 1571 682 baptismate
1599 635 1689 664 mo-

311 709 513 763 riuntur,
544 707 673 750 etiam
700 718 849 749 eorum
880 699 1130 746 nominibus
1161 696 1323 750 tacitis,
1360 693 1565 753 quoniam
1597 706 1697 734 nes-

313 779 489 823 ciuntur
525 777 572 820 in
612 774 806 820 Ecclesia
846 771 1005 817 Christi
1023 805 1034 824 ,
1079 783 1168 813 non
1206 765 1488 824 incorporatis
1527 761 1697 821 corpori

313 849 488 903 Christi,
519 844 794 892 offerendum
817 858 972 902 corpus
997 839 1155 886 Christi
1179 854 1268 883 esse
1294 835 1502 882 censebit.

370 920 517 963 XXII.
545 916 670 961 Absit
692 932 715 959 a
736 924 794 968 te,
821 912 969 967 frater,
994 920 1044 955 ut
1065 911 1159 954 haec
1185 909 1263 952 tibi
1285 907 1499 967 placeant,
1523 902 1634 947 absit
1653 910 1700 944 ut

314 991 392 1034 ista
409 1024 419 1044 ,
449 987 519 1032 vel
546 986 742 1031 didicisse
771 983 984 1043 gaudeas,
1016 981 1086 1027 vel
1113 980 1268 1025 docere
1296 990 1530 1037 praesumas
1557 993 1566 1018 2
1591 972 1699 1017 alio-

314 1060 421 1119 quin
444 1058 573 1116 longe
595 1057 747 1100 melior
765 1055 1009 1098 invenietur
1026 1052 1116 1111 ipse
1138 1064 1271 1109 quam
1292 1057 1357 1092 tu.
1383 1047 1494 1100 Quia
1516 1045 1561 1088 in
1584 1059 1700 1087 exor-

316 1131 388 1174 dio
405 1129 534 1189 primi
547 1129 613 1172 sui
627 1127 728 1171 libri
745 1125 939 1170 modeste
958 1133 1087 1182 atque
1106 1121 1326 1165 humiliter
1344 1117 1606 1178 praelocutus
1621 1123 1699 1168 est,

316 1200 464 1244 dicens
488 1217 496 1243 :
528 1217 548 1240 «
573 1199 687 1243 Cum
708 1196 788 1240 tibi
808 1209 959 1254 parere
984 1192 1180 1237 desidero
1197 1225 1209 1246 ‚
1233 1198 1382 1234 notam
1406 1185 1703 1246 praesumptio-

317 1271 383 1314 nis
405 1270 595 1313 incurro.
628 1287 645 1308 »
670 1269 728 1310 Et
748 1264 880 1325 paulo
904 1272 1001 1323 post
1024 1282 1032 1306 ε
1065 1281 1085 1303 (ι
1111 1259 1482 1318 Quandoquidem
1497 1291 1507 1311 ‚
1532 1256 1701 1314 inquit,

318 1356 399 1385 nec
421 1339 527 1384 mihi
548 1339 638 1398 ipse
658 1337 737 1380 sim
760 1333 979 1388 credulus,
1006 1348 1054 1376 ea
1078 1347 1177 1390 quae
1197 1329 1344 1374 dixero
1365 1342 1489 1387 posse
1507 1325 1703 1385 probari,

271 1433 275 1438 ¹
320 1409 606 1468 studeamque
623 1421 792 1464 semper
808 1404 938 1449 etiam
956 1401 1174 1462 propriam
1195 1398 1450 1444 sententiam
1469 1411 1557 1440 non
1576 1395 1704 1449 tueri,

321 1481 354 1525 si
375 1478 676 1540 improbabilis
698 1477 949 1534 detegatur,
973 1484 1016 1518 et
1038 1473 1092 1517 sit
1113 1472 1218 1516 mihi
1240 1470 1376 1525 cordi,
1402 1468 1578 1529 proprio
1595 1465 1707 1527 judi·

322 1552 390 1595 cio
413 1552 617 1594 damnato
634 1583 644 1603 ,
676 1546 853 1591 meliora
879 1545 1015 1604 magis
1036 1552 1079 1587 et
1108 1559 1206 1602 quae
1234 1543 1318 1585 sint
1344 1541 1508 1586 veriora
1536 1536 1704 1582 sectari.

324 1624 433 1667 Nam
451 1630 502 1664 ut
519 1628 582 1664 est
601 1619 752 1679 optimi
768 1616 977 1676 propositi
994 1614 1291 1672 laudandique
1309 1610 1490 1664 consilii,
1513 1607 1639 1653 facile
1654 1607 1710 1650 ad

324 1692 491 1737 veriora
503 1689 726 1735 transduci
738 1709 748 1745 3
762 1689 822 1733 ita
836 1686 1024 1746 improbi
1038 1685 1331 1743 obstinatique
1339 1682 1492 1742 judicii
1505 1689 1583 1735 est,
1596 1677 1711 1723 nolle

324 1764 452 1808 citius
480 1762 534 1807 ad
557 1761 774 1806 tramitem
797 1758 974 1803 rationis
1003 1756 1181 1800 inflecti.
1214 1773 1234 1795 »
1263 1757 1366 1798 Haec
1389 1753 1551 1811 quippe
1578 1749 1651 1793 ille
1679 1748 1713 1792 si

325 1833 533 1879 veraciter
548 1831 671 1885 dixit,
690 1840 819 1890 atque
834 1838 883 1873 ut
898 1828 1070 1872 locutus
1089 1835 1151 1869 est
1169 1824 1314 1877 sentit,
1333 1837 1502 1880 magnae
1517 1818 1712 1878 profecto

324 1905 415 1964 spei
437 1904 632 1948 animum
655 1901 778 1960 gerit.
804 1902 914 1944 Item
937 1898 979 1941 in
1004 1898 1090 1940 fine
1112 1895 1212 1939 libri
1236 1892 1414 1938 secundi
1437 1912 1445 1936 ;
1476 1911 1495 1933 «
1521 1893 1607 1935 Nec
1631 1906 1712 1949 pu·-

323 1985 403 2030 tes,
427 1974 584 2034 inquit,
612 1972 665 2017 ad
687 1970 894 2016 invidiam
918 1978 1038 2013 tuam
1060 1966 1239 2012 forsitan
1261 1962 1572 2016 revocandum,
1592 1959 1712 2020 quod

325 2046 371 2089 in
398 2055 473 2089 tua
501 2044 716 2088 dictorum
746 2055 942 2085 meorum
966 2038 1226 2083 constituam
1250 2044 1458 2095 potestate
1476 2032 1706 2094 judicium.

326 2119 390 2161 Ac
417 2130 472 2159 ne
500 2113 612 2158 sorte
633 2114 892 2172 cujusquam
915 2110 1073 2154 curiosi
1095 2108 1265 2153 lectoris
1287 2107 1467 2151 obtutus
1487 2139 1497 2158 ,
1523 2105 1635 2147 inter
1656 2101 1710 2144 il-

324 2186 422 2230 litas
440 2185 570 2229 fibras
592 2183 908 2228 elementorum
929 2179 1104 2236 vestigia
1129 2177 1395 2220 remanentia
1417 2174 1648 2219 sollicitent
1669 2179 1711 2215 et

326 2258 570 2311 offendant,
586 2263 831 2300 contextam
845 2251 1010 2312 paginae
1027 2249 1176 2294 seriem
1200 2247 1356 2307 pollice
1379 2261 1526 2290 severo
1551 2244 1713 2288 discer-

326 2345 382 2389 pe
396 2343 575 2387 :meque
591 2327 723 2386 hujus
740 2323 952 2369 censionis
970 2330 1158 2381 experte,
1175 2319 1280 2379 puni
1298 2325 1535 2362 atramenta
1548 2330 1647 2375 quae
1664 2314 1710 2357 in

325 2415 408 2459 gna
436 2398 606 2457 eloquia
634 2397 943 2455 signaverunt,
968 2408 1022 2437 ne
1043 2393 1124 2436 hac
1150 2391 1373 2435 occasione
1396 2398 1438 2432 et
1462 2397 1587 2431 tuum
1612 2399 1713 2442 erga

325 2485 397 2514 me
424 2468 652 2528 iudicium,
688 2482 776 2526 quo
810 2465 915 2509 mihi
947 2464 1226 2508 vehementer
1261 2459 1461 2517 indulges
1476 2493 1491 2513 ,
1527 2466 1570 2501 et
1605 2469 1713 2499 meae

328 2556 429 2600 quae
449 2539 645 2583 latebant
665 2537 840 2596 ineptiae
861 2536 1097 2579 rideantur.
1124 2552 1144 2574 »

386 2612 555 2656 XXIII.
572 2612 659 2654 Isto
672 2608 803 2667 igitur
815 2622 915 2651 cum
934 2604 1006 2650 ille
1021 2619 1119 2650 suos
1130 2602 1263 2648 libros
1285 2610 1328 2646 et
1346 2599 1469 2645 initio
1482 2595 1712 2658 praemuni-
