1804 3205
294 251 344 276 ον,
380 253 545 277 Νινϊιες
581 253 629 277 rxr
663 254 1030 289 ‹30N‹:ur⁸ts(:EATtA‚
1071 253 1145 279 rin.
1187 256 1232 280 ιι.
1379 244 1455 281 261

72 323 111 357 ct
136 329 210 372 per
232 325 458 373 peccatum
485 321 620 359 mors¹
645 339 654 371 ς
680 328 719 360 ct
746 319 799 361 ita
821 320 861 362 in
888 333 1036 363 omnes
1054 319 1250 363 homines
1275 331 1463 379 pertram,

67 394 156 438 sut,
184 401 226 428 in
249 401 337 444 quo
357 401 506 430 omnes
528 399 831 445 peccaverunt.

126 457 373 501 XXXVIII.
401 477 418 498 «
443 460 586 507 Novo,
610 458 766 519 inquit,
789 461 1194 518 generedisscrendi
1213 496 1223 516 ‚
1250 470 1292 506 et
1314 463 1462 506 catho-

68 526 197 571 licum
218 530 454 587 profiteris,
476 539 515 573 ct
541 532 783 575 Manicliaeo
807 533 1111 590 patrocinaris,
1139 532 1326 577 dicendo
1342 548 1460 592 nup·
1485 563 1487 566 -

69 598 145 641 tias
168 608 207 641 et
243 614 444 656 magnum
487 601 676 654 bonum,
703 611 745 645 et
779 618 985 661 magnum
1015 602 1190 647 malum.
1223 622 1241 643 υ
1281 607 1458 648 Prorsus

63 669 169 727 quid
188 669 407 730 loquatur,
431 673 616 731 ignorat,
635 673 722 716 sive
741 674 936 732 ignorare
954 690 997 718 se
1019 674 1209 718 simulat.
1237 679 1323 719 Aut
1339 674 1456 718 cnim

63 754 149 782 non
171 740 393 799 intelligit,
420 752 493 786 atlt
519 758 606 786 non
632 743 726 786 vult
750 743 932 803 intelligi
951 745 1056 804 quid
1075 744 1285 789 dicamus.
1315 744 1398 789 Sed
1420 746 1454 788 si

60 825 149 853 non
170 810 395 870 intelligit,
420 815 798 873 praeoccupatione
825 814 1062 874 impeditur
1096 817 1250 860 erroris
1284 835 1292 860 :
1317 817 1349 859 si
1373 831 1454 860 au-

63 890 146 924 tem
163 898 250 925 non
268 883 360 927 vult
374 885 480 943 quid
501 885 698 929 dicamus
713 886 913 945 intelligi,
935 888 1186 946 pervicaciae
1204 887 1354 931 vitium
1369 896 1449 941 est,
1512 879 1517 887 ¹

59 967 148 1010 quo
170 968 296 996 suum
329 953 532 1000 defendit
555 971 760 1000 errorem.
796 960 851 1000 Et
873 957 1126 1001 Jovinianus
1143 991 1153 1011 ‚
1186 958 1262 1017 qui
1292 971 1453 1016 paucos

59 1033 158 1066 ante
184 1040 318 1068 annos
343 1025 558 1070 novellam
579 1036 759 1071 conatus
782 1037 845 1070 est
861 1028 1057 1070 haeresim
1081 1029 1285 1081 condere,
1311 1028 1454 1072 Mani-

58 1094 189 1137 chaeis
211 1096 471 1153 patrocinari
489 1095 660 1141 dicebat
690 1097 948 1151 catholicos,
975 1097 1095 1157 quod
1123 1097 1326 1141 adversus
1350 1113 1450 1141 eum

56 1174 247 1208 sanctam
272 1166 563 1234 virginitaatem
592 1168 755 1226 nuptiis
777 1167 1083 1226 praeferebant.
1112 1167 1196 1212 Sed
1216 1183 1447 1227 responsu·

57 1250 127 1278 rus
147 1245 225 1289 est,
247 1237 324 1280 iste
350 1252 435 1280 non
463 1253 506 1280 se
524 1238 643 1297 quod
660 1239 913 1281 „Iovinianus
939 1239 993 1281 de
1017 1237 1309 1282 indifferentia
1335 1254 1449 1297 nup-

55 1306 212 1349 tiarum
235 1307 542 1366 virginumque
565 1309 736 1372 sentire.
765 1311 852 1352 Nec
873 1323 974 1366 ergo
992 1309 1114 1363 dico,
1141 1308 1260 1368 quod
1277 1310 1343 1353 isti
1365 1310 1448 1353 hoc

52 1377 239 1420 sentiant
263 1387 590 1421 :verumtamen
618 1378 696 1437 pec
730 1379 1008 1422 Jovinianum
1045 1380 1273 1423 catholicis
1303 1381 1448 1424 Mani-

52 1447 193 1490 chaeos
227 1448 498 1506 objicientem
517 1484 526 1502 ‚
560 1465 648 1492 non
682 1465 772 1492 esse
800 1450 882 1493 hoc
916 1465 1102 1504 novum,
1128 1450 1230 1493 novi
1256 1451 1446 1495 liaeretici

53 1528 373 1575 recognoscant.
397 1522 480 1563 Nos
493 1520 638 1579 itaque
653 1520 827 1577 nuptias
843 1521 1009 1564 bonum
1028 1520 1213 1564 dicimus
1232 1535 1336 1575 esse,
1356 1536 1446 1565 non

52 1589 231 1634 malum.
257 1589 338 1634 Sed
352 1590 476 1634 sicuti
491 1591 637 1634 Ariani
655 1593 704 1635 Sa
714 1591 921 1635 bellianos
937 1607 1014 1635 nos
1030 1606 1120 1634 esse
1137 1591 1441 1647 criminantur,
1465 1620 1473 1627 »

50 1660 245 1718 quamvis
274 1675 361 1703 non
385 1659 577 1704 dicamus
607 1676 743 1704 unum
777 1661 1070 1720 eumdemque
1101 1676 1189 1704 esse
1214 1665 1384 1705 Patrem
1400 1671 1444 1705 et

51 1728 209 1771 Filium
229 1738 271 1772 et
295 1730 499 1789 Spiritum
518 1741 732 1784 sanctum,
758 1730 877 1789 quod
909 1729 1142 1775 Sabelliani
1165 1731 1341 1787 dicunt3
1367 1730 1441 1774 sed

47 1799 239 1844 dicamus
262 1815 394 1844 unam
415 1800 700 1858 eamdemque
719 1815 808 1843 esse
831 1809 1030 1856 naturam
1060 1800 1194 1843 Patris
1213 1809 1255 1844 et
1278 1800 1376 1844 Filii
1398 1809 1442 1844 et

50 1870 232 1927 Spiritus
254 1870 414 1922 sancti,
440 1870 561 1928 quod
589 1869 792 1913 catholici
814 1869 968 1913 dicunt
999 1889 1007 1913 ;
1031 1870 1090 1912 ita
1115 1870 1332 1927 Pelagiani
1356 1885 1441 1914 no-

48 1940 111 1982 bis
130 1939 394 1983 Manichaeos
417 1939 652 1998 objiciunt,
678 1939 876 1998 quamvis
899 1954 987 1983 non
1017 1939 1213 1982 dicamus
1235 1954 1324 1983 esse
1347 1955 1439 1984 ma-

44 2009 136 2053 lum
155 2010 351 2068 nuptias,
374 2008 493 2068 quod
512 2010 664 2053 dicunt
686 2009 941 2066 Manichaei3
965 2009 1038 2053 sed
1058 2010 1253 2053 dicamus
1271 2010 1437 2053 malum

44 2081 190 2138 primis
213 2080 486 2133 hominibus,
514 2079 558 2123 id
576 2090 659 2134 est,
687 2081 834 2138 primis
857 2080 1120 2139 conjugibus
1143 2079 1369 2135 accidisse,
1395 2089 1438 2125 et

43 2149 145 2193 inde
165 2150 209 2192 in
233 2164 381 2193 omnes
408 2150 606 2193 homines
631 2150 936 2208 pertransisse,
963 2150 1086 2210 quod
1106 2149 1262 2195 dicunt
1281 2151 1435 2195 catho-

41 2219 126 2263 lici.
156 2219 239 2263 Sed
268 2220 378 2263 sicut
400 2219 548 2262 Ariani
571 2219 675 2262 dum
696 2219 966 2264 Sabellianos
994 2221 1213 2277 I'ugiunt²‚
1246 2220 1288 2263 in
1313 2221 1436 2279 pejus

40 2289 206 2349 aliquid
227 2289 499 2346 inciderunt3
524 2290 625 2348 quia
647 2290 866 2334 Trinitatis
889 2291 976 2334 ausi
996 2300 1098 2334 sunt
1118 2306 1206 2334 non
1228 2305 1433 2349 personas

40 2360 300 2413 discernere,
322 2360 396 2403 sed
412 2369 586 2404 naturas
608 2380 615 2404 :
642 2361 698 2403 ita
720 2359 936 2418 Pelagiani
960 2361 1065 2404 dum
1090 2360 1431 2405 Manichaeorum

41 2439 203 2489 pestem
250 2431 293 2472 in
329 2444 579 2488 perversum
617 2431 751 2473 vitare
798 2439 1038 2483 conantur,
1077 2431 1131 2474 de
1179 2432 1428 2490 nuptiarum

89 2531 97 2543 ¹
123 2527 212 2556 Ram.
235 2536 265 2560 v,
287 2534 334 2556 ι’).
354 2543 391 2548 -
409 2533 420 2548 ²
443 2526 519 2557 vido
539 2527 593 2557 lib.
615 2538 634 2557 v
652 2528 750 2567 (Ἶρον.
774 2527 899 2567 imperf.
924 2538 995 2569 cap.
1016 2527 1069 2559 ’.ιῦ.
