1784 3205
347 271 372 310 4
778 279 810 304 s.
846 274 1073 303 Aucusnm
1108 273 1285 300 EPlscol‘l

401 353 569 389 eontra
601 340 898 403 Pelagianos
923 337 1135 401 proferri
1171 334 1377 381 solerent
1401 368 1410 385 ‚
1455 332 1716 377 auctorita-

406 413 527 458 tibus
546 411 829 458 contrarias.

973 542 1119 554 ,θ’-κ

510 645 651 681 Sanctis
670 643 845 679 frati-ihus
863 647 902 677 ct
921 640 1167 686 coepiscopis,
1190 638 1366 683 Eutropio
1387 642 1421 671 et
1438 635 1552 670 Paulo

915 699 1156 742 Augustinus.

405 826 619 869 Cumanis
632 830 788 874 vestra,
814 835 912 879 quae
934 819 978 862 in
999 817 1120 861 vobis
1141 826 1259 860 tanta
1282 824 1360 870 est,
1386 823 1429 858 et
1448 823 1534 857 tam
1558 820 1719 866 sancta,

346 903 394 939 ut
416 896 539 938 etiam
559 892 733 952 jubenti
754 891 910 934 servire
934 888 1135 940 delectet,
1158 887 1308 946 petivit
1331 895 1379 938 ut
1399 883 1723 928 definitionibus

344 981 442 1024 quae
460 964 663 1007 dicuntur
680 961 871 1006 Coelestii
889 974 992 1012 esse,
1016 958 1315 1016 respondeam.
1336 956 1403 1000 Sic
1419 955 1532 998 enim
1552 969 1723 1012 praeno-

348 1044 435 1078 tata
454 1043 516 1077 est
537 1032 687 1076 eadem
711 1029 905 1075 chartula
928 1043 1057 1088 quam
1076 1027 1250 1070 dedistis
1276 1045 1284 1070 ;
1313 1045 1332 1067 α
1361 1024 1653 1076 Definitiones,
1679 1030 1728 1065 ut

347 1104 523 1156 dicitur,
550 1101 743 1147 Coelestii
769 1119 777 1144 ;
806 1119 824 1140 »
849 1115 946 1158 quae
969 1097 1225 1156 praenotatio
1245 1096 1390 1149 credo,
1416 1094 1534 1155 quod
1558 1109 1646 1136 non
1669 1092 1723 1135 il-

340 1171 439 1226 lius,
461 1173 535 1215 sed
557 1186 705 1215 eorum
724 1171 776 1213 sit
797 1169 872 1228 qui
892 1169 974 1211 hoc
997 1166 1237 1211 attulerunt
1259 1166 1312 1209 de
1341 1164 1497 1218 Sicilia,
1523 1163 1598 1206 ubi
1618 1165 1724 1207 Coe-

338 1241 485 1284 lestius
508 1257 594 1284 non
618 1255 706 1283 csse
730 1238 997 1297 perhibetur,
1025 1236 1099 1280 sed
1119 1235 1247 1279 multi
1270 1235 1370 1278 talia
1398 1234 1647 1292 garrientes,
1678 1241 1721 1275 et

338 1313 448 1355 sicut
471 1313 528 1355 ait
550 1309 796 1369 Apostolus,
820 1307 899 1366 ipsi
922 1316 1128 1361 errantes,
1155 1320 1197 1350 et
1219 1306 1322 1350 alios
1345 1307 1389 1348 in
1410 1320 1598 1348 errorem
1620 1304 1722 1347 mit-

338 1383 520 1424 tentes¹.
562 1383 625 1423 Ex
659 1378 775 1421 illius
809 1387 953 1420 tamen
985 1378 1076 1420 haec
1112 1392 1203 1419 esse
1241 1376 1464 1427 doctrina,
1495 1374 1563 1418 vel
1593 1374 1721 1417 etiam

339 1449 631 1509 quorumdam
662 1449 874 1492 sociorum
903 1449 1018 1506 ejus,
1057 1456 1099 1489 et
1136 1462 1212 1490 nos
1245 1462 1471 1505 possumus
1505 1444 1720 1488 arbitrari.

337 1523 445 1565 Nam
468 1535 610 1579 neque
633 1520 724 1562 istae
750 1520 896 1561 breves
917 1517 1209 1570 definitiones,
1236 1517 1304 1560 vel
1330 1517 1471 1574 potius
1494 1516 1725 1559 ratiocina-

340 1591 494 1643 tiones,
530 1589 584 1631 ab
619 1588 733 1631 illius
763 1588 1000 1630 abhorrent
1036 1587 1233 1644 ingenio,
1267 1586 1385 1645 quod
1411 1586 1454 1628 in
1491 1601 1620 1644 opere
1642 1584 1725 1628 alio

340 1661 430 1719 ejus
464 1659 649 1718 inspexi,
683 1659 805 1717 cujus
836 1672 933 1700 eum
969 1671 1058 1699 csse
1086 1666 1253 1700 constat
1288 1666 1507 1699 auctorem
1534 1674 1541 1699 ε
1569 1664 1611 1698 et
1637 1671 1725 1698 non

339 1729 498 1774 frustra
522 1731 621 1773 istos
645 1729 795 1771 fratres
816 1728 890 1787 qui
909 1729 1000 1770 liaec
1019 1726 1274 1781 attulerunt,
1301 1728 1345 1769 in
1373 1726 1511 1770 Sicilia
1531 1726 1726 1769 existimo

340 1799 523 1851 audisse,
543 1798 661 1856 quod
687 1799 774 1856 ipse
797 1797 989 1840 docuerit
1013 1798 1089 1839 ista
1109 1796 1176 1839 vel
1199 1796 1427 1854 scripserit.
1457 1795 1622 1839 Vellem
1646 1812 1725 1839 au-

341 1880 444 1923 tem,
466 1870 498 1913 si
519 1884 701 1926 possem,
724 1869 780 1910 ita
803 1868 1104 1925 obtemperare
1128 1876 1280 1910 vestrae
1306 1867 1508 1910 fraternae
1536 1868 1724 1910 benevo-

341 1939 503 1992 lentiae,
522 1948 570 1981 ut
585 1938 714 1981 etiarn
737 1953 817 1994 ego
837 1946 924 1980 tam
947 1936 1131 1979 breviter
1152 1937 1471 1995 responderem.
1491 1935 1573 1980 Sed
1589 1937 1668 1979 nisi
1683 1946 1725 1980 et

341 2007 414 2050 illa
435 2021 766 2051 commemorem
782 2007 938 2065 quibus
959 2005 1213 2063 respondeo,
1235 2007 1330 2065 quis
1346 2008 1500 2064 poterit
1517 2006 1725 2066 quemad-

343 2077 522 2120 modum
548 2075 841 2133 responderim
862 2075 1080 2133 judicare?
1102 2076 1305 2118 Conabor
1323 2084 1485 2129 tamen,
1511 2085 1726 2135 quantum

350 2156 541 2200 valuero,
577 2145 881 2204 adjuvantibus
917 2160 984 2187 me
1018 2144 1134 2202 apud
1182 2145 1352 2203 nomini
1391 2145 1725 2189 misericordiam

343 2219 470 2261 etiam
499 2216 766 2260 orationihus
788 2215 960 2268 vestris,
989 2224 1035 2258 ut
1057 2230 1145 2258 non
1177 2214 1288 2259 ultra
1312 2232 1443 2275 quam
1469 2232 1640 2260 necesse
1664 2225 1727 2259 est

344 2302 464 2330 meus
485 2301 623 2331 sermo
647 2295 889 2344 procurrat.

402 2361 434 2399 l.
474 2376 493 2398 «
521 2361 631 2399 Ante
660 2356 829 2408 omnia,
867 2355 1031 2414 inquit,
1059 2355 1392 2411 interrogandus
1416 2366 1477 2399 est
1500 2357 1574 2415 qui
1598 2365 1726 2413 negat

345 2428 561 2470 'uomitum
592 2427 682 2469 siue
707 2436 879 2483 peccato
908 2440 996 2468 esse
1025 2440 1170 2482 posse,
1201 2426 1308 2484 quid
1335 2428 1386 2469 sit
1417 2427 1726 2485 quodcumque

343 2507 591 2555 peccatum,
620 2496 739 2553 quod
765 2497 887 2538 vitari
917 2505 1070 2553 potest,
1095 2496 1285 2554 aliquod
1307 2496 1432 2540 vitari
1457 2513 1544 2541 non
1569 2507 1724 2555 potest.

396 2596 400 2608 ¹
424 2595 440 2617 2
460 2587 525 2617 'siin
561 2597 605 2623 ιιι,
627 2587 666 2616 23
